timestamp,time,exchange,symbol,bid1_price,bid1_volume,bid2_price,bid2_volume,ask1_price,ask1_volume,ask2_price,ask2_volume
1753591882942,04:51:22.942,bitget,ACT/USDT:USDT,0.0458,433.0,0.04579,15568.0,0.04581,10000.0,0.04582,49020.0
1753591883543,04:51:23.543,bitget,ACT/USDT:USDT,0.0458,433.0,0.04579,15568.0,0.04581,10000.0,0.04582,49020.0
1753591883843,04:51:23.843,bitget,ACT/USDT:USDT,0.0458,433.0,0.04579,15568.0,0.04581,10000.0,0.04582,49020.0
1753591883993,04:51:23.993,bitget,ACT/USDT:USDT,0.0458,433.0,0.04579,15568.0,0.04581,10000.0,0.04582,49020.0
1753591884143,04:51:24.143,bitget,ACT/USDT:USDT,0.0458,433.0,0.04579,15568.0,0.04581,10000.0,0.04582,49020.0
1753591884293,04:51:24.293,bitget,ACT/USDT:USDT,0.0458,433.0,0.04579,15568.0,0.04581,10000.0,0.04582,49020.0
1753591885044,04:51:25.044,bitget,ACT/USDT:USDT,0.0458,433.0,0.04579,15568.0,0.04581,10000.0,0.04582,49020.0
1753591885494,04:51:25.494,bitget,ACT/USDT:USDT,0.0458,433.0,0.04579,15568.0,0.04581,10000.0,0.04582,50340.0
1753591886394,04:51:26.394,bitget,ACT/USDT:USDT,0.0458,433.0,0.04579,15568.0,0.04581,10000.0,0.04582,50340.0
1753591886845,04:51:26.845,bitget,ACT/USDT:USDT,0.0458,433.0,0.04579,15568.0,0.04581,10000.0,0.04582,50340.0
1753591887445,04:51:27.445,bitget,ACT/USDT:USDT,0.0458,433.0,0.04579,15568.0,0.04581,10000.0,0.04582,50340.0
1753591887896,04:51:27.896,bitget,ACT/USDT:USDT,0.0458,433.0,0.04579,15568.0,0.04581,10000.0,0.04582,50340.0
1753591888646,04:51:28.646,bitget,ACT/USDT:USDT,0.0458,433.0,0.04579,15568.0,0.04581,10000.0,0.04582,50340.0
1753591888796,04:51:28.796,bitget,ACT/USDT:USDT,0.0458,433.0,0.04579,15568.0,0.04581,10000.0,0.04582,50340.0
1753591889096,04:51:29.096,bitget,ACT/USDT:USDT,0.0458,433.0,0.04579,15568.0,0.04581,10000.0,0.04582,50340.0
1753591889697,04:51:29.697,bitget,ACT/USDT:USDT,0.0458,433.0,0.04579,15568.0,0.04581,10000.0,0.04582,50340.0
1753591889847,04:51:29.847,bitget,ACT/USDT:USDT,0.0458,433.0,0.04579,15568.0,0.04581,10000.0,0.04582,50340.0
1753591890447,04:51:30.447,bitget,ACT/USDT:USDT,0.0458,433.0,0.04579,15568.0,0.04581,10000.0,0.04582,50340.0
1753591890897,04:51:30.897,bitget,ACT/USDT:USDT,0.0458,433.0,0.04579,15568.0,0.04581,10000.0,0.04582,50340.0
1753591891197,04:51:31.197,bitget,ACT/USDT:USDT,0.0458,433.0,0.04579,15568.0,0.04581,10000.0,0.04582,50340.0
1753591891948,04:51:31.948,bitget,ACT/USDT:USDT,0.0458,1753.0,0.04579,15568.0,0.04582,49020.0,0.04583,64127.0
1753591892098,04:51:32.098,bitget,ACT/USDT:USDT,0.0458,1753.0,0.04579,15568.0,0.04582,49020.0,0.04583,64127.0
1753591892248,04:51:32.248,bitget,ACT/USDT:USDT,0.0458,1753.0,0.04579,15568.0,0.04581,10000.0,0.04582,49020.0
1753591892398,04:51:32.398,bitget,ACT/USDT:USDT,0.0458,1753.0,0.04579,15568.0,0.04581,10000.0,0.04582,49020.0
1753591892548,04:51:32.548,bitget,ACT/USDT:USDT,0.0458,1753.0,0.04579,15568.0,0.04581,10000.0,0.04582,49020.0
1753591892698,04:51:32.698,bitget,ACT/USDT:USDT,0.0458,1753.0,0.04579,15568.0,0.04581,10000.0,0.04582,49020.0
1753591892849,04:51:32.849,bitget,ACT/USDT:USDT,0.0458,1753.0,0.04579,15568.0,0.04581,10000.0,0.04582,49020.0
1753591892999,04:51:32.999,bitget,ACT/USDT:USDT,0.0458,1753.0,0.04579,15568.0,0.04581,10000.0,0.04582,49020.0
1753591893149,04:51:33.149,bitget,ACT/USDT:USDT,0.0458,1753.0,0.04579,15568.0,0.04581,10000.0,0.04582,49020.0
1753591893299,04:51:33.299,bitget,ACT/USDT:USDT,0.0458,1753.0,0.04579,15568.0,0.04581,10000.0,0.04582,49020.0
1753591893599,04:51:33.599,bitget,ACT/USDT:USDT,0.0458,1753.0,0.04579,48078.0,0.04582,49020.0,0.04583,64127.0
1753591893899,04:51:33.899,bitget,ACT/USDT:USDT,0.0458,11753.0,0.04579,48078.0,0.04582,49020.0,0.04583,64127.0
1753591894500,04:51:34.500,bitget,ACT/USDT:USDT,0.0458,11753.0,0.04579,48078.0,0.04582,49020.0,0.04583,64127.0
1753591895100,04:51:35.100,bitget,ACT/USDT:USDT,0.0458,11753.0,0.04579,48078.0,0.04582,49020.0,0.04583,64127.0
1753591895250,04:51:35.250,bitget,ACT/USDT:USDT,0.0458,11753.0,0.04579,48078.0,0.04582,49020.0,0.04583,64127.0
1753591895400,04:51:35.400,bitget,ACT/USDT:USDT,0.0458,11753.0,0.04579,48078.0,0.04582,49020.0,0.04583,64127.0
1753591897051,04:51:37.051,bitget,ACT/USDT:USDT,0.0458,10707.0,0.04579,46986.0,0.04582,32510.0,0.04583,64127.0
1753591897952,04:51:37.952,bitget,ACT/USDT:USDT,0.04581,433.0,0.0458,10274.0,0.04582,32510.0,0.04583,52754.0
1753591898402,04:51:38.402,bitget,ACT/USDT:USDT,0.04581,433.0,0.0458,10274.0,0.04582,32510.0,0.04583,52754.0
1753591898702,04:51:38.702,bitget,ACT/USDT:USDT,0.04581,433.0,0.0458,10274.0,0.04582,32510.0,0.04583,52754.0
1753591898852,04:51:38.852,bitget,ACT/USDT:USDT,0.04581,433.0,0.0458,10274.0,0.04582,32510.0,0.04583,52754.0
1753591899152,04:51:39.152,bitget,ACT/USDT:USDT,0.04581,433.0,0.0458,10274.0,0.04582,32510.0,0.04583,52754.0
1753591899753,04:51:39.753,bitget,ACT/USDT:USDT,0.04581,433.0,0.0458,10274.0,0.04583,52754.0,0.04584,56854.0
1753591899903,04:51:39.903,bitget,ACT/USDT:USDT,0.04581,433.0,0.0458,10274.0,0.04583,52754.0,0.04584,56854.0
1753591900053,04:51:40.053,bitget,ACT/USDT:USDT,0.04581,433.0,0.0458,10274.0,0.04583,52754.0,0.04584,56854.0
1753591900203,04:51:40.203,bitget,ACT/USDT:USDT,0.04581,10433.0,0.0458,20274.0,0.04583,52754.0,0.04584,56854.0
1753591900503,04:51:40.503,bitget,ACT/USDT:USDT,0.04581,10433.0,0.0458,20274.0,0.04583,52754.0,0.04584,56854.0
1753591900653,04:51:40.653,bitget,ACT/USDT:USDT,0.04581,10433.0,0.0458,20274.0,0.04583,52754.0,0.04584,56854.0
1753591900803,04:51:40.803,bitget,ACT/USDT:USDT,0.04581,10433.0,0.0458,20274.0,0.04583,52754.0,0.04584,56854.0
1753591900953,04:51:40.953,bitget,ACT/USDT:USDT,0.04582,433.0,0.04581,10000.0,0.04583,43237.0,0.04584,56854.0
1753591901104,04:51:41.104,bitget,ACT/USDT:USDT,0.04582,433.0,0.04581,10000.0,0.04583,43237.0,0.04584,56854.0
1753591901854,04:51:41.854,bitget,ACT/USDT:USDT,0.04582,433.0,0.04581,10000.0,0.04583,43237.0,0.04584,56854.0
1753591902004,04:51:42.004,bitget,ACT/USDT:USDT,0.04582,433.0,0.04581,10000.0,0.04583,43237.0,0.04584,56854.0
1753591902304,04:51:42.304,bitget,ACT/USDT:USDT,0.04582,433.0,0.04581,10000.0,0.04583,43237.0,0.04584,56854.0
1753591902454,04:51:42.454,bitget,ACT/USDT:USDT,0.04582,433.0,0.04581,10000.0,0.04583,43237.0,0.04584,58174.0
1753591902604,04:51:42.604,bitget,ACT/USDT:USDT,0.04582,433.0,0.04581,10000.0,0.04583,43237.0,0.04584,58174.0
1753591902755,04:51:42.755,bitget,ACT/USDT:USDT,0.04582,433.0,0.04581,10000.0,0.04583,43237.0,0.04584,58174.0
1753591902905,04:51:42.905,bitget,ACT/USDT:USDT,0.04582,433.0,0.04581,10000.0,0.04583,43237.0,0.04584,58174.0
1753591903055,04:51:43.055,bitget,ACT/USDT:USDT,0.04582,433.0,0.04581,10000.0,0.04583,43237.0,0.04584,58174.0
1753591903505,04:51:43.505,bitget,ACT/USDT:USDT,0.04582,433.0,0.04581,10000.0,0.04583,43237.0,0.04584,58174.0
1753591903655,04:51:43.655,bitget,ACT/USDT:USDT,0.04582,433.0,0.04581,10000.0,0.04583,43237.0,0.04584,58174.0
1753591903805,04:51:43.805,bitget,ACT/USDT:USDT,0.04582,433.0,0.04581,10000.0,0.04583,43237.0,0.04584,58174.0
1753591903955,04:51:43.955,bitget,ACT/USDT:USDT,0.04582,433.0,0.04581,10000.0,0.04583,43237.0,0.04584,58174.0
1753591904105,04:51:44.105,bitget,ACT/USDT:USDT,0.04582,433.0,0.04581,10000.0,0.04583,43237.0,0.04584,58174.0
1753591904856,04:51:44.856,bitget,ACT/USDT:USDT,0.04582,433.0,0.04581,10000.0,0.04583,43237.0,0.04584,58174.0
1753591905306,04:51:45.306,bitget,ACT/USDT:USDT,0.04582,433.0,0.04581,10000.0,0.04583,43237.0,0.04584,58174.0
1753591905606,04:51:45.606,bitget,ACT/USDT:USDT,0.04582,433.0,0.04581,10000.0,0.04583,43237.0,0.04584,58174.0
1753591906357,04:51:46.357,bitget,ACT/USDT:USDT,0.04582,433.0,0.04581,10000.0,0.04583,43237.0,0.04584,58174.0
1753591906507,04:51:46.507,bitget,ACT/USDT:USDT,0.04582,433.0,0.04581,10000.0,0.04583,43237.0,0.04584,58174.0
1753591906657,04:51:46.657,bitget,ACT/USDT:USDT,0.04582,433.0,0.04581,10000.0,0.04583,43237.0,0.04584,58174.0
1753591907107,04:51:47.107,bitget,ACT/USDT:USDT,0.04582,433.0,0.04581,10000.0,0.04583,43237.0,0.04584,58174.0
1753591907258,04:51:47.258,bitget,ACT/USDT:USDT,0.04582,433.0,0.04581,10000.0,0.04583,43237.0,0.04584,58174.0
1753591908158,04:51:48.158,bitget,ACT/USDT:USDT,0.04582,433.0,0.04581,10000.0,0.04583,43237.0,0.04584,58174.0
1753591908458,04:51:48.458,bitget,ACT/USDT:USDT,0.04582,433.0,0.04581,10000.0,0.04583,43237.0,0.04584,58174.0
1753591908758,04:51:48.758,bitget,ACT/USDT:USDT,0.04582,433.0,0.04581,10000.0,0.04583,43237.0,0.04584,58174.0
1753591908909,04:51:48.909,bitget,ACT/USDT:USDT,0.04582,433.0,0.04581,10000.0,0.04583,43237.0,0.04584,58174.0
1753591909359,04:51:49.359,bitget,ACT/USDT:USDT,0.04582,433.0,0.04581,10000.0,0.04583,43237.0,0.04584,58174.0
1753591909509,04:51:49.509,bitget,ACT/USDT:USDT,0.04582,433.0,0.04581,10000.0,0.04583,43237.0,0.04584,58174.0
1753591909659,04:51:49.659,bitget,ACT/USDT:USDT,0.04582,433.0,0.04581,10000.0,0.04583,43237.0,0.04584,58174.0
1753591909959,04:51:49.959,bitget,ACT/USDT:USDT,0.04582,433.0,0.04581,10000.0,0.04583,43237.0,0.04584,58174.0
1753591910109,04:51:50.109,bitget,ACT/USDT:USDT,0.04582,433.0,0.04581,10000.0,0.04583,43237.0,0.04584,58174.0
1753591910259,04:51:50.259,bitget,ACT/USDT:USDT,0.04582,433.0,0.04581,10000.0,0.04583,43237.0,0.04584,58174.0
1753591910409,04:51:50.409,bitget,ACT/USDT:USDT,0.04582,433.0,0.04581,10000.0,0.04583,43237.0,0.04584,58174.0
1753591910860,04:51:50.860,bitget,ACT/USDT:USDT,0.04582,433.0,0.04581,10000.0,0.04583,43237.0,0.04584,58174.0
1753591911160,04:51:51.160,bitget,ACT/USDT:USDT,0.04582,433.0,0.04581,10000.0,0.04583,43237.0,0.04584,58174.0
1753591911460,04:51:51.460,bitget,ACT/USDT:USDT,0.04582,433.0,0.04581,10000.0,0.04583,43237.0,0.04584,58174.0
1753591911760,04:51:51.760,bitget,ACT/USDT:USDT,0.04582,433.0,0.0458,63511.0,0.04583,43237.0,0.04584,58174.0
1753591911910,04:51:51.910,bitget,ACT/USDT:USDT,0.0458,54557.0,0.04579,46986.0,0.04583,43237.0,0.04584,58174.0
1753591912060,04:51:52.060,bitget,ACT/USDT:USDT,0.04581,433.0,0.0458,63511.0,0.04582,10000.0,0.04583,43237.0
1753591912511,04:51:52.511,bitget,ACT/USDT:USDT,0.04581,433.0,0.0458,63511.0,0.04582,10000.0,0.04583,43237.0
1753591912661,04:51:52.661,bitget,ACT/USDT:USDT,0.04581,433.0,0.0458,63511.0,0.04582,10000.0,0.04583,43237.0
1753591912811,04:51:52.811,bitget,ACT/USDT:USDT,0.04581,433.0,0.0458,63511.0,0.04582,10000.0,0.04583,43237.0
1753591913711,04:51:53.711,bitget,ACT/USDT:USDT,0.04581,433.0,0.0458,63511.0,0.04582,10000.0,0.04583,43237.0
1753591913861,04:51:53.861,bitget,ACT/USDT:USDT,0.04581,433.0,0.0458,63511.0,0.04582,10000.0,0.04583,43237.0
1753591914011,04:51:54.011,bitget,ACT/USDT:USDT,0.04581,433.0,0.0458,63511.0,0.04582,10000.0,0.04583,43237.0
1753591914312,04:51:54.312,bitget,ACT/USDT:USDT,0.04581,433.0,0.0458,63511.0,0.04582,10000.0,0.04583,43237.0
1753591914462,04:51:54.462,bitget,ACT/USDT:USDT,0.04581,433.0,0.0458,63511.0,0.04582,10000.0,0.04583,43237.0
1753591915212,04:51:55.212,bitget,ACT/USDT:USDT,0.04581,433.0,0.0458,63511.0,0.04582,10000.0,0.04583,43237.0
1753591915362,04:51:55.362,bitget,ACT/USDT:USDT,0.04581,433.0,0.0458,63511.0,0.04582,10000.0,0.04583,43237.0
1753591915512,04:51:55.512,bitget,ACT/USDT:USDT,0.04581,433.0,0.0458,63511.0,0.04582,10000.0,0.04583,43237.0
1753591916113,04:51:56.113,bitget,ACT/USDT:USDT,0.04581,433.0,0.0458,63511.0,0.04582,10000.0,0.04583,43237.0
1753591916263,04:51:56.263,bitget,ACT/USDT:USDT,0.04581,433.0,0.0458,63511.0,0.04582,10000.0,0.04583,43237.0
1753591916413,04:51:56.413,bitget,ACT/USDT:USDT,0.04581,433.0,0.0458,63511.0,0.04582,10000.0,0.04583,43237.0
1753591917463,04:51:57.463,bitget,ACT/USDT:USDT,0.04581,433.0,0.0458,63511.0,0.04582,10000.0,0.04583,43237.0
1753591917614,04:51:57.614,bitget,ACT/USDT:USDT,0.04581,433.0,0.0458,63511.0,0.04582,10000.0,0.04583,43237.0
1753591917764,04:51:57.764,bitget,ACT/USDT:USDT,0.04581,433.0,0.0458,63511.0,0.04582,10000.0,0.04583,43237.0
1753591918514,04:51:58.514,bitget,ACT/USDT:USDT,0.04581,433.0,0.0458,63511.0,0.04582,10000.0,0.04583,43237.0
1753591918664,04:51:58.664,bitget,ACT/USDT:USDT,0.04581,433.0,0.0458,63511.0,0.04582,10000.0,0.04583,43237.0
1753591918964,04:51:58.964,bitget,ACT/USDT:USDT,0.04581,433.0,0.0458,63511.0,0.04582,10000.0,0.04583,43237.0
1753591919114,04:51:59.114,bitget,ACT/USDT:USDT,0.04581,433.0,0.0458,63511.0,0.04582,10000.0,0.04583,43237.0
1753591919264,04:51:59.264,bitget,ACT/USDT:USDT,0.04581,433.0,0.0458,63511.0,0.04582,10000.0,0.04583,43237.0
1753591919715,04:51:59.715,bitget,ACT/USDT:USDT,0.04581,433.0,0.0458,63511.0,0.04582,10000.0,0.04583,43237.0
1753591919865,04:51:59.865,bitget,ACT/USDT:USDT,0.04581,433.0,0.0458,63511.0,0.04582,10000.0,0.04583,43237.0
1753591920015,04:52:00.015,bitget,ACT/USDT:USDT,0.04581,433.0,0.0458,63511.0,0.04582,10000.0,0.04583,43237.0
1753591920315,04:52:00.315,bitget,ACT/USDT:USDT,0.04581,433.0,0.0458,63511.0,0.04582,10000.0,0.04583,43237.0
1753591920465,04:52:00.465,bitget,ACT/USDT:USDT,0.04581,433.0,0.0458,63511.0,0.04582,10000.0,0.04583,43237.0
1753591920615,04:52:00.615,bitget,ACT/USDT:USDT,0.04581,433.0,0.0458,63511.0,0.04582,10000.0,0.04583,43237.0
1753591920915,04:52:00.915,bitget,ACT/USDT:USDT,0.04581,433.0,0.0458,63511.0,0.04582,10000.0,0.04583,43237.0
1753591921966,04:52:01.966,bitget,ACT/USDT:USDT,0.04581,10433.0,0.0458,62419.0,0.04583,32510.0,0.04584,58174.0
1753591922116,04:52:02.116,bitget,ACT/USDT:USDT,0.04581,26001.0,0.0458,62419.0,0.04583,32510.0,0.04584,58174.0
1753591922266,04:52:02.266,bitget,ACT/USDT:USDT,0.04581,26001.0,0.0458,62419.0,0.04583,32510.0,0.04584,58174.0
1753591922566,04:52:02.566,bitget,ACT/USDT:USDT,0.04581,433.0,0.0458,62419.0,0.04583,32510.0,0.04584,58174.0
1753591922867,04:52:02.867,bitget,ACT/USDT:USDT,0.04581,433.0,0.0458,62419.0,0.04583,32510.0,0.04584,58174.0
1753591923017,04:52:03.017,bitget,ACT/USDT:USDT,0.04581,433.0,0.0458,62419.0,0.04583,32510.0,0.04584,58174.0
1753591923317,04:52:03.317,bitget,ACT/USDT:USDT,0.04581,433.0,0.0458,62419.0,0.04583,32510.0,0.04584,58174.0
1753591923467,04:52:03.467,bitget,ACT/USDT:USDT,0.04581,433.0,0.0458,62419.0,0.04583,32510.0,0.04584,58174.0
1753591923617,04:52:03.617,bitget,ACT/USDT:USDT,0.04581,433.0,0.0458,62419.0,0.04583,32510.0,0.04584,58174.0
1753591923767,04:52:03.767,bitget,ACT/USDT:USDT,0.04581,433.0,0.0458,62419.0,0.04583,32510.0,0.04584,58174.0
1753591924668,04:52:04.668,bitget,ACT/USDT:USDT,0.04581,10433.0,0.0458,62419.0,0.04583,32510.0,0.04584,58174.0
1753591924818,04:52:04.818,bitget,ACT/USDT:USDT,0.04581,10433.0,0.0458,62419.0,0.04583,32510.0,0.04584,58174.0
1753591925118,04:52:05.118,bitget,ACT/USDT:USDT,0.04581,10433.0,0.0458,62419.0,0.04583,32510.0,0.04584,58174.0
1753591925268,04:52:05.268,bitget,ACT/USDT:USDT,0.04581,10433.0,0.0458,62419.0,0.04583,32510.0,0.04584,58174.0
1753591925568,04:52:05.568,bitget,ACT/USDT:USDT,0.04581,10433.0,0.0458,62419.0,0.04583,32510.0,0.04584,58174.0
1753591925868,04:52:05.868,bitget,ACT/USDT:USDT,0.04581,10433.0,0.0458,62419.0,0.04583,32510.0,0.04584,58174.0
1753591926018,04:52:06.018,bitget,ACT/USDT:USDT,0.04581,10433.0,0.0458,62419.0,0.04583,32510.0,0.04584,58174.0
1753591926319,04:52:06.319,bitget,ACT/USDT:USDT,0.04581,10433.0,0.0458,62419.0,0.04583,32510.0,0.04584,58174.0
1753591926469,04:52:06.469,bitget,ACT/USDT:USDT,0.04581,10433.0,0.0458,62419.0,0.04583,32510.0,0.04584,58174.0
1753591927069,04:52:07.069,bitget,ACT/USDT:USDT,0.04581,10433.0,0.0458,62419.0,0.04583,32510.0,0.04584,58174.0
1753591927219,04:52:07.219,bitget,ACT/USDT:USDT,0.04581,10433.0,0.0458,62419.0,0.04583,32510.0,0.04584,58174.0
1753591927369,04:52:07.369,bitget,ACT/USDT:USDT,0.04581,10433.0,0.0458,62419.0,0.04583,32510.0,0.04584,58174.0
1753591927669,04:52:07.669,bitget,ACT/USDT:USDT,0.04581,10433.0,0.0458,62419.0,0.04583,32510.0,0.04584,58174.0
1753591928120,04:52:08.120,bitget,ACT/USDT:USDT,0.04581,10433.0,0.0458,62419.0,0.04583,32510.0,0.04584,58174.0
1753591928270,04:52:08.270,bitget,ACT/USDT:USDT,0.04581,10433.0,0.0458,62419.0,0.04583,32510.0,0.04584,58174.0
1753591928570,04:52:08.570,bitget,ACT/USDT:USDT,0.04581,10433.0,0.0458,62419.0,0.04583,32510.0,0.04584,58174.0
1753591928720,04:52:08.720,bitget,ACT/USDT:USDT,0.04581,10433.0,0.0458,62419.0,0.04583,32510.0,0.04584,58174.0
1753591929020,04:52:09.020,bitget,ACT/USDT:USDT,0.04581,10433.0,0.0458,62419.0,0.04583,32510.0,0.04584,58174.0
1753591929170,04:52:09.170,bitget,ACT/USDT:USDT,0.04581,10433.0,0.0458,62419.0,0.04583,32510.0,0.04584,58174.0
1753591929320,04:52:09.320,bitget,ACT/USDT:USDT,0.04581,10433.0,0.0458,62419.0,0.04583,32510.0,0.04584,58174.0
1753591929470,04:52:09.470,bitget,ACT/USDT:USDT,0.04581,10433.0,0.0458,62419.0,0.04583,32510.0,0.04584,58174.0
1753591929621,04:52:09.621,bitget,ACT/USDT:USDT,0.04581,10433.0,0.0458,62419.0,0.04583,32510.0,0.04584,58174.0
1753591929921,04:52:09.921,bitget,ACT/USDT:USDT,0.04581,10433.0,0.0458,62419.0,0.04583,32510.0,0.04584,58174.0
1753591930071,04:52:10.071,bitget,ACT/USDT:USDT,0.04581,10433.0,0.0458,62419.0,0.04583,32510.0,0.04584,58174.0
1753591930221,04:52:10.221,bitget,ACT/USDT:USDT,0.04581,10433.0,0.0458,62419.0,0.04583,32510.0,0.04584,58174.0
1753591930521,04:52:10.521,bitget,ACT/USDT:USDT,0.04581,10433.0,0.0458,62419.0,0.04583,32510.0,0.04584,58174.0
1753591930971,04:52:10.971,bitget,ACT/USDT:USDT,0.04581,10433.0,0.0458,62419.0,0.04583,32510.0,0.04584,58174.0
1753591931121,04:52:11.121,bitget,ACT/USDT:USDT,0.04581,10000.0,0.0458,62419.0,0.04583,32510.0,0.04584,58174.0
1753591931271,04:52:11.271,bitget,ACT/USDT:USDT,0.04582,433.0,0.04581,10000.0,0.04583,32510.0,0.04584,58174.0
1753591931422,04:52:11.422,bitget,ACT/USDT:USDT,0.04582,433.0,0.04581,10000.0,0.04583,32510.0,0.04584,58174.0
1753591931572,04:52:11.572,bitget,ACT/USDT:USDT,0.04582,433.0,0.04581,25568.0,0.04583,32510.0,0.04584,58174.0
1753591931722,04:52:11.722,bitget,ACT/USDT:USDT,0.04582,433.0,0.04581,25568.0,0.04584,58174.0,0.04585,64786.0
1753591931872,04:52:11.872,bitget,ACT/USDT:USDT,0.04582,433.0,0.04581,25568.0,0.04583,10000.0,0.04584,56854.0
1753591932172,04:52:12.172,bitget,ACT/USDT:USDT,0.04582,433.0,0.04581,25568.0,0.04583,10000.0,0.04584,56854.0
1753591932322,04:52:12.322,bitget,ACT/USDT:USDT,0.04582,433.0,0.04581,25568.0,0.04583,10000.0,0.04584,56854.0
1753591932772,04:52:12.772,bitget,ACT/USDT:USDT,0.04582,433.0,0.04581,25568.0,0.04583,10000.0,0.04584,58174.0
1753591932922,04:52:12.922,bitget,ACT/USDT:USDT,0.04582,433.0,0.04581,25568.0,0.04583,10000.0,0.04584,58174.0
1753591933673,04:52:13.673,bitget,ACT/USDT:USDT,0.04582,433.0,0.04581,25568.0,0.04583,10000.0,0.04584,58174.0
1753591933823,04:52:13.823,bitget,ACT/USDT:USDT,0.04582,433.0,0.04581,25568.0,0.04583,10000.0,0.04584,58174.0
1753591933973,04:52:13.973,bitget,ACT/USDT:USDT,0.04582,433.0,0.04581,25568.0,0.04583,10000.0,0.04584,58174.0
1753591934123,04:52:14.123,bitget,ACT/USDT:USDT,0.04582,433.0,0.04581,25568.0,0.04583,10000.0,0.04584,58174.0
1753591934273,04:52:14.273,bitget,ACT/USDT:USDT,0.04582,433.0,0.04581,25568.0,0.04583,10000.0,0.04584,58174.0
1753591934573,04:52:14.573,bitget,ACT/USDT:USDT,0.04582,433.0,0.04581,25568.0,0.04583,10000.0,0.04584,58174.0
1753591934723,04:52:14.723,bitget,ACT/USDT:USDT,0.04582,433.0,0.04581,25568.0,0.04583,10000.0,0.04584,58174.0
1753591934874,04:52:14.874,bitget,ACT/USDT:USDT,0.04582,433.0,0.04581,25568.0,0.04583,10000.0,0.04584,58174.0
1753591935174,04:52:15.174,bitget,ACT/USDT:USDT,0.04582,433.0,0.04581,25568.0,0.04583,10000.0,0.04584,58174.0
1753591935324,04:52:15.324,bitget,ACT/USDT:USDT,0.04582,433.0,0.04581,25568.0,0.04583,10000.0,0.04584,58174.0
1753591935474,04:52:15.474,bitget,ACT/USDT:USDT,0.04582,433.0,0.04581,25568.0,0.04583,10000.0,0.04584,58174.0
1753591935624,04:52:15.624,bitget,ACT/USDT:USDT,0.04582,433.0,0.04581,25568.0,0.04583,10000.0,0.04584,58174.0
1753591935774,04:52:15.774,bitget,ACT/USDT:USDT,0.04582,433.0,0.04581,25568.0,0.04583,10000.0,0.04584,58174.0
1753591935924,04:52:15.924,bitget,ACT/USDT:USDT,0.04582,433.0,0.04581,25568.0,0.04583,10000.0,0.04584,58174.0
1753591936224,04:52:16.224,bitget,ACT/USDT:USDT,0.04582,433.0,0.04581,25568.0,0.04583,10000.0,0.04584,58174.0
1753591936825,04:52:16.825,bitget,ACT/USDT:USDT,0.04582,433.0,0.04581,25568.0,0.04583,10000.0,0.04584,58174.0
1753591936975,04:52:16.975,bitget,ACT/USDT:USDT,0.04582,433.0,0.04581,25568.0,0.04583,10000.0,0.04584,58174.0
1753591937125,04:52:17.125,bitget,ACT/USDT:USDT,0.04582,433.0,0.04581,25568.0,0.04583,10000.0,0.04584,58174.0
1753591937275,04:52:17.275,bitget,ACT/USDT:USDT,0.04582,433.0,0.04581,25568.0,0.04583,10000.0,0.04584,58174.0
1753591937725,04:52:17.725,bitget,ACT/USDT:USDT,0.04582,433.0,0.04581,25568.0,0.04583,10000.0,0.04584,58174.0
1753591937875,04:52:17.875,bitget,ACT/USDT:USDT,0.04582,433.0,0.04581,25568.0,0.04583,10000.0,0.04584,58174.0
1753591938926,04:52:18.926,bitget,ACT/USDT:USDT,0.04582,433.0,0.04581,25568.0,0.04583,10000.0,0.04584,58174.0
1753591939076,04:52:19.076,bitget,ACT/USDT:USDT,0.04582,433.0,0.04581,25568.0,0.04583,10000.0,0.04584,58174.0
1753591939376,04:52:19.376,bitget,ACT/USDT:USDT,0.04582,433.0,0.04581,25568.0,0.04583,10000.0,0.04584,58174.0
1753591939676,04:52:19.676,bitget,ACT/USDT:USDT,0.04582,433.0,0.04581,25568.0,0.04583,10000.0,0.04584,58174.0
1753591939826,04:52:19.826,bitget,ACT/USDT:USDT,0.04582,433.0,0.04581,25568.0,0.04583,10000.0,0.04584,58174.0
1753591939977,04:52:19.977,bitget,ACT/USDT:USDT,0.04582,433.0,0.04581,25568.0,0.04583,10000.0,0.04584,58174.0
1753591940127,04:52:20.127,bitget,ACT/USDT:USDT,0.04582,433.0,0.04581,25568.0,0.04583,10000.0,0.04584,58174.0
1753591940277,04:52:20.277,bitget,ACT/USDT:USDT,0.04582,433.0,0.04581,25568.0,0.04583,10000.0,0.04584,58174.0
1753591940427,04:52:20.427,bitget,ACT/USDT:USDT,0.04582,433.0,0.04581,25568.0,0.04583,10000.0,0.04584,58174.0
1753591940577,04:52:20.577,bitget,ACT/USDT:USDT,0.04582,433.0,0.04581,25568.0,0.04583,10000.0,0.04584,58174.0
1753591940727,04:52:20.727,bitget,ACT/USDT:USDT,0.04582,433.0,0.04581,25568.0,0.04583,10000.0,0.04584,58174.0
1753591941327,04:52:21.327,bitget,ACT/USDT:USDT,0.04582,433.0,0.04581,25568.0,0.04583,10000.0,0.04584,58174.0
1753591941478,04:52:21.478,bitget,ACT/USDT:USDT,0.04582,433.0,0.04581,25568.0,0.04583,10000.0,0.04584,58174.0
1753591941928,04:52:21.928,bitget,ACT/USDT:USDT,0.04582,433.0,0.04581,25568.0,0.04583,10000.0,0.04584,58174.0
1753591942078,04:52:22.078,bitget,ACT/USDT:USDT,0.04582,433.0,0.04581,25568.0,0.04583,10000.0,0.04584,58174.0
1753591942228,04:52:22.228,bitget,ACT/USDT:USDT,0.04582,433.0,0.04581,25568.0,0.04583,10000.0,0.04584,58174.0
1753591942378,04:52:22.378,bitget,ACT/USDT:USDT,0.04582,433.0,0.04581,25568.0,0.04583,10000.0,0.04584,58174.0
1753591942528,04:52:22.528,bitget,ACT/USDT:USDT,0.04582,433.0,0.04581,25568.0,0.04583,10000.0,0.04584,58174.0
1753591942678,04:52:22.678,bitget,ACT/USDT:USDT,0.04582,433.0,0.04581,25568.0,0.04583,10000.0,0.04584,58174.0
1753591942978,04:52:22.978,bitget,ACT/USDT:USDT,0.04582,433.0,0.04581,25568.0,0.04583,10000.0,0.04584,58174.0
1753591943129,04:52:23.129,bitget,ACT/USDT:USDT,0.04582,433.0,0.04581,25568.0,0.04583,10000.0,0.04584,58174.0
1753591943279,04:52:23.279,bitget,ACT/USDT:USDT,0.04582,1753.0,0.04581,56986.0,0.04584,45481.0,0.04585,76159.0
1753591943429,04:52:23.429,bitget,ACT/USDT:USDT,0.04582,1753.0,0.04581,56986.0,0.04584,45481.0,0.04585,64363.0
1753591943729,04:52:23.729,bitget,ACT/USDT:USDT,0.04582,11753.0,0.04581,56986.0,0.04584,45481.0,0.04585,64363.0
1753591944179,04:52:24.179,bitget,ACT/USDT:USDT,0.04582,11753.0,0.04581,56986.0,0.04584,45481.0,0.04585,64363.0
1753591944329,04:52:24.329,bitget,ACT/USDT:USDT,0.04582,11753.0,0.04581,56986.0,0.04584,45481.0,0.04585,64363.0
1753591944479,04:52:24.479,bitget,ACT/USDT:USDT,0.04582,11753.0,0.04581,56986.0,0.04584,45481.0,0.04585,64363.0
1753591944629,04:52:24.629,bitget,ACT/USDT:USDT,0.04582,11753.0,0.04581,56986.0,0.04584,45481.0,0.04585,64363.0
1753591944780,04:52:24.780,bitget,ACT/USDT:USDT,0.04582,11753.0,0.04581,56986.0,0.04584,45481.0,0.04585,64363.0
1753591945230,04:52:25.230,bitget,ACT/USDT:USDT,0.04582,11753.0,0.04581,56986.0,0.04584,45481.0,0.04585,64363.0
1753591945380,04:52:25.380,bitget,ACT/USDT:USDT,0.04582,11753.0,0.04581,56986.0,0.04584,45481.0,0.04585,64363.0
1753591945530,04:52:25.530,bitget,ACT/USDT:USDT,0.04582,11753.0,0.04581,56986.0,0.04584,45481.0,0.04585,64363.0
1753591945680,04:52:25.680,bitget,ACT/USDT:USDT,0.04582,11753.0,0.04581,56986.0,0.04584,45481.0,0.04585,64363.0
1753591945830,04:52:25.830,bitget,ACT/USDT:USDT,0.04582,11753.0,0.04581,56986.0,0.04584,45481.0,0.04585,64363.0
1753591945980,04:52:25.980,bitget,ACT/USDT:USDT,0.04582,11753.0,0.04581,56986.0,0.04584,45481.0,0.04585,64363.0
1753591946281,04:52:26.281,bitget,ACT/USDT:USDT,0.04582,11753.0,0.04581,56986.0,0.04584,45481.0,0.04585,64363.0
1753591946731,04:52:26.731,bitget,ACT/USDT:USDT,0.04582,23706.0,0.04581,56986.0,0.04584,32510.0,0.04585,64363.0
1753591946881,04:52:26.881,bitget,ACT/USDT:USDT,0.04582,23706.0,0.04581,56986.0,0.04584,32510.0,0.04585,64363.0
1753591947031,04:52:27.031,bitget,ACT/USDT:USDT,0.04582,23706.0,0.04581,56986.0,0.04584,32510.0,0.04585,64363.0
1753591947181,04:52:27.181,bitget,ACT/USDT:USDT,0.04582,23706.0,0.04581,56986.0,0.04584,32510.0,0.04585,64363.0
1753591947331,04:52:27.331,bitget,ACT/USDT:USDT,0.04582,23706.0,0.04581,56986.0,0.04584,32510.0,0.04585,64363.0
1753591947481,04:52:27.481,bitget,ACT/USDT:USDT,0.04582,23706.0,0.04581,56986.0,0.04584,32510.0,0.04585,64363.0
1753591948682,04:52:28.682,bitget,ACT/USDT:USDT,0.04582,10433.0,0.04581,24476.0,0.04584,32510.0,0.04585,64363.0
1753591948832,04:52:28.832,bitget,ACT/USDT:USDT,0.04582,10433.0,0.04581,24476.0,0.04584,32510.0,0.04585,64363.0
1753591948982,04:52:28.982,bitget,ACT/USDT:USDT,0.04582,10433.0,0.04581,24476.0,0.04584,32510.0,0.04585,64363.0
1753591949132,04:52:29.132,bitget,ACT/USDT:USDT,0.04582,10433.0,0.04581,24476.0,0.04584,32510.0,0.04585,64363.0
1753591949282,04:52:29.282,bitget,ACT/USDT:USDT,0.04582,10433.0,0.04581,24476.0,0.04584,32510.0,0.04585,64363.0
1753591949432,04:52:29.432,bitget,ACT/USDT:USDT,0.04582,10433.0,0.04581,24476.0,0.04584,32510.0,0.04585,64363.0
1753591950783,04:52:30.783,bitget,ACT/USDT:USDT,0.0458,51099.0,0.04579,46986.0,0.04582,10237.0,0.04583,42510.0
1753591950933,04:52:30.933,bitget,ACT/USDT:USDT,0.0458,51099.0,0.04579,46986.0,0.04582,10237.0,0.04583,42510.0
1753591951234,04:52:31.234,bitget,ACT/USDT:USDT,0.0458,52419.0,0.04579,46986.0,0.04582,237.0,0.04583,42510.0
1753591952134,04:52:32.134,bitget,ACT/USDT:USDT,0.04581,433.0,0.0458,52419.0,0.04582,10237.0,0.04583,42510.0
1753591952735,04:52:32.735,bitget,ACT/USDT:USDT,0.04581,433.0,0.0458,52419.0,0.04582,10237.0,0.04583,42510.0
1753591953185,04:52:33.185,bitget,ACT/USDT:USDT,0.04581,433.0,0.0458,52419.0,0.04582,10237.0,0.04583,42510.0
1753591953335,04:52:33.335,bitget,ACT/USDT:USDT,0.04581,433.0,0.0458,52419.0,0.04582,10237.0,0.04583,42510.0
1753591953635,04:52:33.635,bitget,ACT/USDT:USDT,0.04581,433.0,0.0458,52419.0,0.04582,10237.0,0.04583,42510.0
1753591953785,04:52:33.785,bitget,ACT/USDT:USDT,0.04581,433.0,0.0458,52419.0,0.04582,10237.0,0.04583,42510.0
1753591954085,04:52:34.085,bitget,ACT/USDT:USDT,0.04581,433.0,0.0458,52419.0,0.04582,10237.0,0.04583,42510.0
1753591954235,04:52:34.235,bitget,ACT/USDT:USDT,0.04581,433.0,0.0458,52419.0,0.04582,10237.0,0.04583,42510.0
1753591954536,04:52:34.536,bitget,ACT/USDT:USDT,0.04581,433.0,0.0458,52419.0,0.04582,10237.0,0.04583,42510.0
1753591954686,04:52:34.686,bitget,ACT/USDT:USDT,0.04581,433.0,0.0458,52419.0,0.04582,10237.0,0.04583,42510.0
1753591954836,04:52:34.836,bitget,ACT/USDT:USDT,0.04581,433.0,0.0458,52419.0,0.04582,10237.0,0.04583,42510.0
1753591954986,04:52:34.986,bitget,ACT/USDT:USDT,0.04581,433.0,0.0458,52419.0,0.04582,10237.0,0.04583,42510.0
1753591955136,04:52:35.136,bitget,ACT/USDT:USDT,0.04581,433.0,0.0458,52419.0,0.04582,10237.0,0.04583,42510.0
1753591955286,04:52:35.286,bitget,ACT/USDT:USDT,0.04581,433.0,0.0458,52419.0,0.04582,10237.0,0.04583,42510.0
1753591955586,04:52:35.586,bitget,ACT/USDT:USDT,0.04581,433.0,0.0458,52419.0,0.04582,10237.0,0.04583,42510.0
1753591955736,04:52:35.736,bitget,ACT/USDT:USDT,0.04581,433.0,0.0458,52419.0,0.04582,10237.0,0.04583,42510.0
1753591955887,04:52:35.887,bitget,ACT/USDT:USDT,0.04581,433.0,0.0458,52419.0,0.04582,10237.0,0.04583,42510.0
1753591956037,04:52:36.037,bitget,ACT/USDT:USDT,0.04581,433.0,0.0458,52419.0,0.04582,10237.0,0.04583,42510.0
1753591956487,04:52:36.487,bitget,ACT/USDT:USDT,0.04581,433.0,0.0458,52419.0,0.04582,10237.0,0.04583,42510.0
1753591956637,04:52:36.637,bitget,ACT/USDT:USDT,0.04581,433.0,0.0458,52419.0,0.04582,10237.0,0.04583,42510.0
1753591957087,04:52:37.087,bitget,ACT/USDT:USDT,0.04581,433.0,0.0458,52419.0,0.04582,10237.0,0.04583,42510.0
1753591957688,04:52:37.688,bitget,ACT/USDT:USDT,0.04581,433.0,0.0458,52419.0,0.04582,10237.0,0.04583,42510.0
1753591957838,04:52:37.838,bitget,ACT/USDT:USDT,0.04581,433.0,0.0458,52419.0,0.04582,10237.0,0.04583,42510.0
1753591958588,04:52:38.588,bitget,ACT/USDT:USDT,0.04581,433.0,0.0458,52419.0,0.04582,10237.0,0.04583,42510.0
1753591958889,04:52:38.889,bitget,ACT/USDT:USDT,0.04581,433.0,0.0458,52419.0,0.04582,10237.0,0.04583,42510.0
1753591959339,04:52:39.339,bitget,ACT/USDT:USDT,0.04581,433.0,0.0458,52419.0,0.04582,10237.0,0.04583,42510.0
1753591959489,04:52:39.489,bitget,ACT/USDT:USDT,0.04581,433.0,0.0458,52419.0,0.04582,10237.0,0.04583,42510.0
1753591959789,04:52:39.789,bitget,ACT/USDT:USDT,0.04581,433.0,0.0458,52419.0,0.04582,237.0,0.04583,42510.0
1753591959939,04:52:39.939,bitget,ACT/USDT:USDT,0.04581,2159.0,0.0458,52419.0,0.04582,237.0,0.04583,10000.0
1753591960540,04:52:40.540,bitget,ACT/USDT:USDT,0.04581,24727.0,0.0458,52419.0,0.04583,10000.0,0.04584,48893.0
1753591960690,04:52:40.690,bitget,ACT/USDT:USDT,0.04581,24727.0,0.0458,52419.0,0.04583,42510.0,0.04584,48893.0
1753591960840,04:52:40.840,bitget,ACT/USDT:USDT,0.04581,24727.0,0.0458,52419.0,0.04583,42510.0,0.04584,48893.0
1753591961140,04:52:41.140,bitget,ACT/USDT:USDT,0.04581,24727.0,0.0458,52419.0,0.04583,42510.0,0.04584,48893.0
1753591961440,04:52:41.440,bitget,ACT/USDT:USDT,0.04581,24727.0,0.0458,52419.0,0.04583,42510.0,0.04584,48893.0
1753591961590,04:52:41.590,bitget,ACT/USDT:USDT,0.04581,13001.0,0.0458,52419.0,0.04583,42510.0,0.04584,48893.0
1753591961890,04:52:41.890,bitget,ACT/USDT:USDT,0.04581,13001.0,0.0458,52419.0,0.04583,42510.0,0.04584,48893.0
1753591962041,04:52:42.041,bitget,ACT/USDT:USDT,0.04581,13001.0,0.0458,52419.0,0.04583,42510.0,0.04584,48893.0
1753591962191,04:52:42.191,bitget,ACT/USDT:USDT,0.04581,13001.0,0.0458,52419.0,0.04583,42510.0,0.04584,48893.0
1753591962341,04:52:42.341,bitget,ACT/USDT:USDT,0.04581,13001.0,0.0458,52419.0,0.04583,42510.0,0.04584,48893.0
1753591962491,04:52:42.491,bitget,ACT/USDT:USDT,0.04581,23001.0,0.0458,52419.0,0.04583,42510.0,0.04584,48893.0
1753591963091,04:52:43.091,bitget,ACT/USDT:USDT,0.04581,23001.0,0.0458,52419.0,0.04583,42510.0,0.04584,48893.0
1753591963391,04:52:43.391,bitget,ACT/USDT:USDT,0.04581,23001.0,0.0458,52419.0,0.04583,42510.0,0.04584,48893.0
1753591963541,04:52:43.541,bitget,ACT/USDT:USDT,0.04581,23001.0,0.0458,52419.0,0.04583,42510.0,0.04584,48893.0
1753591963692,04:52:43.692,bitget,ACT/USDT:USDT,0.04581,23001.0,0.0458,52419.0,0.04583,42510.0,0.04584,48893.0
1753591963842,04:52:43.842,bitget,ACT/USDT:USDT,0.04581,23001.0,0.0458,52419.0,0.04583,42510.0,0.04584,48893.0
1753591964142,04:52:44.142,bitget,ACT/USDT:USDT,0.04581,23001.0,0.0458,52419.0,0.04583,42510.0,0.04584,48893.0
1753591964292,04:52:44.292,bitget,ACT/USDT:USDT,0.04581,23001.0,0.0458,52419.0,0.04583,42510.0,0.04584,48893.0
1753591965042,04:52:45.042,bitget,ACT/USDT:USDT,0.04581,23001.0,0.0458,52419.0,0.04583,42510.0,0.04584,48893.0
1753591965193,04:52:45.193,bitget,ACT/USDT:USDT,0.04581,23001.0,0.0458,52419.0,0.04583,42510.0,0.04584,48893.0
1753591965493,04:52:45.493,bitget,ACT/USDT:USDT,0.04581,23001.0,0.0458,52419.0,0.04583,42510.0,0.04584,48893.0
1753591965793,04:52:45.793,bitget,ACT/USDT:USDT,0.04581,23001.0,0.0458,52419.0,0.04583,42510.0,0.04584,48893.0
1753591965943,04:52:45.943,bitget,ACT/USDT:USDT,0.04581,23001.0,0.0458,52419.0,0.04583,42510.0,0.04584,48893.0
1753591966393,04:52:46.393,bitget,ACT/USDT:USDT,0.04581,23001.0,0.0458,52419.0,0.04583,42510.0,0.04584,48893.0
1753591966543,04:52:46.543,bitget,ACT/USDT:USDT,0.04581,23001.0,0.0458,52419.0,0.04583,42510.0,0.04584,48893.0
1753591966694,04:52:46.694,bitget,ACT/USDT:USDT,0.04581,23001.0,0.0458,52419.0,0.04583,10000.0,0.04584,48893.0
1753591966844,04:52:46.844,bitget,ACT/USDT:USDT,0.04581,23001.0,0.0458,52419.0,0.04583,10000.0,0.04584,48893.0
1753591967144,04:52:47.144,bitget,ACT/USDT:USDT,0.04581,23001.0,0.0458,52419.0,0.04583,10000.0,0.04584,48893.0
1753591967444,04:52:47.444,bitget,ACT/USDT:USDT,0.04581,23001.0,0.0458,52419.0,0.04583,10000.0,0.04584,48893.0
1753591967594,04:52:47.594,bitget,ACT/USDT:USDT,0.04581,23001.0,0.0458,52419.0,0.04583,10000.0,0.04584,48893.0
1753591967744,04:52:47.744,bitget,ACT/USDT:USDT,0.04581,23001.0,0.0458,52419.0,0.04583,10000.0,0.04584,48893.0
1753591967894,04:52:47.894,bitget,ACT/USDT:USDT,0.04581,23001.0,0.0458,52419.0,0.04583,10000.0,0.04584,48893.0
1753591968044,04:52:48.044,bitget,ACT/USDT:USDT,0.04581,23001.0,0.0458,52419.0,0.04583,10000.0,0.04584,48893.0
1753591968194,04:52:48.194,bitget,ACT/USDT:USDT,0.04582,433.0,0.04581,22568.0,0.04584,48893.0,0.04585,64363.0
1753591968345,04:52:48.345,bitget,ACT/USDT:USDT,0.04582,433.0,0.04581,21476.0,0.04584,48893.0,0.04585,64363.0
1753591968795,04:52:48.795,bitget,ACT/USDT:USDT,0.04582,10433.0,0.04581,21476.0,0.04584,48893.0,0.04585,64363.0
1753591969095,04:52:49.095,bitget,ACT/USDT:USDT,0.04582,10433.0,0.04581,21476.0,0.04584,48893.0,0.04585,64363.0
1753591969245,04:52:49.245,bitget,ACT/USDT:USDT,0.04582,10433.0,0.04581,21476.0,0.04584,48893.0,0.04585,64363.0
1753591969395,04:52:49.395,bitget,ACT/USDT:USDT,0.04582,10433.0,0.04581,21476.0,0.04584,48893.0,0.04585,64363.0
1753591969545,04:52:49.545,bitget,ACT/USDT:USDT,0.04582,10433.0,0.04581,21476.0,0.04584,48893.0,0.04585,64363.0
1753591969695,04:52:49.695,bitget,ACT/USDT:USDT,0.04582,10433.0,0.04581,21476.0,0.04584,48893.0,0.04585,64363.0
1753591969846,04:52:49.846,bitget,ACT/USDT:USDT,0.04582,10433.0,0.04581,21476.0,0.04584,48893.0,0.04585,64363.0
1753591969996,04:52:49.996,bitget,ACT/USDT:USDT,0.04582,10433.0,0.04581,21476.0,0.04584,48893.0,0.04585,64363.0
1753591970596,04:52:50.596,bitget,ACT/USDT:USDT,0.04582,11753.0,0.04581,21476.0,0.04584,48893.0,0.04585,64363.0
1753591970746,04:52:50.746,bitget,ACT/USDT:USDT,0.04582,11753.0,0.04581,21476.0,0.04584,48893.0,0.04585,64363.0
1753591970896,04:52:50.896,bitget,ACT/USDT:USDT,0.04582,11753.0,0.04581,21476.0,0.04584,48893.0,0.04585,64363.0
1753591971046,04:52:51.046,bitget,ACT/USDT:USDT,0.04582,11753.0,0.04581,21476.0,0.04584,48893.0,0.04585,64363.0
1753591971196,04:52:51.196,bitget,ACT/USDT:USDT,0.04582,11753.0,0.04581,21476.0,0.04584,48893.0,0.04585,64363.0
1753591971347,04:52:51.347,bitget,ACT/USDT:USDT,0.04582,11753.0,0.04581,21476.0,0.04584,48893.0,0.04585,64363.0
1753591971497,04:52:51.497,bitget,ACT/USDT:USDT,0.04582,11753.0,0.04581,21476.0,0.04584,48893.0,0.04585,64363.0
1753591971647,04:52:51.647,bitget,ACT/USDT:USDT,0.04582,11753.0,0.04581,21476.0,0.04584,48893.0,0.04585,64363.0
1753591971797,04:52:51.797,bitget,ACT/USDT:USDT,0.04582,11753.0,0.04581,21476.0,0.04584,48893.0,0.04585,64363.0
1753591971947,04:52:51.947,bitget,ACT/USDT:USDT,0.04582,11753.0,0.04581,21476.0,0.04584,48893.0,0.04585,64363.0
1753591972097,04:52:52.097,bitget,ACT/USDT:USDT,0.04582,11753.0,0.04581,21476.0,0.04584,48893.0,0.04585,64363.0
1753591972397,04:52:52.397,bitget,ACT/USDT:USDT,0.04582,11320.0,0.04581,53986.0,0.04584,32510.0,0.04585,64363.0
1753591972547,04:52:52.547,bitget,ACT/USDT:USDT,0.04582,23273.0,0.04581,53986.0,0.04584,32510.0,0.04585,64363.0
1753591972998,04:52:52.998,bitget,ACT/USDT:USDT,0.04582,23273.0,0.04581,53986.0,0.04584,32510.0,0.04585,64363.0
1753591973298,04:52:53.298,bitget,ACT/USDT:USDT,0.04582,23273.0,0.04581,53986.0,0.04584,32510.0,0.04585,64363.0
1753591973448,04:52:53.448,bitget,ACT/USDT:USDT,0.04582,23273.0,0.04581,53986.0,0.04584,32510.0,0.04585,64363.0
1753591973598,04:52:53.598,bitget,ACT/USDT:USDT,0.04582,23273.0,0.04581,53986.0,0.04584,32510.0,0.04585,64363.0
1753591974048,04:52:54.048,bitget,ACT/USDT:USDT,0.04582,23273.0,0.04581,53986.0,0.04584,32510.0,0.04585,64363.0
1753591974799,04:52:54.799,bitget,ACT/USDT:USDT,0.04582,23273.0,0.04581,53986.0,0.04584,32510.0,0.04585,64363.0
1753591974949,04:52:54.949,bitget,ACT/USDT:USDT,0.04582,23273.0,0.04581,53986.0,0.04584,32510.0,0.04585,64363.0
1753591975399,04:52:55.399,bitget,ACT/USDT:USDT,0.04582,23273.0,0.04581,53986.0,0.04584,32510.0,0.04585,64363.0
1753591975849,04:52:55.849,bitget,ACT/USDT:USDT,0.04582,23273.0,0.04581,53986.0,0.04584,32510.0,0.04585,64363.0
1753591976149,04:52:56.149,bitget,ACT/USDT:USDT,0.04582,23273.0,0.04581,53986.0,0.04584,32510.0,0.04585,64363.0
1753591976300,04:52:56.300,bitget,ACT/USDT:USDT,0.04582,23273.0,0.04581,53986.0,0.04584,32510.0,0.04585,64363.0
1753591976450,04:52:56.450,bitget,ACT/USDT:USDT,0.04582,23273.0,0.04581,53986.0,0.04584,32510.0,0.04585,64363.0
1753591976600,04:52:56.600,bitget,ACT/USDT:USDT,0.04582,23273.0,0.04581,53986.0,0.04584,32510.0,0.04585,64363.0
1753591976750,04:52:56.750,bitget,ACT/USDT:USDT,0.04582,23273.0,0.04581,53986.0,0.04584,32510.0,0.04585,64363.0
1753591976900,04:52:56.900,bitget,ACT/USDT:USDT,0.04582,23273.0,0.04581,53986.0,0.04584,32510.0,0.04585,64363.0
1753591977200,04:52:57.200,bitget,ACT/USDT:USDT,0.04582,23273.0,0.04581,53986.0,0.04584,32510.0,0.04585,64363.0
1753591977350,04:52:57.350,bitget,ACT/USDT:USDT,0.04582,23273.0,0.04581,53986.0,0.04584,32510.0,0.04585,64363.0
1753591977500,04:52:57.500,bitget,ACT/USDT:USDT,0.04582,23273.0,0.04581,53986.0,0.04584,32510.0,0.04585,64363.0
1753591977650,04:52:57.650,bitget,ACT/USDT:USDT,0.04582,23273.0,0.04581,53986.0,0.04584,32510.0,0.04585,64363.0
1753591977950,04:52:57.950,bitget,ACT/USDT:USDT,0.04582,23273.0,0.04581,53986.0,0.04584,32510.0,0.04585,64363.0
1753591978251,04:52:58.251,bitget,ACT/USDT:USDT,0.04582,23273.0,0.04581,53986.0,0.04584,32510.0,0.04585,64363.0
1753591978851,04:52:58.851,bitget,ACT/USDT:USDT,0.04582,23273.0,0.04581,53986.0,0.04584,32510.0,0.04585,64363.0
1753591979001,04:52:59.001,bitget,ACT/USDT:USDT,0.04582,23273.0,0.04581,53986.0,0.04584,32510.0,0.04585,64363.0
1753591979151,04:52:59.151,bitget,ACT/USDT:USDT,0.04582,11320.0,0.04581,53986.0,0.04584,32510.0,0.04585,64363.0
1753591979301,04:52:59.301,bitget,ACT/USDT:USDT,0.04582,23273.0,0.04581,53986.0,0.04584,32510.0,0.04585,64363.0
1753591979601,04:52:59.601,bitget,ACT/USDT:USDT,0.04582,1320.0,0.04581,43986.0,0.04584,32510.0,0.04585,64363.0
1753591979752,04:52:59.752,bitget,ACT/USDT:USDT,0.04582,10273.0,0.04581,43986.0,0.04584,32510.0,0.04585,64363.0
1753591980052,04:53:00.052,bitget,ACT/USDT:USDT,0.04582,10273.0,0.04581,43986.0,0.04584,32510.0,0.04585,64363.0
1753591980502,04:53:00.502,bitget,ACT/USDT:USDT,0.04582,10273.0,0.04581,43986.0,0.04584,32510.0,0.04585,64363.0
1753591980652,04:53:00.652,bitget,ACT/USDT:USDT,0.04582,10273.0,0.04581,43986.0,0.04584,32510.0,0.04585,64363.0
1753591981102,04:53:01.102,bitget,ACT/USDT:USDT,0.04582,10273.0,0.04581,43986.0,0.04584,32510.0,0.04585,64363.0
1753591981253,04:53:01.253,bitget,ACT/USDT:USDT,0.04582,10273.0,0.04581,43986.0,0.04584,32510.0,0.04585,64363.0
1753591981403,04:53:01.403,bitget,ACT/USDT:USDT,0.04582,20273.0,0.04581,43986.0,0.04584,32510.0,0.04585,64363.0
1753591981553,04:53:01.553,bitget,ACT/USDT:USDT,0.04582,20273.0,0.04581,43986.0,0.04584,32510.0,0.04585,64363.0
1753591981703,04:53:01.703,bitget,ACT/USDT:USDT,0.04582,20273.0,0.04581,43986.0,0.04584,32510.0,0.04585,64363.0
1753591982003,04:53:02.003,bitget,ACT/USDT:USDT,0.04582,19182.0,0.04581,43986.0,0.04584,32510.0,0.04585,64363.0
1753591982153,04:53:02.153,bitget,ACT/USDT:USDT,0.04582,11320.0,0.04581,43986.0,0.04584,32510.0,0.04585,64363.0
1753591982453,04:53:02.453,bitget,ACT/USDT:USDT,0.04582,11320.0,0.04581,43986.0,0.04584,32510.0,0.04585,64363.0
1753591982603,04:53:02.603,bitget,ACT/USDT:USDT,0.04582,11320.0,0.04581,43986.0,0.04584,32510.0,0.04585,64363.0
1753591982754,04:53:02.754,bitget,ACT/USDT:USDT,0.04582,11320.0,0.04581,43986.0,0.04584,32510.0,0.04585,64363.0
1753591983054,04:53:03.054,bitget,ACT/USDT:USDT,0.04582,11320.0,0.04581,43986.0,0.04584,32510.0,0.04585,64363.0
1753591983504,04:53:03.504,bitget,ACT/USDT:USDT,0.04582,11320.0,0.04581,43986.0,0.04584,32510.0,0.04585,64363.0
1753591983654,04:53:03.654,bitget,ACT/USDT:USDT,0.04582,11320.0,0.04581,43986.0,0.04584,32510.0,0.04585,64363.0
1753591984255,04:53:04.255,bitget,ACT/USDT:USDT,0.04582,11320.0,0.04581,43986.0,0.04584,32510.0,0.04585,64363.0
1753591984555,04:53:04.555,bitget,ACT/USDT:USDT,0.04582,1320.0,0.04581,43986.0,0.04584,32510.0,0.04585,64363.0
1753591985005,04:53:05.005,bitget,ACT/USDT:USDT,0.04582,1320.0,0.04581,43986.0,0.04584,32510.0,0.04585,64363.0
1753591985605,04:53:05.605,bitget,ACT/USDT:USDT,0.04582,1320.0,0.04581,43986.0,0.04584,32510.0,0.04585,64363.0
1753591985755,04:53:05.755,bitget,ACT/USDT:USDT,0.04582,1320.0,0.04581,43986.0,0.04584,32510.0,0.04585,64363.0
1753591985906,04:53:05.906,bitget,ACT/USDT:USDT,0.04582,1320.0,0.04581,43986.0,0.04584,32510.0,0.04585,64363.0
1753591986206,04:53:06.206,bitget,ACT/USDT:USDT,0.04582,1320.0,0.04581,43986.0,0.04584,32510.0,0.04585,64363.0
1753591986356,04:53:06.356,bitget,ACT/USDT:USDT,0.04582,1320.0,0.04581,43986.0,0.04583,10000.0,0.04584,42510.0
1753591986506,04:53:06.506,bitget,ACT/USDT:USDT,0.04582,1320.0,0.04581,43986.0,0.04583,10000.0,0.04584,42510.0
1753591986656,04:53:06.656,bitget,ACT/USDT:USDT,0.04582,1320.0,0.04581,43986.0,0.04583,10000.0,0.04584,42510.0
1753591986806,04:53:06.806,bitget,ACT/USDT:USDT,0.04582,1320.0,0.04581,43986.0,0.04583,10000.0,0.04584,42510.0
1753591987407,04:53:07.407,bitget,ACT/USDT:USDT,0.04582,1320.0,0.04581,43986.0,0.04583,10000.0,0.04584,42510.0
1753591987707,04:53:07.707,bitget,ACT/USDT:USDT,0.04582,1320.0,0.04581,43986.0,0.04583,10000.0,0.04584,42510.0
1753591988007,04:53:08.007,bitget,ACT/USDT:USDT,0.04582,1320.0,0.04581,43986.0,0.04583,10000.0,0.04584,42510.0
1753591988908,04:53:08.908,bitget,ACT/USDT:USDT,0.04582,1320.0,0.04581,43986.0,0.04583,10000.0,0.04584,42510.0
1753591989058,04:53:09.058,bitget,ACT/USDT:USDT,0.04582,1320.0,0.04581,43986.0,0.04583,10000.0,0.04584,42510.0
1753591989208,04:53:09.208,bitget,ACT/USDT:USDT,0.04582,1320.0,0.04581,43986.0,0.04583,10000.0,0.04584,42510.0
1753591989358,04:53:09.358,bitget,ACT/USDT:USDT,0.04582,1320.0,0.04581,43986.0,0.04583,10000.0,0.04584,42510.0
1753591989508,04:53:09.508,bitget,ACT/USDT:USDT,0.04582,1320.0,0.04581,43986.0,0.04583,10000.0,0.04584,42510.0
1753591989658,04:53:09.658,bitget,ACT/USDT:USDT,0.04582,1320.0,0.04581,43986.0,0.04583,10000.0,0.04584,42510.0
1753591989808,04:53:09.808,bitget,ACT/USDT:USDT,0.04582,1320.0,0.04581,43986.0,0.04583,10000.0,0.04584,42510.0
1753591989958,04:53:09.958,bitget,ACT/USDT:USDT,0.04582,1320.0,0.04581,43986.0,0.04583,10000.0,0.04584,42510.0
1753591990108,04:53:10.108,bitget,ACT/USDT:USDT,0.04582,1320.0,0.04581,43986.0,0.04583,10000.0,0.04584,42510.0
1753591990259,04:53:10.259,bitget,ACT/USDT:USDT,0.04582,1320.0,0.04581,43986.0,0.04583,10000.0,0.04584,42510.0
1753591990409,04:53:10.409,bitget,ACT/USDT:USDT,0.04582,1320.0,0.04581,43986.0,0.04583,10000.0,0.04584,42510.0
1753591990709,04:53:10.709,bitget,ACT/USDT:USDT,0.04582,1320.0,0.04581,43986.0,0.04583,10000.0,0.04584,42510.0
1753591990859,04:53:10.859,bitget,ACT/USDT:USDT,0.04582,1320.0,0.04581,43986.0,0.04583,10000.0,0.04584,42510.0
1753591991009,04:53:11.009,bitget,ACT/USDT:USDT,0.04582,1320.0,0.04581,43986.0,0.04583,10000.0,0.04584,42510.0
1753591991309,04:53:11.309,bitget,ACT/USDT:USDT,0.04582,1320.0,0.04581,43986.0,0.04583,10000.0,0.04584,42510.0
1753591991609,04:53:11.609,bitget,ACT/USDT:USDT,0.04582,1320.0,0.04581,43986.0,0.04583,10000.0,0.04584,42510.0
1753591991760,04:53:11.760,bitget,ACT/USDT:USDT,0.04582,1320.0,0.04581,43986.0,0.04583,10000.0,0.04584,42510.0
1753591991910,04:53:11.910,bitget,ACT/USDT:USDT,0.04582,1320.0,0.04581,43986.0,0.04583,10000.0,0.04584,42510.0
1753591992060,04:53:12.060,bitget,ACT/USDT:USDT,0.04582,1320.0,0.04581,43986.0,0.04583,10000.0,0.04584,42510.0
1753591992210,04:53:12.210,bitget,ACT/USDT:USDT,0.04582,1320.0,0.04581,43986.0,0.04583,10000.0,0.04584,42510.0
1753591992360,04:53:12.360,bitget,ACT/USDT:USDT,0.04582,1320.0,0.04581,43986.0,0.04583,10000.0,0.04584,42510.0
1753591992510,04:53:12.510,bitget,ACT/USDT:USDT,0.04581,11476.0,0.0458,51099.0,0.04582,1320.0,0.04583,42510.0
1753591992660,04:53:12.660,bitget,ACT/USDT:USDT,0.0458,51099.0,0.04579,46986.0,0.04582,11320.0,0.04583,42510.0
1753591992810,04:53:12.810,bitget,ACT/USDT:USDT,0.0458,51099.0,0.04579,46986.0,0.04581,670.0,0.04582,11320.0
1753591992960,04:53:12.960,bitget,ACT/USDT:USDT,0.0458,43237.0,0.04579,46986.0,0.04581,10670.0,0.04582,11320.0
1753591993110,04:53:13.110,bitget,ACT/USDT:USDT,0.0458,43237.0,0.04579,46986.0,0.04581,10670.0,0.04582,11320.0
1753591993260,04:53:13.260,bitget,ACT/USDT:USDT,0.0458,43237.0,0.04579,46986.0,0.04581,10670.0,0.04582,11320.0
1753591993560,04:53:13.560,bitget,ACT/USDT:USDT,0.0458,10727.0,0.04579,46986.0,0.04581,10670.0,0.04582,12640.0
1753591993711,04:53:13.711,bitget,ACT/USDT:USDT,0.0458,10727.0,0.04579,46986.0,0.04581,10670.0,0.04582,12640.0
1753591994011,04:53:14.011,bitget,ACT/USDT:USDT,0.0458,10727.0,0.04579,46986.0,0.04581,10670.0,0.04582,12640.0
1753591994161,04:53:14.161,bitget,ACT/USDT:USDT,0.0458,10727.0,0.04579,46986.0,0.04581,10670.0,0.04582,12640.0
1753591994311,04:53:14.311,bitget,ACT/USDT:USDT,0.0458,10727.0,0.04579,46986.0,0.04581,10670.0,0.04582,12640.0
1753591994461,04:53:14.461,bitget,ACT/USDT:USDT,0.0458,10727.0,0.04579,46986.0,0.04581,10670.0,0.04582,12640.0
1753591994611,04:53:14.611,bitget,ACT/USDT:USDT,0.0458,10727.0,0.04579,46986.0,0.04581,10670.0,0.04582,12640.0
1753591994761,04:53:14.761,bitget,ACT/USDT:USDT,0.0458,10727.0,0.04579,46986.0,0.04581,10670.0,0.04582,12640.0
1753591995362,04:53:15.362,bitget,ACT/USDT:USDT,0.0458,10727.0,0.04579,46986.0,0.04581,10670.0,0.04582,12640.0
1753591995512,04:53:15.512,bitget,ACT/USDT:USDT,0.0458,10727.0,0.04579,46986.0,0.04581,10670.0,0.04582,12640.0
1753591995662,04:53:15.662,bitget,ACT/USDT:USDT,0.0458,10727.0,0.04579,46986.0,0.04581,10670.0,0.04582,12640.0
1753591996112,04:53:16.112,bitget,ACT/USDT:USDT,0.0458,10727.0,0.04579,46986.0,0.04581,10670.0,0.04582,12640.0
1753591996262,04:53:16.262,bitget,ACT/USDT:USDT,0.0458,10727.0,0.04579,46986.0,0.04581,10670.0,0.04582,12640.0
1753591996412,04:53:16.412,bitget,ACT/USDT:USDT,0.0458,10727.0,0.04579,46986.0,0.04581,10670.0,0.04582,12640.0
1753591996562,04:53:16.562,bitget,ACT/USDT:USDT,0.0458,10727.0,0.04579,46986.0,0.04581,670.0,0.04582,12640.0
1753591996713,04:53:16.713,bitget,ACT/USDT:USDT,0.0458,10727.0,0.04579,46986.0,0.04581,670.0,0.04582,12640.0
1753591996863,04:53:16.863,bitget,ACT/USDT:USDT,0.0458,10727.0,0.04579,46986.0,0.04581,670.0,0.04582,12640.0
1753591997013,04:53:17.013,bitget,ACT/USDT:USDT,0.0458,10727.0,0.04579,46986.0,0.04581,670.0,0.04582,12640.0
1753591997163,04:53:17.163,bitget,ACT/USDT:USDT,0.0458,10727.0,0.04579,46986.0,0.04581,670.0,0.04582,12640.0
1753591997613,04:53:17.613,bitget,ACT/USDT:USDT,0.0458,10727.0,0.04579,46986.0,0.04581,670.0,0.04582,12640.0
1753591997763,04:53:17.763,bitget,ACT/USDT:USDT,0.0458,10727.0,0.04579,46986.0,0.04581,670.0,0.04582,12640.0
1753591997913,04:53:17.913,bitget,ACT/USDT:USDT,0.0458,10727.0,0.04579,46986.0,0.04581,670.0,0.04582,12640.0
1753591998664,04:53:18.664,bitget,ACT/USDT:USDT,0.0458,10727.0,0.04579,46986.0,0.04581,670.0,0.04582,12640.0
1753591998964,04:53:18.964,bitget,ACT/USDT:USDT,0.0458,10727.0,0.04579,46986.0,0.04581,670.0,0.04582,12640.0
1753591999264,04:53:19.264,bitget,ACT/USDT:USDT,0.0458,10727.0,0.04579,46986.0,0.04581,670.0,0.04582,12640.0
1753591999714,04:53:19.714,bitget,ACT/USDT:USDT,0.0458,10727.0,0.04579,46986.0,0.04581,670.0,0.04582,12640.0
1753591999865,04:53:19.865,bitget,ACT/USDT:USDT,0.0458,10727.0,0.04579,46986.0,0.04581,670.0,0.04582,11320.0
1753592000015,04:53:20.015,bitget,ACT/USDT:USDT,0.0458,10727.0,0.04579,46986.0,0.04581,670.0,0.04582,11320.0
1753592000315,04:53:20.315,bitget,ACT/USDT:USDT,0.0458,10727.0,0.04579,46986.0,0.04581,670.0,0.04582,11320.0
1753592000765,04:53:20.765,bitget,ACT/USDT:USDT,0.0458,10727.0,0.04579,48306.0,0.04581,670.0,0.04582,11320.0
1753592001065,04:53:21.065,bitget,ACT/USDT:USDT,0.0458,10727.0,0.04579,48306.0,0.04581,670.0,0.04582,11320.0
1753592001366,04:53:21.366,bitget,ACT/USDT:USDT,0.0458,10727.0,0.04579,48306.0,0.04581,670.0,0.04582,11320.0
1753592001516,04:53:21.516,bitget,ACT/USDT:USDT,0.0458,10727.0,0.04579,48306.0,0.04581,670.0,0.04582,11320.0
1753592001666,04:53:21.666,bitget,ACT/USDT:USDT,0.0458,10727.0,0.04579,48306.0,0.04581,670.0,0.04582,11320.0
1753592002116,04:53:22.116,bitget,ACT/USDT:USDT,0.0458,10727.0,0.04579,48306.0,0.04581,670.0,0.04582,11320.0
1753592002266,04:53:22.266,bitget,ACT/USDT:USDT,0.0458,10727.0,0.04579,48306.0,0.04581,670.0,0.04582,11320.0
1753592002416,04:53:22.416,bitget,ACT/USDT:USDT,0.0458,10727.0,0.04579,48306.0,0.04581,670.0,0.04582,11320.0
1753592002716,04:53:22.716,bitget,ACT/USDT:USDT,0.0458,10727.0,0.04579,48306.0,0.04581,670.0,0.04582,11320.0
1753592003017,04:53:23.017,bitget,ACT/USDT:USDT,0.0458,20727.0,0.04579,48306.0,0.04581,670.0,0.04582,11320.0
1753592003317,04:53:23.317,bitget,ACT/USDT:USDT,0.0458,20727.0,0.04579,48306.0,0.04581,670.0,0.04582,11320.0
1753592003467,04:53:23.467,bitget,ACT/USDT:USDT,0.0458,20727.0,0.04579,48306.0,0.04581,670.0,0.04582,11320.0
1753592003617,04:53:23.617,bitget,ACT/USDT:USDT,0.0458,20727.0,0.04579,48306.0,0.04581,670.0,0.04582,11320.0
1753592003767,04:53:23.767,bitget,ACT/USDT:USDT,0.0458,20727.0,0.04579,48306.0,0.04581,670.0,0.04582,11320.0
1753592004367,04:53:24.367,bitget,ACT/USDT:USDT,0.0458,20727.0,0.04579,48306.0,0.04581,670.0,0.04582,11320.0
1753592004668,04:53:24.668,bitget,ACT/USDT:USDT,0.0458,20727.0,0.04579,48306.0,0.04581,670.0,0.04582,11320.0
1753592004818,04:53:24.818,bitget,ACT/USDT:USDT,0.0458,20727.0,0.04579,48306.0,0.04581,670.0,0.04582,11320.0
1753592004968,04:53:24.968,bitget,ACT/USDT:USDT,0.0458,20727.0,0.04579,48306.0,0.04581,670.0,0.04582,11320.0
1753592005118,04:53:25.118,bitget,ACT/USDT:USDT,0.0458,20727.0,0.04579,48306.0,0.04581,670.0,0.04582,11320.0
1753592005268,04:53:25.268,bitget,ACT/USDT:USDT,0.0458,20727.0,0.04579,48306.0,0.04581,670.0,0.04582,11320.0
1753592005718,04:53:25.718,bitget,ACT/USDT:USDT,0.0458,20727.0,0.04579,48306.0,0.04581,670.0,0.04582,11320.0
1753592005868,04:53:25.868,bitget,ACT/USDT:USDT,0.0458,20727.0,0.04579,48306.0,0.04581,670.0,0.04582,11320.0
1753592006319,04:53:26.319,bitget,ACT/USDT:USDT,0.0458,20727.0,0.04579,48306.0,0.04581,670.0,0.04582,11320.0
1753592006469,04:53:26.469,bitget,ACT/USDT:USDT,0.0458,20727.0,0.04579,48306.0,0.04581,670.0,0.04582,11320.0
1753592006769,04:53:26.769,bitget,ACT/USDT:USDT,0.0458,20727.0,0.04579,48306.0,0.04581,670.0,0.04582,11320.0
1753592007069,04:53:27.069,bitget,ACT/USDT:USDT,0.0458,20727.0,0.04579,48306.0,0.04581,670.0,0.04582,11320.0
1753592007369,04:53:27.369,bitget,ACT/USDT:USDT,0.0458,20727.0,0.04579,48306.0,0.04581,670.0,0.04582,11320.0
1753592007519,04:53:27.519,bitget,ACT/USDT:USDT,0.0458,20727.0,0.04579,48306.0,0.04581,670.0,0.04582,11320.0
1753592007670,04:53:27.670,bitget,ACT/USDT:USDT,0.0458,20727.0,0.04579,48306.0,0.04581,670.0,0.04582,11320.0
1753592007820,04:53:27.820,bitget,ACT/USDT:USDT,0.0458,20727.0,0.04579,48306.0,0.04581,670.0,0.04582,11320.0
1753592007970,04:53:27.970,bitget,ACT/USDT:USDT,0.0458,20727.0,0.04579,48306.0,0.04581,670.0,0.04582,11320.0
1753592008120,04:53:28.120,bitget,ACT/USDT:USDT,0.0458,20727.0,0.04579,48306.0,0.04581,670.0,0.04582,11320.0
1753592008270,04:53:28.270,bitget,ACT/USDT:USDT,0.0458,20727.0,0.04579,48306.0,0.04581,670.0,0.04582,11320.0
1753592008420,04:53:28.420,bitget,ACT/USDT:USDT,0.0458,20727.0,0.04579,48306.0,0.04581,670.0,0.04582,11320.0
1753592008720,04:53:28.720,bitget,ACT/USDT:USDT,0.0458,20727.0,0.04579,48306.0,0.04581,670.0,0.04582,11320.0
1753592009020,04:53:29.020,bitget,ACT/USDT:USDT,0.0458,20727.0,0.04579,48306.0,0.04581,670.0,0.04582,11320.0
1753592009170,04:53:29.170,bitget,ACT/USDT:USDT,0.0458,20727.0,0.04579,48306.0,0.04581,670.0,0.04582,11320.0
1753592009321,04:53:29.321,bitget,ACT/USDT:USDT,0.0458,20727.0,0.04579,48306.0,0.04581,670.0,0.04582,11320.0
1753592009471,04:53:29.471,bitget,ACT/USDT:USDT,0.0458,20727.0,0.04579,48306.0,0.04581,670.0,0.04582,11320.0
1753592009621,04:53:29.621,bitget,ACT/USDT:USDT,0.0458,20727.0,0.04579,48306.0,0.04581,670.0,0.04582,11320.0
1753592009771,04:53:29.771,bitget,ACT/USDT:USDT,0.0458,20727.0,0.04579,48306.0,0.04581,670.0,0.04582,11320.0
1753592009921,04:53:29.921,bitget,ACT/USDT:USDT,0.0458,20727.0,0.04579,48306.0,0.04581,670.0,0.04582,11320.0
1753592010371,04:53:30.371,bitget,ACT/USDT:USDT,0.0458,20727.0,0.04579,48306.0,0.04581,670.0,0.04582,11320.0
1753592010521,04:53:30.521,bitget,ACT/USDT:USDT,0.0458,20727.0,0.04579,48306.0,0.04581,670.0,0.04582,11320.0
1753592010671,04:53:30.671,bitget,ACT/USDT:USDT,0.0458,20727.0,0.04579,48306.0,0.04581,670.0,0.04582,11320.0
1753592010821,04:53:30.821,bitget,ACT/USDT:USDT,0.0458,20727.0,0.04579,48306.0,0.04581,670.0,0.04582,11320.0
1753592010972,04:53:30.972,bitget,ACT/USDT:USDT,0.0458,20727.0,0.04579,48306.0,0.04581,670.0,0.04582,11320.0
1753592011422,04:53:31.422,bitget,ACT/USDT:USDT,0.0458,20727.0,0.04579,48306.0,0.04581,670.0,0.04582,11320.0
1753592011572,04:53:31.572,bitget,ACT/USDT:USDT,0.0458,20727.0,0.04579,48306.0,0.04581,670.0,0.04582,11320.0
1753592011722,04:53:31.722,bitget,ACT/USDT:USDT,0.0458,20727.0,0.04579,48306.0,0.04581,670.0,0.04582,11320.0
1753592011872,04:53:31.872,bitget,ACT/USDT:USDT,0.0458,20727.0,0.04579,48306.0,0.04581,670.0,0.04582,11320.0
1753592012022,04:53:32.022,bitget,ACT/USDT:USDT,0.0458,20727.0,0.04579,48306.0,0.04581,670.0,0.04582,11320.0
1753592012172,04:53:32.172,bitget,ACT/USDT:USDT,0.0458,20727.0,0.04579,48306.0,0.04581,670.0,0.04582,11320.0
1753592012322,04:53:32.322,bitget,ACT/USDT:USDT,0.0458,20727.0,0.04579,48306.0,0.04581,670.0,0.04582,11320.0
1753592012472,04:53:32.472,bitget,ACT/USDT:USDT,0.0458,53237.0,0.04579,48306.0,0.04582,1320.0,0.04583,42510.0
1753592012773,04:53:32.773,bitget,ACT/USDT:USDT,0.0458,62587.0,0.04579,48306.0,0.04582,1320.0,0.04583,42510.0
1753592012923,04:53:32.923,bitget,ACT/USDT:USDT,0.0458,62587.0,0.04579,48306.0,0.04582,1320.0,0.04583,42510.0
1753592013073,04:53:33.073,bitget,ACT/USDT:USDT,0.0458,62587.0,0.04579,48306.0,0.04582,1320.0,0.04583,42510.0
1753592013523,04:53:33.523,bitget,ACT/USDT:USDT,0.0458,62587.0,0.04579,48306.0,0.04582,1320.0,0.04583,42510.0
1753592013673,04:53:33.673,bitget,ACT/USDT:USDT,0.0458,62587.0,0.04579,48306.0,0.04582,1320.0,0.04583,42510.0
1753592013823,04:53:33.823,bitget,ACT/USDT:USDT,0.0458,62587.0,0.04579,48306.0,0.04582,1320.0,0.04583,42510.0
1753592014424,04:53:34.424,bitget,ACT/USDT:USDT,0.0458,62587.0,0.04579,48306.0,0.04582,1320.0,0.04583,42510.0
1753592014574,04:53:34.574,bitget,ACT/USDT:USDT,0.0458,62587.0,0.04579,48306.0,0.04582,1320.0,0.04583,42510.0
1753592014724,04:53:34.724,bitget,ACT/USDT:USDT,0.0458,62587.0,0.04579,48306.0,0.04582,1320.0,0.04583,42510.0
1753592014874,04:53:34.874,bitget,ACT/USDT:USDT,0.0458,62587.0,0.04579,48306.0,0.04582,1320.0,0.04583,42510.0
1753592015024,04:53:35.024,bitget,ACT/USDT:USDT,0.0458,62587.0,0.04579,48306.0,0.04582,1320.0,0.04583,42510.0
1753592015174,04:53:35.174,bitget,ACT/USDT:USDT,0.0458,62587.0,0.04579,48306.0,0.04582,1320.0,0.04583,42510.0
1753592015324,04:53:35.324,bitget,ACT/USDT:USDT,0.0458,62587.0,0.04579,48306.0,0.04582,1320.0,0.04583,42510.0
1753592015775,04:53:35.775,bitget,ACT/USDT:USDT,0.04581,15172.0,0.0458,61495.0,0.04583,10000.0,0.04584,45245.0
1753592015925,04:53:35.925,bitget,ACT/USDT:USDT,0.04581,25172.0,0.0458,61495.0,0.04583,10000.0,0.04584,45245.0
1753592016225,04:53:36.225,bitget,ACT/USDT:USDT,0.04581,25172.0,0.0458,61495.0,0.04583,10000.0,0.04584,45245.0
1753592016525,04:53:36.525,bitget,ACT/USDT:USDT,0.04581,25172.0,0.0458,61495.0,0.04583,10000.0,0.04584,45245.0
1753592016675,04:53:36.675,bitget,ACT/USDT:USDT,0.04581,25172.0,0.0458,61495.0,0.04583,10000.0,0.04584,45245.0
1753592016825,04:53:36.825,bitget,ACT/USDT:USDT,0.04581,15172.0,0.0458,61495.0,0.04583,10000.0,0.04584,45245.0
1753592016975,04:53:36.975,bitget,ACT/USDT:USDT,0.04581,15172.0,0.0458,61495.0,0.04583,10000.0,0.04584,45245.0
1753592017125,04:53:37.125,bitget,ACT/USDT:USDT,0.04581,15172.0,0.0458,61495.0,0.04583,10000.0,0.04584,45245.0
1753592017275,04:53:37.275,bitget,ACT/USDT:USDT,0.04581,15172.0,0.0458,61495.0,0.04583,10000.0,0.04584,45245.0
1753592017576,04:53:37.576,bitget,ACT/USDT:USDT,0.04581,15172.0,0.0458,61495.0,0.04583,11320.0,0.04584,45245.0
1753592017876,04:53:37.876,bitget,ACT/USDT:USDT,0.04581,15172.0,0.0458,61495.0,0.04583,11320.0,0.04584,45245.0
1753592018026,04:53:38.026,bitget,ACT/USDT:USDT,0.04581,15172.0,0.0458,61495.0,0.04583,11320.0,0.04584,45245.0
1753592018176,04:53:38.176,bitget,ACT/USDT:USDT,0.04581,15172.0,0.0458,61495.0,0.04583,11320.0,0.04584,45245.0
1753592018326,04:53:38.326,bitget,ACT/USDT:USDT,0.04581,15172.0,0.0458,61495.0,0.04583,11320.0,0.04584,45245.0
1753592018476,04:53:38.476,bitget,ACT/USDT:USDT,0.04581,15172.0,0.0458,61495.0,0.04583,11320.0,0.04584,45245.0
1753592018927,04:53:38.927,bitget,ACT/USDT:USDT,0.04581,15172.0,0.0458,61495.0,0.04583,11320.0,0.04584,45245.0
1753592019077,04:53:39.077,bitget,ACT/USDT:USDT,0.04581,15172.0,0.0458,61495.0,0.04583,11320.0,0.04584,45245.0
1753592019377,04:53:39.377,bitget,ACT/USDT:USDT,0.04581,15172.0,0.0458,61495.0,0.04583,11320.0,0.04584,45245.0
1753592019527,04:53:39.527,bitget,ACT/USDT:USDT,0.04581,15172.0,0.0458,61495.0,0.04583,11320.0,0.04584,45245.0
1753592019677,04:53:39.677,bitget,ACT/USDT:USDT,0.04581,15172.0,0.0458,61495.0,0.04583,11320.0,0.04584,45245.0
1753592019827,04:53:39.827,bitget,ACT/USDT:USDT,0.04581,15172.0,0.0458,61495.0,0.04583,11320.0,0.04584,45245.0
1753592020277,04:53:40.277,bitget,ACT/USDT:USDT,0.04581,15172.0,0.0458,61495.0,0.04583,11320.0,0.04584,45245.0
1753592020427,04:53:40.427,bitget,ACT/USDT:USDT,0.04581,15172.0,0.0458,61495.0,0.04583,10000.0,0.04584,32510.0
1753592020728,04:53:40.728,bitget,ACT/USDT:USDT,0.04581,16492.0,0.0458,61495.0,0.04584,32510.0,0.04585,64363.0
1753592021028,04:53:41.028,bitget,ACT/USDT:USDT,0.04581,26492.0,0.0458,61495.0,0.04583,10000.0,0.04584,42510.0
1753592021328,04:53:41.328,bitget,ACT/USDT:USDT,0.04581,25172.0,0.0458,61495.0,0.04583,10000.0,0.04584,42510.0
1753592021778,04:53:41.778,bitget,ACT/USDT:USDT,0.04581,26492.0,0.0458,61495.0,0.04583,10000.0,0.04584,42510.0
1753592022078,04:53:42.078,bitget,ACT/USDT:USDT,0.04581,26492.0,0.0458,61495.0,0.04583,10000.0,0.04584,42510.0
1753592022229,04:53:42.229,bitget,ACT/USDT:USDT,0.04581,26492.0,0.0458,61495.0,0.04583,10000.0,0.04584,42510.0
1753592022529,04:53:42.529,bitget,ACT/USDT:USDT,0.04581,25172.0,0.0458,61495.0,0.04583,10000.0,0.04584,42510.0
1753592022679,04:53:42.679,bitget,ACT/USDT:USDT,0.04581,25172.0,0.0458,61495.0,0.04583,10000.0,0.04584,42510.0
1753592022829,04:53:42.829,bitget,ACT/USDT:USDT,0.04581,25172.0,0.0458,61495.0,0.04583,10000.0,0.04584,42510.0
1753592022979,04:53:42.979,bitget,ACT/USDT:USDT,0.04581,25172.0,0.0458,61495.0,0.04583,10000.0,0.04584,42510.0
1753592023279,04:53:43.279,bitget,ACT/USDT:USDT,0.04581,26492.0,0.0458,61495.0,0.04583,10000.0,0.04584,32510.0
1753592023730,04:53:43.730,bitget,ACT/USDT:USDT,0.04581,26492.0,0.0458,61495.0,0.04583,10000.0,0.04584,32510.0
1753592023880,04:53:43.880,bitget,ACT/USDT:USDT,0.04581,26492.0,0.0458,61495.0,0.04583,10000.0,0.04584,32510.0
1753592024030,04:53:44.030,bitget,ACT/USDT:USDT,0.04581,26492.0,0.0458,61495.0,0.04583,10000.0,0.04584,32510.0
1753592024180,04:53:44.180,bitget,ACT/USDT:USDT,0.04581,26492.0,0.0458,61495.0,0.04583,10000.0,0.04584,32510.0
1753592024330,04:53:44.330,bitget,ACT/USDT:USDT,0.04581,26492.0,0.0458,61495.0,0.04583,10000.0,0.04584,32510.0
1753592024480,04:53:44.480,bitget,ACT/USDT:USDT,0.04581,26492.0,0.0458,61495.0,0.04583,10000.0,0.04584,32510.0
1753592024630,04:53:44.630,bitget,ACT/USDT:USDT,0.04581,26492.0,0.0458,61495.0,0.04583,10000.0,0.04584,32510.0
1753592024780,04:53:44.780,bitget,ACT/USDT:USDT,0.04581,26492.0,0.0458,61495.0,0.04583,10000.0,0.04584,32510.0
1753592024930,04:53:44.930,bitget,ACT/USDT:USDT,0.04581,26492.0,0.0458,61495.0,0.04583,10000.0,0.04584,32510.0
1753592025080,04:53:45.080,bitget,ACT/USDT:USDT,0.04581,26492.0,0.0458,61495.0,0.04583,10000.0,0.04584,32510.0
1753592025381,04:53:45.381,bitget,ACT/USDT:USDT,0.04581,26492.0,0.0458,61495.0,0.04583,10000.0,0.04584,32510.0
1753592025531,04:53:45.531,bitget,ACT/USDT:USDT,0.04581,26492.0,0.0458,61495.0,0.04583,10000.0,0.04584,32510.0
1753592025681,04:53:45.681,bitget,ACT/USDT:USDT,0.04581,26492.0,0.0458,61495.0,0.04583,10000.0,0.04584,32510.0
1753592025831,04:53:45.831,bitget,ACT/USDT:USDT,0.04581,26492.0,0.0458,61495.0,0.04583,10000.0,0.04584,32510.0
1753592025981,04:53:45.981,bitget,ACT/USDT:USDT,0.04581,26492.0,0.0458,61495.0,0.04583,10000.0,0.04584,32510.0
1753592026131,04:53:46.131,bitget,ACT/USDT:USDT,0.04581,26492.0,0.0458,61495.0,0.04583,10000.0,0.04584,32510.0
1753592026281,04:53:46.281,bitget,ACT/USDT:USDT,0.04581,26492.0,0.0458,61495.0,0.04583,10000.0,0.04584,32510.0
1753592026731,04:53:46.731,bitget,ACT/USDT:USDT,0.04581,26492.0,0.0458,61495.0,0.04583,10000.0,0.04584,32510.0
1753592026882,04:53:46.882,bitget,ACT/USDT:USDT,0.04581,26492.0,0.0458,61495.0,0.04583,10000.0,0.04584,32510.0
1753592027032,04:53:47.032,bitget,ACT/USDT:USDT,0.04581,26492.0,0.0458,61495.0,0.04584,32510.0,0.04585,76159.0
1753592027482,04:53:47.482,bitget,ACT/USDT:USDT,0.04581,26492.0,0.0458,61495.0,0.04584,32510.0,0.04585,64363.0
1753592027632,04:53:47.632,bitget,ACT/USDT:USDT,0.04581,26492.0,0.0458,61495.0,0.04584,32510.0,0.04585,64363.0
1753592027932,04:53:47.932,bitget,ACT/USDT:USDT,0.04582,10000.0,0.04581,26492.0,0.04584,32510.0,0.04585,64363.0
1753592028082,04:53:48.082,bitget,ACT/USDT:USDT,0.04582,10000.0,0.04581,25400.0,0.04584,32510.0,0.04585,64363.0
1753592028232,04:53:48.232,bitget,ACT/USDT:USDT,0.04582,12596.0,0.04581,25400.0,0.04584,32510.0,0.04585,64363.0
1753592028382,04:53:48.382,bitget,ACT/USDT:USDT,0.04582,10000.0,0.04581,57910.0,0.04584,32510.0,0.04585,64363.0
1753592028533,04:53:48.533,bitget,ACT/USDT:USDT,0.04582,10000.0,0.04581,57910.0,0.04584,32510.0,0.04585,64363.0
1753592029733,04:53:49.733,bitget,ACT/USDT:USDT,0.04582,10000.0,0.04581,57910.0,0.04584,32510.0,0.04585,64363.0
1753592029883,04:53:49.883,bitget,ACT/USDT:USDT,0.04582,10000.0,0.04581,57910.0,0.04584,32510.0,0.04585,64363.0
1753592030033,04:53:50.033,bitget,ACT/USDT:USDT,0.04582,10000.0,0.04581,57910.0,0.04584,32510.0,0.04585,64363.0
1753592030334,04:53:50.334,bitget,ACT/USDT:USDT,0.04582,10000.0,0.04581,57910.0,0.04584,32510.0,0.04585,64363.0
1753592030484,04:53:50.484,bitget,ACT/USDT:USDT,0.04582,10000.0,0.04581,57910.0,0.04584,32510.0,0.04585,64363.0
1753592030634,04:53:50.634,bitget,ACT/USDT:USDT,0.04582,10000.0,0.04581,57910.0,0.04584,32510.0,0.04585,64363.0
1753592030784,04:53:50.784,bitget,ACT/USDT:USDT,0.04582,10000.0,0.04581,57910.0,0.04584,32510.0,0.04585,64363.0
1753592030934,04:53:50.934,bitget,ACT/USDT:USDT,0.04582,10000.0,0.04581,57910.0,0.04584,32510.0,0.04585,64363.0
1753592031084,04:53:51.084,bitget,ACT/USDT:USDT,0.04582,10000.0,0.04581,57910.0,0.04584,32510.0,0.04585,64363.0
1753592031234,04:53:51.234,bitget,ACT/USDT:USDT,0.04582,10000.0,0.04581,57910.0,0.04584,32510.0,0.04585,64363.0
1753592031384,04:53:51.384,bitget,ACT/USDT:USDT,0.04582,10000.0,0.04581,57910.0,0.04584,32510.0,0.04585,64363.0
1753592031685,04:53:51.685,bitget,ACT/USDT:USDT,0.04582,10000.0,0.04581,57910.0,0.04584,32510.0,0.04585,64363.0
1753592031985,04:53:51.985,bitget,ACT/USDT:USDT,0.04582,10000.0,0.04581,57910.0,0.04584,32510.0,0.04585,64363.0
1753592032135,04:53:52.135,bitget,ACT/USDT:USDT,0.04582,10000.0,0.04581,57910.0,0.04584,32510.0,0.04585,64363.0
1753592032285,04:53:52.285,bitget,ACT/USDT:USDT,0.04582,10000.0,0.04581,57910.0,0.04584,32510.0,0.04585,64363.0
1753592032585,04:53:52.585,bitget,ACT/USDT:USDT,0.04582,10000.0,0.04581,57910.0,0.04584,32510.0,0.04585,64363.0
1753592033186,04:53:53.186,bitget,ACT/USDT:USDT,0.04582,10000.0,0.04581,57910.0,0.04584,32510.0,0.04585,64363.0
1753592033336,04:53:53.336,bitget,ACT/USDT:USDT,0.04582,10000.0,0.04581,57910.0,0.04584,32510.0,0.04585,64363.0
1753592033486,04:53:53.486,bitget,ACT/USDT:USDT,0.04582,10000.0,0.04581,57910.0,0.04584,32510.0,0.04585,64363.0
1753592033636,04:53:53.636,bitget,ACT/USDT:USDT,0.04582,10000.0,0.04581,57910.0,0.04584,32510.0,0.04585,64363.0
1753592033786,04:53:53.786,bitget,ACT/USDT:USDT,0.04582,10000.0,0.04581,57910.0,0.04584,32510.0,0.04585,64363.0
1753592033936,04:53:53.936,bitget,ACT/USDT:USDT,0.04582,10000.0,0.04581,57910.0,0.04584,32510.0,0.04585,64363.0
1753592034386,04:53:54.386,bitget,ACT/USDT:USDT,0.04582,10000.0,0.04581,57910.0,0.04584,32510.0,0.04585,64363.0
1753592034686,04:53:54.686,bitget,ACT/USDT:USDT,0.04582,10000.0,0.04581,57910.0,0.04584,32510.0,0.04585,64363.0
1753592034837,04:53:54.837,bitget,ACT/USDT:USDT,0.04582,10000.0,0.04581,57910.0,0.04584,32510.0,0.04585,64363.0
1753592034987,04:53:54.987,bitget,ACT/USDT:USDT,0.04582,10000.0,0.04581,57910.0,0.04584,32510.0,0.04585,64363.0
1753592035137,04:53:55.137,bitget,ACT/USDT:USDT,0.04582,10000.0,0.04581,57910.0,0.04584,32510.0,0.04585,64363.0
1753592035287,04:53:55.287,bitget,ACT/USDT:USDT,0.04582,10000.0,0.04581,57910.0,0.04584,32510.0,0.04585,64363.0
1753592035587,04:53:55.587,bitget,ACT/USDT:USDT,0.04582,10000.0,0.04581,57910.0,0.04584,32510.0,0.04585,64363.0
1753592035737,04:53:55.737,bitget,ACT/USDT:USDT,0.04582,10000.0,0.04581,57910.0,0.04584,32510.0,0.04585,64363.0
1753592036037,04:53:56.037,bitget,ACT/USDT:USDT,0.04582,10000.0,0.04581,57910.0,0.04584,32510.0,0.04585,64363.0
1753592036187,04:53:56.187,bitget,ACT/USDT:USDT,0.04582,10000.0,0.04581,57910.0,0.04584,32510.0,0.04585,64363.0
1753592036638,04:53:56.638,bitget,ACT/USDT:USDT,0.04582,10000.0,0.04581,57910.0,0.04584,32510.0,0.04585,64363.0
1753592036788,04:53:56.788,bitget,ACT/USDT:USDT,0.04582,10000.0,0.04581,57910.0,0.04584,32510.0,0.04585,64363.0
1753592037538,04:53:57.538,bitget,ACT/USDT:USDT,0.04582,10000.0,0.04581,57910.0,0.04584,32510.0,0.04585,64363.0
1753592037688,04:53:57.688,bitget,ACT/USDT:USDT,0.04582,10000.0,0.04581,57910.0,0.04584,32510.0,0.04585,64363.0
1753592038289,04:53:58.289,bitget,ACT/USDT:USDT,0.04582,10000.0,0.04581,57910.0,0.04584,32510.0,0.04585,64363.0
1753592038439,04:53:58.439,bitget,ACT/USDT:USDT,0.04582,10000.0,0.04581,57910.0,0.04584,32510.0,0.04585,64363.0
1753592038589,04:53:58.589,bitget,ACT/USDT:USDT,0.04582,10000.0,0.04581,57910.0,0.04584,32510.0,0.04585,64363.0
1753592038889,04:53:58.889,bitget,ACT/USDT:USDT,0.04582,10000.0,0.04581,57910.0,0.04584,32510.0,0.04585,64363.0
1753592039189,04:53:59.189,bitget,ACT/USDT:USDT,0.04582,10000.0,0.04581,57910.0,0.04584,32510.0,0.04585,64363.0
1753592039339,04:53:59.339,bitget,ACT/USDT:USDT,0.04582,10000.0,0.04581,57910.0,0.04584,32510.0,0.04585,64363.0
1753592039489,04:53:59.489,bitget,ACT/USDT:USDT,0.04582,10000.0,0.04581,57910.0,0.04584,32510.0,0.04585,64363.0
1753592039790,04:53:59.790,bitget,ACT/USDT:USDT,0.04582,10000.0,0.04581,57910.0,0.04584,32510.0,0.04585,64363.0
1753592039940,04:53:59.940,bitget,ACT/USDT:USDT,0.04582,10000.0,0.04581,57910.0,0.04584,32510.0,0.04585,64363.0
1753592040090,04:54:00.090,bitget,ACT/USDT:USDT,0.04582,10000.0,0.04581,57910.0,0.04584,32510.0,0.04585,64363.0
1753592040240,04:54:00.240,bitget,ACT/USDT:USDT,0.04582,10000.0,0.04581,57910.0,0.04584,32510.0,0.04585,64363.0
1753592040540,04:54:00.540,bitget,ACT/USDT:USDT,0.04582,10000.0,0.04581,57910.0,0.04584,32510.0,0.04585,64363.0
1753592040840,04:54:00.840,bitget,ACT/USDT:USDT,0.04582,10000.0,0.04581,57910.0,0.04584,32510.0,0.04585,64363.0
1753592041140,04:54:01.140,bitget,ACT/USDT:USDT,0.04582,10000.0,0.04581,57910.0,0.04584,32510.0,0.04585,64363.0
1753592041290,04:54:01.290,bitget,ACT/USDT:USDT,0.04582,10000.0,0.04581,57910.0,0.04584,32510.0,0.04585,64363.0
1753592041591,04:54:01.591,bitget,ACT/USDT:USDT,0.04582,10000.0,0.04581,57910.0,0.04584,32510.0,0.04585,64363.0
1753592041741,04:54:01.741,bitget,ACT/USDT:USDT,0.04582,10000.0,0.04581,57910.0,0.04584,32510.0,0.04585,64363.0
1753592041891,04:54:01.891,bitget,ACT/USDT:USDT,0.04582,10000.0,0.04581,57910.0,0.04584,32510.0,0.04585,64363.0
1753592042191,04:54:02.191,bitget,ACT/USDT:USDT,0.04582,10000.0,0.04581,57910.0,0.04584,32510.0,0.04585,64363.0
1753592042341,04:54:02.341,bitget,ACT/USDT:USDT,0.04582,10000.0,0.04581,57910.0,0.04584,32510.0,0.04585,64363.0
1753592042641,04:54:02.641,bitget,ACT/USDT:USDT,0.04582,10000.0,0.04581,57910.0,0.04584,32510.0,0.04585,64363.0
1753592042791,04:54:02.791,bitget,ACT/USDT:USDT,0.04582,10000.0,0.04581,57910.0,0.04584,32510.0,0.04585,64363.0
1753592043242,04:54:03.242,bitget,ACT/USDT:USDT,0.04582,10000.0,0.04581,57910.0,0.04584,32510.0,0.04585,64363.0
1753592043392,04:54:03.392,bitget,ACT/USDT:USDT,0.04582,10000.0,0.04581,57910.0,0.04584,32510.0,0.04585,64363.0
1753592043542,04:54:03.542,bitget,ACT/USDT:USDT,0.04582,10000.0,0.04581,57910.0,0.04584,32510.0,0.04585,64363.0
1753592043692,04:54:03.692,bitget,ACT/USDT:USDT,0.04582,10000.0,0.04581,57910.0,0.04584,32510.0,0.04585,64363.0
1753592043992,04:54:03.992,bitget,ACT/USDT:USDT,0.04582,10000.0,0.04581,57910.0,0.04584,32510.0,0.04585,64363.0
1753592044142,04:54:04.142,bitget,ACT/USDT:USDT,0.04582,10000.0,0.04581,57910.0,0.04584,32510.0,0.04585,64363.0
1753592044592,04:54:04.592,bitget,ACT/USDT:USDT,0.04585,12765.0,0.04584,45447.0,0.04587,34300.0,0.04588,44476.0
1753592044742,04:54:04.742,bitget,ACT/USDT:USDT,0.04585,12765.0,0.04584,45447.0,0.04587,34300.0,0.04588,44476.0
1753592044893,04:54:04.893,bitget,ACT/USDT:USDT,0.04585,12765.0,0.04584,45447.0,0.04587,34300.0,0.04588,44476.0
1753592045193,04:54:05.193,bitget,ACT/USDT:USDT,0.04585,12765.0,0.04584,45447.0,0.04587,34300.0,0.04588,44476.0
1753592045343,04:54:05.343,bitget,ACT/USDT:USDT,0.04585,12765.0,0.04584,45447.0,0.04587,34300.0,0.04588,44476.0
1753592045493,04:54:05.493,bitget,ACT/USDT:USDT,0.04585,12765.0,0.04584,45447.0,0.04587,34300.0,0.04588,44476.0
1753592045643,04:54:05.643,bitget,ACT/USDT:USDT,0.04585,12765.0,0.04584,45447.0,0.04587,34300.0,0.04588,44476.0
1753592046244,04:54:06.244,bitget,ACT/USDT:USDT,0.04585,12765.0,0.04584,45447.0,0.04587,34300.0,0.04588,44476.0
1753592046694,04:54:06.694,bitget,ACT/USDT:USDT,0.04585,12765.0,0.04584,45447.0,0.04587,34300.0,0.04588,44476.0
1753592046844,04:54:06.844,bitget,ACT/USDT:USDT,0.04585,12765.0,0.04584,45447.0,0.04587,34300.0,0.04588,44476.0
1753592046994,04:54:06.994,bitget,ACT/USDT:USDT,0.04585,12765.0,0.04584,45447.0,0.04587,34300.0,0.04588,44476.0
1753592047144,04:54:07.144,bitget,ACT/USDT:USDT,0.04585,12765.0,0.04584,45447.0,0.04587,34300.0,0.04588,44476.0
1753592047294,04:54:07.294,bitget,ACT/USDT:USDT,0.04585,12765.0,0.04584,45447.0,0.04587,34300.0,0.04588,44476.0
1753592047444,04:54:07.444,bitget,ACT/USDT:USDT,0.04585,12765.0,0.04584,45447.0,0.04587,34300.0,0.04588,44476.0
1753592048045,04:54:08.045,bitget,ACT/USDT:USDT,0.04585,12765.0,0.04584,45447.0,0.04587,34300.0,0.04588,44476.0
1753592048495,04:54:08.495,bitget,ACT/USDT:USDT,0.04585,12765.0,0.04584,45447.0,0.04587,34300.0,0.04588,44476.0
1753592048645,04:54:08.645,bitget,ACT/USDT:USDT,0.04585,12765.0,0.04584,45447.0,0.04587,34300.0,0.04588,44476.0
1753592048945,04:54:08.945,bitget,ACT/USDT:USDT,0.04585,12765.0,0.04584,45447.0,0.04587,34300.0,0.04588,44476.0
1753592049095,04:54:09.095,bitget,ACT/USDT:USDT,0.04585,12765.0,0.04584,45447.0,0.04587,34300.0,0.04588,44476.0
1753592049246,04:54:09.246,bitget,ACT/USDT:USDT,0.04585,12765.0,0.04584,45447.0,0.04587,34300.0,0.04588,44476.0
1753592049396,04:54:09.396,bitget,ACT/USDT:USDT,0.04585,12765.0,0.04584,45447.0,0.04587,34300.0,0.04588,44476.0
1753592049846,04:54:09.846,bitget,ACT/USDT:USDT,0.04585,12765.0,0.04584,45447.0,0.04587,34300.0,0.04588,44476.0
1753592049996,04:54:09.996,bitget,ACT/USDT:USDT,0.04585,12765.0,0.04584,45447.0,0.04587,34300.0,0.04588,44476.0
1753592050296,04:54:10.296,bitget,ACT/USDT:USDT,0.04585,12765.0,0.04584,77957.0,0.04588,44476.0,0.04589,51740.0
1753592050446,04:54:10.446,bitget,ACT/USDT:USDT,0.04585,18306.0,0.04584,77957.0,0.04587,10000.0,0.04588,44476.0
1753592050746,04:54:10.746,bitget,ACT/USDT:USDT,0.04585,28306.0,0.04584,45447.0,0.04587,10000.0,0.04588,32510.0
1753592051047,04:54:11.047,bitget,ACT/USDT:USDT,0.04585,22765.0,0.04584,45447.0,0.04587,10000.0,0.04588,32510.0
1753592051197,04:54:11.197,bitget,ACT/USDT:USDT,0.04585,22765.0,0.04584,45447.0,0.04587,10000.0,0.04588,32510.0
1753592051347,04:54:11.347,bitget,ACT/USDT:USDT,0.04585,22765.0,0.04584,45447.0,0.04587,10000.0,0.04588,32510.0
1753592051497,04:54:11.497,bitget,ACT/USDT:USDT,0.04585,12765.0,0.04584,45447.0,0.04587,10000.0,0.04588,32510.0
1753592051647,04:54:11.647,bitget,ACT/USDT:USDT,0.04585,12765.0,0.04584,45447.0,0.04587,10000.0,0.04588,32510.0
1753592051947,04:54:11.947,bitget,ACT/USDT:USDT,0.04585,12765.0,0.04584,45447.0,0.04587,10000.0,0.04588,32510.0
1753592052247,04:54:12.247,bitget,ACT/USDT:USDT,0.04585,12765.0,0.04584,45447.0,0.04587,10000.0,0.04588,32510.0
1753592052397,04:54:12.397,bitget,ACT/USDT:USDT,0.04585,12765.0,0.04584,45447.0,0.04587,10000.0,0.04588,32510.0
1753592052848,04:54:12.848,bitget,ACT/USDT:USDT,0.04585,12765.0,0.04584,45447.0,0.04587,10000.0,0.04588,32510.0
1753592052998,04:54:12.998,bitget,ACT/USDT:USDT,0.04585,12765.0,0.04584,45447.0,0.04587,10000.0,0.04588,32510.0
1753592053298,04:54:13.298,bitget,ACT/USDT:USDT,0.04585,12765.0,0.04584,45447.0,0.04587,10000.0,0.04588,32510.0
1753592053448,04:54:13.448,bitget,ACT/USDT:USDT,0.04585,22765.0,0.04584,45447.0,0.04587,10000.0,0.04588,32510.0
1753592053598,04:54:13.598,bitget,ACT/USDT:USDT,0.04585,22765.0,0.04584,45447.0,0.04587,10000.0,0.04588,32510.0
1753592053748,04:54:13.748,bitget,ACT/USDT:USDT,0.04585,33492.0,0.04584,45447.0,0.04587,10000.0,0.04588,32510.0
1753592053898,04:54:13.898,bitget,ACT/USDT:USDT,0.04585,33492.0,0.04584,45447.0,0.04587,10000.0,0.04588,32510.0
1753592054049,04:54:14.049,bitget,ACT/USDT:USDT,0.04585,33492.0,0.04584,45447.0,0.04587,10000.0,0.04588,32510.0
1753592054199,04:54:14.199,bitget,ACT/USDT:USDT,0.04585,33492.0,0.04584,45447.0,0.04587,10000.0,0.04588,32510.0
1753592054499,04:54:14.499,bitget,ACT/USDT:USDT,0.04585,33492.0,0.04584,45447.0,0.04587,10000.0,0.04588,32510.0
1753592054949,04:54:14.949,bitget,ACT/USDT:USDT,0.04585,33492.0,0.04584,45447.0,0.04587,10000.0,0.04588,32510.0
1753592055399,04:54:15.399,bitget,ACT/USDT:USDT,0.04585,33492.0,0.04584,45447.0,0.04587,10000.0,0.04588,32510.0
1753592055550,04:54:15.550,bitget,ACT/USDT:USDT,0.04585,33492.0,0.04584,45447.0,0.04587,10000.0,0.04588,32510.0
1753592055700,04:54:15.700,bitget,ACT/USDT:USDT,0.04585,33492.0,0.04584,45447.0,0.04587,10000.0,0.04588,32510.0
1753592055850,04:54:15.850,bitget,ACT/USDT:USDT,0.04585,33492.0,0.04584,45447.0,0.04587,10000.0,0.04588,32510.0
1753592056000,04:54:16.000,bitget,ACT/USDT:USDT,0.04585,23492.0,0.04584,45447.0,0.04587,10000.0,0.04588,32510.0
1753592056150,04:54:16.150,bitget,ACT/USDT:USDT,0.04585,23492.0,0.04584,45447.0,0.04587,10000.0,0.04588,32510.0
1753592056450,04:54:16.450,bitget,ACT/USDT:USDT,0.04585,23492.0,0.04584,45447.0,0.04587,10000.0,0.04588,32510.0
1753592056600,04:54:16.600,bitget,ACT/USDT:USDT,0.04585,23492.0,0.04584,45447.0,0.04587,10000.0,0.04588,32510.0
1753592057201,04:54:17.201,bitget,ACT/USDT:USDT,0.04585,23492.0,0.04584,45447.0,0.04587,10000.0,0.04588,32510.0
1753592057351,04:54:17.351,bitget,ACT/USDT:USDT,0.04585,23492.0,0.04584,45447.0,0.04587,10000.0,0.04588,32510.0
1753592057501,04:54:17.501,bitget,ACT/USDT:USDT,0.04585,23492.0,0.04584,45447.0,0.04587,10000.0,0.04588,32510.0
1753592057651,04:54:17.651,bitget,ACT/USDT:USDT,0.04585,23492.0,0.04584,45447.0,0.04587,10000.0,0.04588,32510.0
1753592057801,04:54:17.801,bitget,ACT/USDT:USDT,0.04585,23492.0,0.04584,45447.0,0.04587,10000.0,0.04588,32510.0
1753592057951,04:54:17.951,bitget,ACT/USDT:USDT,0.04585,23492.0,0.04584,45447.0,0.04587,10000.0,0.04588,32510.0
1753592058101,04:54:18.101,bitget,ACT/USDT:USDT,0.04585,23492.0,0.04584,45447.0,0.04587,10000.0,0.04588,32510.0
1753592058401,04:54:18.401,bitget,ACT/USDT:USDT,0.04585,23492.0,0.04584,45447.0,0.04587,10000.0,0.04588,32510.0
1753592058701,04:54:18.701,bitget,ACT/USDT:USDT,0.04585,23492.0,0.04584,45447.0,0.04587,10000.0,0.04588,32510.0
1753592059002,04:54:19.002,bitget,ACT/USDT:USDT,0.04585,23492.0,0.04584,45447.0,0.04587,10000.0,0.04588,32510.0
1753592059152,04:54:19.152,bitget,ACT/USDT:USDT,0.04585,23492.0,0.04584,45447.0,0.04587,10000.0,0.04588,32510.0
1753592059302,04:54:19.302,bitget,ACT/USDT:USDT,0.04585,23492.0,0.04584,45447.0,0.04587,10000.0,0.04588,32510.0
1753592059452,04:54:19.452,bitget,ACT/USDT:USDT,0.04585,23492.0,0.04584,45447.0,0.04587,10000.0,0.04588,32510.0
1753592059602,04:54:19.602,bitget,ACT/USDT:USDT,0.04585,23492.0,0.04584,45447.0,0.04587,10000.0,0.04588,32510.0
1753592059752,04:54:19.752,bitget,ACT/USDT:USDT,0.04585,23492.0,0.04584,45447.0,0.04587,10000.0,0.04588,32510.0
1753592059902,04:54:19.902,bitget,ACT/USDT:USDT,0.04585,23492.0,0.04584,45447.0,0.04587,10000.0,0.04588,32510.0
1753592060052,04:54:20.052,bitget,ACT/USDT:USDT,0.04585,23492.0,0.04584,45447.0,0.04587,10000.0,0.04588,32510.0
1753592060353,04:54:20.353,bitget,ACT/USDT:USDT,0.04585,23492.0,0.04584,45447.0,0.04587,10000.0,0.04588,32510.0
1753592060503,04:54:20.503,bitget,ACT/USDT:USDT,0.04585,23492.0,0.04584,45447.0,0.04587,10000.0,0.04588,32510.0
1753592060653,04:54:20.653,bitget,ACT/USDT:USDT,0.04585,23492.0,0.04584,45447.0,0.04587,10000.0,0.04588,32510.0
1753592060803,04:54:20.803,bitget,ACT/USDT:USDT,0.04585,23492.0,0.04584,45447.0,0.04587,10000.0,0.04588,32510.0
1753592061103,04:54:21.103,bitget,ACT/USDT:USDT,0.04585,23492.0,0.04584,45447.0,0.04587,10000.0,0.04588,32510.0
1753592061253,04:54:21.253,bitget,ACT/USDT:USDT,0.04585,23492.0,0.04584,45447.0,0.04587,10000.0,0.04588,32510.0
1753592061703,04:54:21.703,bitget,ACT/USDT:USDT,0.04585,23492.0,0.04584,45447.0,0.04587,10000.0,0.04588,32510.0
1753592061854,04:54:21.854,bitget,ACT/USDT:USDT,0.04585,23492.0,0.04584,45447.0,0.04587,10000.0,0.04588,32510.0
1753592062004,04:54:22.004,bitget,ACT/USDT:USDT,0.04585,23492.0,0.04584,45447.0,0.04587,10000.0,0.04588,32510.0
1753592062454,04:54:22.454,bitget,ACT/USDT:USDT,0.04585,23492.0,0.04584,45447.0,0.04587,10000.0,0.04588,32510.0
1753592062604,04:54:22.604,bitget,ACT/USDT:USDT,0.04585,23492.0,0.04584,45447.0,0.04587,10000.0,0.04588,32510.0
1753592062754,04:54:22.754,bitget,ACT/USDT:USDT,0.04585,23492.0,0.04584,45447.0,0.04587,10000.0,0.04588,32510.0
1753592063505,04:54:23.505,bitget,ACT/USDT:USDT,0.04585,23492.0,0.04584,45447.0,0.04587,10000.0,0.04588,32510.0
1753592063655,04:54:23.655,bitget,ACT/USDT:USDT,0.04585,23492.0,0.04584,45447.0,0.04587,10000.0,0.04588,32510.0
1753592064255,04:54:24.255,bitget,ACT/USDT:USDT,0.04585,23492.0,0.04584,45447.0,0.04587,10000.0,0.04588,32510.0
1753592064405,04:54:24.405,bitget,ACT/USDT:USDT,0.04585,23492.0,0.04584,45447.0,0.04587,10000.0,0.04588,32510.0
1753592064555,04:54:24.555,bitget,ACT/USDT:USDT,0.04585,23492.0,0.04584,45447.0,0.04587,10000.0,0.04588,32510.0
1753592064705,04:54:24.705,bitget,ACT/USDT:USDT,0.04585,23492.0,0.04584,45447.0,0.04587,10000.0,0.04588,32510.0
1753592064855,04:54:24.855,bitget,ACT/USDT:USDT,0.04585,23492.0,0.04584,45447.0,0.04587,10000.0,0.04588,32510.0
1753592065006,04:54:25.006,bitget,ACT/USDT:USDT,0.04585,23492.0,0.04584,45447.0,0.04587,10000.0,0.04588,32510.0
1753592065306,04:54:25.306,bitget,ACT/USDT:USDT,0.04585,23492.0,0.04584,45447.0,0.04587,10000.0,0.04588,32510.0
1753592065756,04:54:25.756,bitget,ACT/USDT:USDT,0.04585,23492.0,0.04584,45447.0,0.04587,10000.0,0.04588,32510.0
1753592065906,04:54:25.906,bitget,ACT/USDT:USDT,0.04585,23492.0,0.04584,45447.0,0.04587,10000.0,0.04588,32510.0
1753592066056,04:54:26.056,bitget,ACT/USDT:USDT,0.04585,23492.0,0.04584,45447.0,0.04587,10000.0,0.04588,32510.0
1753592066206,04:54:26.206,bitget,ACT/USDT:USDT,0.04585,23492.0,0.04584,45447.0,0.04587,10000.0,0.04588,32510.0
1753592066507,04:54:26.507,bitget,ACT/USDT:USDT,0.04585,23492.0,0.04584,45447.0,0.04587,10000.0,0.04588,32510.0
1753592066657,04:54:26.657,bitget,ACT/USDT:USDT,0.04585,23492.0,0.04584,45447.0,0.04587,10000.0,0.04588,32510.0
1753592066807,04:54:26.807,bitget,ACT/USDT:USDT,0.04585,23492.0,0.04584,45447.0,0.04587,10000.0,0.04588,32510.0
1753592066957,04:54:26.957,bitget,ACT/USDT:USDT,0.04585,23492.0,0.04584,45447.0,0.04587,10000.0,0.04588,32510.0
1753592067107,04:54:27.107,bitget,ACT/USDT:USDT,0.04585,23492.0,0.04584,45447.0,0.04587,10000.0,0.04588,32510.0
1753592067407,04:54:27.407,bitget,ACT/USDT:USDT,0.04585,23492.0,0.04584,45447.0,0.04587,10000.0,0.04588,32510.0
1753592067557,04:54:27.557,bitget,ACT/USDT:USDT,0.04585,23492.0,0.04584,45447.0,0.04587,10000.0,0.04588,32510.0
1753592067857,04:54:27.857,bitget,ACT/USDT:USDT,0.04585,23492.0,0.04584,45447.0,0.04587,10000.0,0.04588,32510.0
1753592068007,04:54:28.007,bitget,ACT/USDT:USDT,0.04585,23492.0,0.04584,45447.0,0.04587,10000.0,0.04588,32510.0
1753592068158,04:54:28.158,bitget,ACT/USDT:USDT,0.04585,23492.0,0.04584,45447.0,0.04587,10000.0,0.04588,32510.0
1753592068458,04:54:28.458,bitget,ACT/USDT:USDT,0.04585,23492.0,0.04584,45447.0,0.04587,10000.0,0.04588,32510.0
1753592068758,04:54:28.758,bitget,ACT/USDT:USDT,0.04585,23492.0,0.04584,45447.0,0.04587,10000.0,0.04588,32510.0
1753592069208,04:54:29.208,bitget,ACT/USDT:USDT,0.04585,23492.0,0.04584,45447.0,0.04587,10000.0,0.04588,32510.0
1753592069358,04:54:29.358,bitget,ACT/USDT:USDT,0.04585,23492.0,0.04584,45447.0,0.04587,10000.0,0.04588,32510.0
1753592069508,04:54:29.508,bitget,ACT/USDT:USDT,0.04585,23492.0,0.04584,45447.0,0.04587,10000.0,0.04588,32510.0
1753592069658,04:54:29.658,bitget,ACT/USDT:USDT,0.04585,23492.0,0.04584,45447.0,0.04587,10000.0,0.04588,32510.0
1753592069809,04:54:29.809,bitget,ACT/USDT:USDT,0.04585,23492.0,0.04584,45447.0,0.04587,10000.0,0.04588,32510.0
1753592069959,04:54:29.959,bitget,ACT/USDT:USDT,0.04585,23492.0,0.04584,45447.0,0.04587,10000.0,0.04588,32510.0
1753592070109,04:54:30.109,bitget,ACT/USDT:USDT,0.04585,23492.0,0.04584,45447.0,0.04587,10000.0,0.04588,32510.0
1753592070409,04:54:30.409,bitget,ACT/USDT:USDT,0.04585,23492.0,0.04584,45447.0,0.04587,10000.0,0.04588,32510.0
1753592070709,04:54:30.709,bitget,ACT/USDT:USDT,0.04585,23492.0,0.04584,45447.0,0.04587,10000.0,0.04588,32510.0
1753592071159,04:54:31.159,bitget,ACT/USDT:USDT,0.04585,23492.0,0.04584,45447.0,0.04587,10000.0,0.04588,32510.0
1753592071310,04:54:31.310,bitget,ACT/USDT:USDT,0.04585,23492.0,0.04584,45447.0,0.04587,10000.0,0.04588,32510.0
1753592071610,04:54:31.610,bitget,ACT/USDT:USDT,0.04585,23492.0,0.04584,45447.0,0.04587,10000.0,0.04588,32510.0
1753592071760,04:54:31.760,bitget,ACT/USDT:USDT,0.04585,23492.0,0.04584,45447.0,0.04587,10000.0,0.04588,32510.0
1753592072210,04:54:32.210,bitget,ACT/USDT:USDT,0.04585,23492.0,0.04584,45447.0,0.04587,10000.0,0.04588,32510.0
1753592072510,04:54:32.510,bitget,ACT/USDT:USDT,0.04585,23492.0,0.04584,45447.0,0.04587,10000.0,0.04588,32510.0
1753592072660,04:54:32.660,bitget,ACT/USDT:USDT,0.04585,23492.0,0.04584,45447.0,0.04587,10000.0,0.04588,32510.0
1753592072810,04:54:32.810,bitget,ACT/USDT:USDT,0.04585,23492.0,0.04584,45447.0,0.04587,10000.0,0.04588,32510.0
1753592072961,04:54:32.961,bitget,ACT/USDT:USDT,0.04585,23492.0,0.04584,45447.0,0.04587,10000.0,0.04588,32510.0
1753592073111,04:54:33.111,bitget,ACT/USDT:USDT,0.04585,23492.0,0.04584,45447.0,0.04587,10000.0,0.04588,32510.0
1753592073261,04:54:33.261,bitget,ACT/USDT:USDT,0.04585,23492.0,0.04584,45447.0,0.04587,10000.0,0.04588,32510.0
1753592073411,04:54:33.411,bitget,ACT/USDT:USDT,0.04585,23492.0,0.04584,45447.0,0.04587,10000.0,0.04588,32510.0
1753592073711,04:54:33.711,bitget,ACT/USDT:USDT,0.04585,23492.0,0.04584,45447.0,0.04587,10000.0,0.04588,32510.0
1753592073861,04:54:33.861,bitget,ACT/USDT:USDT,0.04585,23492.0,0.04584,45447.0,0.04587,10000.0,0.04588,32510.0
1753592074011,04:54:34.011,bitget,ACT/USDT:USDT,0.04585,23492.0,0.04584,45447.0,0.04587,10000.0,0.04588,32510.0
1753592074161,04:54:34.161,bitget,ACT/USDT:USDT,0.04585,23492.0,0.04584,45447.0,0.04587,10000.0,0.04588,32510.0
1753592074311,04:54:34.311,bitget,ACT/USDT:USDT,0.04585,23492.0,0.04584,45447.0,0.04587,10000.0,0.04588,32510.0
1753592074462,04:54:34.462,bitget,ACT/USDT:USDT,0.04585,23492.0,0.04584,45447.0,0.04587,10000.0,0.04588,32510.0
1753592074612,04:54:34.612,bitget,ACT/USDT:USDT,0.04585,23492.0,0.04584,45447.0,0.04587,10000.0,0.04588,32510.0
1753592074762,04:54:34.762,bitget,ACT/USDT:USDT,0.04585,23492.0,0.04584,45447.0,0.04587,10000.0,0.04588,32510.0
1753592074912,04:54:34.912,bitget,ACT/USDT:USDT,0.04585,23492.0,0.04584,45447.0,0.04587,10000.0,0.04588,32510.0
1753592075512,04:54:35.512,bitget,ACT/USDT:USDT,0.04585,23492.0,0.04584,45447.0,0.04587,10000.0,0.04588,32510.0
1753592075662,04:54:35.662,bitget,ACT/USDT:USDT,0.04585,23492.0,0.04584,45447.0,0.04587,10000.0,0.04588,32510.0
1753592075812,04:54:35.812,bitget,ACT/USDT:USDT,0.04585,23492.0,0.04584,45447.0,0.04587,10000.0,0.04588,32510.0
1753592076563,04:54:36.563,bitget,ACT/USDT:USDT,0.04585,23492.0,0.04584,45447.0,0.04587,10000.0,0.04588,32510.0
1753592076713,04:54:36.713,bitget,ACT/USDT:USDT,0.04585,12765.0,0.04584,45447.0,0.04587,10000.0,0.04588,32510.0
1753592076863,04:54:36.863,bitget,ACT/USDT:USDT,0.04584,11617.0,0.04583,57641.0,0.04586,12450.0,0.04587,43830.0
1753592077013,04:54:37.013,bitget,ACT/USDT:USDT,0.04584,11617.0,0.04583,57641.0,0.04586,12450.0,0.04587,43830.0
1753592077163,04:54:37.163,bitget,ACT/USDT:USDT,0.04584,11617.0,0.04583,57641.0,0.04586,12450.0,0.04587,43830.0
1753592077313,04:54:37.313,bitget,ACT/USDT:USDT,0.04584,11617.0,0.04583,57641.0,0.04586,12450.0,0.04587,43830.0
1753592077464,04:54:37.464,bitget,ACT/USDT:USDT,0.04584,11617.0,0.04583,57641.0,0.04586,12450.0,0.04587,43830.0
1753592077614,04:54:37.614,bitget,ACT/USDT:USDT,0.04584,11617.0,0.04583,57641.0,0.04586,12450.0,0.04587,43830.0
1753592077764,04:54:37.764,bitget,ACT/USDT:USDT,0.04584,11617.0,0.04583,57641.0,0.04586,12450.0,0.04587,43830.0
1753592077914,04:54:37.914,bitget,ACT/USDT:USDT,0.04584,11617.0,0.04583,57641.0,0.04586,12450.0,0.04587,43830.0
1753592078064,04:54:38.064,bitget,ACT/USDT:USDT,0.04584,11617.0,0.04583,57641.0,0.04586,12450.0,0.04587,43830.0
1753592078364,04:54:38.364,bitget,ACT/USDT:USDT,0.04584,11617.0,0.04583,57641.0,0.04586,12450.0,0.04587,43830.0
1753592078514,04:54:38.514,bitget,ACT/USDT:USDT,0.04584,11617.0,0.04583,57641.0,0.04586,12450.0,0.04587,43830.0
1753592078664,04:54:38.664,bitget,ACT/USDT:USDT,0.04584,11617.0,0.04583,57641.0,0.04586,12450.0,0.04587,43830.0
1753592078964,04:54:38.964,bitget,ACT/USDT:USDT,0.04584,11617.0,0.04583,57641.0,0.04586,12450.0,0.04587,43830.0
1753592079114,04:54:39.114,bitget,ACT/USDT:USDT,0.04584,11617.0,0.04583,57641.0,0.04585,670.0,0.04586,11780.0
1753592079715,04:54:39.715,bitget,ACT/USDT:USDT,0.04583,57171.0,0.04582,42263.0,0.04585,10670.0,0.04586,11780.0
1753592079865,04:54:39.865,bitget,ACT/USDT:USDT,0.04583,57171.0,0.04582,42263.0,0.04585,10670.0,0.04586,11780.0
1753592080165,04:54:40.165,bitget,ACT/USDT:USDT,0.04583,57171.0,0.04582,42263.0,0.04585,10670.0,0.04586,11780.0
1753592080315,04:54:40.315,bitget,ACT/USDT:USDT,0.04583,57171.0,0.04582,42263.0,0.04585,10670.0,0.04586,11780.0
1753592080465,04:54:40.465,bitget,ACT/USDT:USDT,0.04583,12614.0,0.04582,52990.0,0.04585,11320.0,0.04586,44290.0
1753592080766,04:54:40.766,bitget,ACT/USDT:USDT,0.04582,52990.0,0.04581,46590.0,0.04584,670.0,0.04585,11320.0
1753592081066,04:54:41.066,bitget,ACT/USDT:USDT,0.04582,52990.0,0.04581,46590.0,0.04584,670.0,0.04585,11320.0
1753592081216,04:54:41.216,bitget,ACT/USDT:USDT,0.04582,52990.0,0.04581,46590.0,0.04584,10670.0,0.04585,11320.0
1753592081516,04:54:41.516,bitget,ACT/USDT:USDT,0.04582,52990.0,0.04581,46590.0,0.04584,10670.0,0.04585,11320.0
1753592081666,04:54:41.666,bitget,ACT/USDT:USDT,0.04582,52990.0,0.04581,46590.0,0.04584,10670.0,0.04585,11320.0
1753592081816,04:54:41.816,bitget,ACT/USDT:USDT,0.04582,52990.0,0.04581,46590.0,0.04584,10670.0,0.04585,11320.0
1753592081966,04:54:41.966,bitget,ACT/USDT:USDT,0.04582,52990.0,0.04581,46590.0,0.04584,10670.0,0.04585,11320.0
1753592082116,04:54:42.116,bitget,ACT/USDT:USDT,0.04582,20480.0,0.04581,46590.0,0.04584,10000.0,0.04585,43830.0
1753592082267,04:54:42.267,bitget,ACT/USDT:USDT,0.04582,20480.0,0.04581,46590.0,0.04583,670.0,0.04584,10000.0
1753592082417,04:54:42.417,bitget,ACT/USDT:USDT,0.04582,10727.0,0.04581,46590.0,0.04583,670.0,0.04584,10000.0
1753592082567,04:54:42.567,bitget,ACT/USDT:USDT,0.04582,10727.0,0.04581,46590.0,0.04583,670.0,0.04584,10000.0
1753592082717,04:54:42.717,bitget,ACT/USDT:USDT,0.04582,10727.0,0.04581,46590.0,0.04583,670.0,0.04584,10000.0
1753592082867,04:54:42.867,bitget,ACT/USDT:USDT,0.04582,10727.0,0.04581,46590.0,0.04583,670.0,0.04584,10000.0
1753592083017,04:54:43.017,bitget,ACT/USDT:USDT,0.04582,10727.0,0.04581,46590.0,0.04583,670.0,0.04584,10000.0
1753592083167,04:54:43.167,bitget,ACT/USDT:USDT,0.04582,10727.0,0.04581,46590.0,0.04583,10670.0,0.04584,10000.0
1753592083317,04:54:43.317,bitget,ACT/USDT:USDT,0.04582,10727.0,0.04581,46590.0,0.04583,10670.0,0.04584,10000.0
1753592083467,04:54:43.467,bitget,ACT/USDT:USDT,0.04582,10727.0,0.04581,46590.0,0.04583,10670.0,0.04584,10000.0
1753592083617,04:54:43.617,bitget,ACT/USDT:USDT,0.04582,10727.0,0.04581,46590.0,0.04583,10670.0,0.04584,10000.0
1753592083768,04:54:43.768,bitget,ACT/USDT:USDT,0.04582,10727.0,0.04581,46590.0,0.04583,10670.0,0.04584,10000.0
1753592083918,04:54:43.918,bitget,ACT/USDT:USDT,0.04582,10727.0,0.04581,46590.0,0.04583,10670.0,0.04584,10000.0
1753592084068,04:54:44.068,bitget,ACT/USDT:USDT,0.04582,10727.0,0.04581,46590.0,0.04583,10670.0,0.04584,10000.0
1753592084218,04:54:44.218,bitget,ACT/USDT:USDT,0.04582,10727.0,0.04581,46590.0,0.04583,10670.0,0.04584,10000.0
1753592084368,04:54:44.368,bitget,ACT/USDT:USDT,0.04582,10727.0,0.04581,46590.0,0.04583,670.0,0.04584,10000.0
1753592084968,04:54:44.968,bitget,ACT/USDT:USDT,0.04582,10727.0,0.04581,46590.0,0.04583,670.0,0.04584,10000.0
1753592085419,04:54:45.419,bitget,ACT/USDT:USDT,0.04582,10727.0,0.04581,46590.0,0.04583,670.0,0.04584,10000.0
1753592085869,04:54:45.869,bitget,ACT/USDT:USDT,0.04582,10727.0,0.04581,46590.0,0.04583,670.0,0.04584,10000.0
1753592086019,04:54:46.019,bitget,ACT/USDT:USDT,0.04582,10727.0,0.04581,46590.0,0.04583,670.0,0.04584,10000.0
1753592086169,04:54:46.169,bitget,ACT/USDT:USDT,0.04582,10727.0,0.04581,46590.0,0.04583,670.0,0.04584,10000.0
1753592086469,04:54:46.469,bitget,ACT/USDT:USDT,0.04582,10727.0,0.04581,46590.0,0.04583,670.0,0.04584,42510.0
1753592086619,04:54:46.619,bitget,ACT/USDT:USDT,0.04582,10727.0,0.04581,46590.0,0.04583,670.0,0.04584,42510.0
1753592086769,04:54:46.769,bitget,ACT/USDT:USDT,0.04582,10727.0,0.04581,46590.0,0.04583,670.0,0.04584,42510.0
1753592086920,04:54:46.920,bitget,ACT/USDT:USDT,0.04582,10727.0,0.04581,46590.0,0.04583,670.0,0.04584,42510.0
1753592087070,04:54:47.070,bitget,ACT/USDT:USDT,0.04582,10727.0,0.04581,46590.0,0.04583,670.0,0.04584,42510.0
1753592087220,04:54:47.220,bitget,ACT/USDT:USDT,0.04582,20727.0,0.04581,46590.0,0.04583,670.0,0.04584,42510.0
1753592087520,04:54:47.520,bitget,ACT/USDT:USDT,0.04582,20727.0,0.04581,46590.0,0.04583,670.0,0.04584,42510.0
1753592087670,04:54:47.670,bitget,ACT/USDT:USDT,0.04582,20727.0,0.04581,46590.0,0.04583,670.0,0.04584,42510.0
1753592087820,04:54:47.820,bitget,ACT/USDT:USDT,0.04582,20727.0,0.04581,46590.0,0.04583,670.0,0.04584,42510.0
1753592087970,04:54:47.970,bitget,ACT/USDT:USDT,0.04582,20727.0,0.04581,46590.0,0.04583,670.0,0.04584,42510.0
1753592088270,04:54:48.270,bitget,ACT/USDT:USDT,0.04582,20727.0,0.04581,46590.0,0.04583,670.0,0.04584,42510.0
1753592088571,04:54:48.571,bitget,ACT/USDT:USDT,0.04582,20727.0,0.04581,47910.0,0.04583,670.0,0.04584,42510.0
1753592088721,04:54:48.721,bitget,ACT/USDT:USDT,0.04582,20727.0,0.04581,47910.0,0.04583,670.0,0.04584,42510.0
1753592089171,04:54:49.171,bitget,ACT/USDT:USDT,0.04582,20727.0,0.04581,47910.0,0.04583,670.0,0.04584,42510.0
1753592089321,04:54:49.321,bitget,ACT/USDT:USDT,0.04582,20727.0,0.04581,47910.0,0.04583,670.0,0.04584,42510.0
1753592089471,04:54:49.471,bitget,ACT/USDT:USDT,0.04582,20727.0,0.04581,47910.0,0.04583,670.0,0.04584,42510.0
1753592089921,04:54:49.921,bitget,ACT/USDT:USDT,0.04582,20727.0,0.04581,47910.0,0.04583,670.0,0.04584,42510.0
1753592090072,04:54:50.072,bitget,ACT/USDT:USDT,0.04582,20727.0,0.04581,47910.0,0.04583,670.0,0.04584,42510.0
1753592090222,04:54:50.222,bitget,ACT/USDT:USDT,0.04582,20727.0,0.04581,47910.0,0.04583,670.0,0.04584,42510.0
1753592090372,04:54:50.372,bitget,ACT/USDT:USDT,0.04582,20727.0,0.04581,47910.0,0.04583,670.0,0.04584,42510.0
1753592090522,04:54:50.522,bitget,ACT/USDT:USDT,0.04582,20727.0,0.04581,47910.0,0.04583,670.0,0.04584,42510.0
1753592090972,04:54:50.972,bitget,ACT/USDT:USDT,0.04582,20727.0,0.04581,47910.0,0.04583,670.0,0.04584,42510.0
1753592091122,04:54:51.122,bitget,ACT/USDT:USDT,0.04582,20727.0,0.04581,47910.0,0.04583,670.0,0.04584,42510.0
1753592091272,04:54:51.272,bitget,ACT/USDT:USDT,0.04582,20727.0,0.04581,47910.0,0.04583,670.0,0.04584,42510.0
1753592091422,04:54:51.422,bitget,ACT/USDT:USDT,0.04582,20727.0,0.04581,47910.0,0.04583,670.0,0.04584,42510.0
1753592091873,04:54:51.873,bitget,ACT/USDT:USDT,0.04582,20727.0,0.04581,47910.0,0.04583,670.0,0.04584,42510.0
1753592092023,04:54:52.023,bitget,ACT/USDT:USDT,0.04582,20727.0,0.04581,47910.0,0.04583,670.0,0.04584,42510.0
1753592092473,04:54:52.473,bitget,ACT/USDT:USDT,0.04582,20727.0,0.04581,47910.0,0.04583,670.0,0.04584,42510.0
1753592092623,04:54:52.623,bitget,ACT/USDT:USDT,0.04582,20727.0,0.04581,47910.0,0.04583,670.0,0.04584,42510.0
1753592092773,04:54:52.773,bitget,ACT/USDT:USDT,0.04582,20727.0,0.04581,47910.0,0.04583,670.0,0.04584,42510.0
1753592092923,04:54:52.923,bitget,ACT/USDT:USDT,0.04582,20727.0,0.04581,47910.0,0.04583,670.0,0.04584,42510.0
1753592093224,04:54:53.224,bitget,ACT/USDT:USDT,0.04582,20727.0,0.04581,47910.0,0.04583,670.0,0.04584,42510.0
1753592093374,04:54:53.374,bitget,ACT/USDT:USDT,0.04582,20727.0,0.04581,47910.0,0.04583,670.0,0.04584,42510.0
1753592093674,04:54:53.674,bitget,ACT/USDT:USDT,0.04582,20727.0,0.04581,47910.0,0.04583,670.0,0.04584,42510.0
1753592093824,04:54:53.824,bitget,ACT/USDT:USDT,0.04582,20727.0,0.04581,47910.0,0.04583,670.0,0.04584,42510.0
1753592094274,04:54:54.274,bitget,ACT/USDT:USDT,0.04582,10727.0,0.04581,47910.0,0.04583,670.0,0.04584,42510.0
1753592094424,04:54:54.424,bitget,ACT/USDT:USDT,0.04582,10727.0,0.04581,47910.0,0.04583,670.0,0.04584,42510.0
1753592094574,04:54:54.574,bitget,ACT/USDT:USDT,0.04582,10727.0,0.04581,47910.0,0.04583,670.0,0.04584,42510.0
1753592094875,04:54:54.875,bitget,ACT/USDT:USDT,0.04582,10727.0,0.04581,47910.0,0.04583,670.0,0.04584,42510.0
1753592095175,04:54:55.175,bitget,ACT/USDT:USDT,0.04582,10727.0,0.04581,47910.0,0.04583,670.0,0.04584,42510.0
1753592095325,04:54:55.325,bitget,ACT/USDT:USDT,0.04582,10727.0,0.04581,47910.0,0.04583,670.0,0.04584,42510.0
1753592095475,04:54:55.475,bitget,ACT/USDT:USDT,0.04582,10727.0,0.04581,47910.0,0.04583,670.0,0.04584,42510.0
1753592095625,04:54:55.625,bitget,ACT/USDT:USDT,0.04582,10727.0,0.04581,47910.0,0.04583,670.0,0.04584,42510.0
1753592095775,04:54:55.775,bitget,ACT/USDT:USDT,0.04582,10727.0,0.04581,47910.0,0.04583,670.0,0.04584,42510.0
1753592095925,04:54:55.925,bitget,ACT/USDT:USDT,0.04582,10727.0,0.04581,47910.0,0.04583,670.0,0.04584,42510.0
1753592096075,04:54:56.075,bitget,ACT/USDT:USDT,0.04582,10727.0,0.04581,47910.0,0.04583,670.0,0.04584,42510.0
1753592096526,04:54:56.526,bitget,ACT/USDT:USDT,0.04582,10727.0,0.04581,47910.0,0.04583,670.0,0.04584,42510.0
1753592096676,04:54:56.676,bitget,ACT/USDT:USDT,0.04582,10727.0,0.04581,47910.0,0.04583,670.0,0.04584,42510.0
1753592096826,04:54:56.826,bitget,ACT/USDT:USDT,0.04582,10727.0,0.04581,47910.0,0.04583,670.0,0.04584,42510.0
1753592097126,04:54:57.126,bitget,ACT/USDT:USDT,0.04582,10727.0,0.04581,47910.0,0.04583,670.0,0.04584,42510.0
1753592097276,04:54:57.276,bitget,ACT/USDT:USDT,0.04582,10727.0,0.04581,47910.0,0.04583,670.0,0.04584,42510.0
1753592097426,04:54:57.426,bitget,ACT/USDT:USDT,0.04582,10727.0,0.04581,47910.0,0.04583,670.0,0.04584,42510.0
1753592097877,04:54:57.877,bitget,ACT/USDT:USDT,0.04582,10727.0,0.04581,47910.0,0.04583,670.0,0.04584,42510.0
1753592098327,04:54:58.327,bitget,ACT/USDT:USDT,0.04582,20727.0,0.04581,47910.0,0.04583,670.0,0.04584,32510.0
1753592098477,04:54:58.477,bitget,ACT/USDT:USDT,0.04582,20727.0,0.04581,47910.0,0.04583,670.0,0.04584,32510.0
1753592098777,04:54:58.777,bitget,ACT/USDT:USDT,0.04583,5418.0,0.04582,22618.0,0.04585,33830.0,0.04586,47025.0
1753592099227,04:54:59.227,bitget,ACT/USDT:USDT,0.04583,6738.0,0.04582,63386.0,0.04586,34290.0,0.04587,64127.0
1753592099378,04:54:59.378,bitget,ACT/USDT:USDT,0.04583,16614.0,0.04582,63386.0,0.04586,34290.0,0.04587,64127.0
1753592099528,04:54:59.528,bitget,ACT/USDT:USDT,0.04583,16614.0,0.04582,63386.0,0.04586,34290.0,0.04587,64127.0
1753592099678,04:54:59.678,bitget,ACT/USDT:USDT,0.04583,16614.0,0.04582,63386.0,0.04586,34290.0,0.04587,64127.0
1753592099828,04:54:59.828,bitget,ACT/USDT:USDT,0.04583,16614.0,0.04582,63386.0,0.04586,34290.0,0.04587,64127.0
1753592099978,04:54:59.978,bitget,ACT/USDT:USDT,0.04583,26614.0,0.04582,63386.0,0.04586,34290.0,0.04587,64127.0
1753592100128,04:55:00.128,bitget,ACT/USDT:USDT,0.04583,26614.0,0.04582,63386.0,0.04586,34290.0,0.04587,64127.0
1753592100278,04:55:00.278,bitget,ACT/USDT:USDT,0.04583,25294.0,0.04582,63386.0,0.04585,33180.0,0.04586,35511.0
1753592100428,04:55:00.428,bitget,ACT/USDT:USDT,0.04583,25294.0,0.04582,63386.0,0.04585,33180.0,0.04586,35511.0
1753592100578,04:55:00.578,bitget,ACT/USDT:USDT,0.04583,25294.0,0.04582,63386.0,0.04585,33180.0,0.04586,35511.0
1753592100728,04:55:00.728,bitget,ACT/USDT:USDT,0.04583,25294.0,0.04582,63386.0,0.04585,33180.0,0.04586,35511.0
1753592100878,04:55:00.878,bitget,ACT/USDT:USDT,0.04583,25294.0,0.04582,63386.0,0.04585,33180.0,0.04586,35511.0
1753592101029,04:55:01.029,bitget,ACT/USDT:USDT,0.04583,25294.0,0.04582,63386.0,0.04585,33180.0,0.04586,35511.0
1753592101179,04:55:01.179,bitget,ACT/USDT:USDT,0.04583,25294.0,0.04582,63386.0,0.04585,33180.0,0.04586,35511.0
1753592101329,04:55:01.329,bitget,ACT/USDT:USDT,0.04583,25294.0,0.04582,63386.0,0.04585,33180.0,0.04586,35511.0
1753592101779,04:55:01.779,bitget,ACT/USDT:USDT,0.04583,25294.0,0.04582,63386.0,0.04585,670.0,0.04586,35511.0
1753592101929,04:55:01.929,bitget,ACT/USDT:USDT,0.04584,10000.0,0.04583,25294.0,0.04585,670.0,0.04586,35511.0
1753592102079,04:55:02.079,bitget,ACT/USDT:USDT,0.04584,10000.0,0.04583,25294.0,0.04585,670.0,0.04586,35511.0
1753592102229,04:55:02.229,bitget,ACT/USDT:USDT,0.04584,10000.0,0.04583,25294.0,0.04585,670.0,0.04586,35511.0
1753592102379,04:55:02.379,bitget,ACT/USDT:USDT,0.04584,10000.0,0.04583,25294.0,0.04585,670.0,0.04586,35511.0
