timestamp,time,symbol,bid1_price,bid1_volume,bid2_price,bid2_volume,ask1_price,ask1_volume,ask2_price,ask2_volume
1753546957887,16:22:37.887,ACT/USDT:USDT,0.0454,470.0,0.04504,1120.0,0.04679,510.0,0.04694,50.0
1753546957936,16:22:37.936,ACT/USDT:USDT,0.0454,470.0,0.04504,1120.0,0.04679,510.0,0.04694,50.0
1753546958787,16:22:38.787,ACT/USDT:USDT,0.0454,470.0,0.04504,1120.0,0.04679,510.0,0.04694,50.0
1753546958837,16:22:38.837,ACT/USDT:USDT,0.0454,470.0,0.04504,1120.0,0.04679,510.0,0.04694,50.0
1753546960928,16:22:40.928,ACT/USDT:USDT,0.0454,470.0,0.04504,1120.0,0.04679,510.0,0.04694,50.0
1753546961027,16:22:41.027,ACT/USDT:USDT,0.04541,490.0,0.04504,1120.0,0.0468,480.0,0.04694,50.0
1753546961821,16:22:41.821,ACT/USDT:USDT,0.04541,490.0,0.04504,1120.0,0.04679,480.0,0.04694,50.0
1753546961870,16:22:41.870,ACT/USDT:USDT,0.04541,500.0,0.04504,1120.0,0.04679,480.0,0.04694,50.0
1753546961919,16:22:41.919,ACT/USDT:USDT,0.04541,500.0,0.04504,1120.0,0.04679,480.0,0.04694,50.0
1753546963027,16:22:43.027,ACT/USDT:USDT,0.04541,500.0,0.04504,1120.0,0.04679,480.0,0.04694,50.0
1753546963077,16:22:43.077,ACT/USDT:USDT,0.04541,500.0,0.04504,1120.0,0.04679,480.0,0.04694,50.0
1753546964308,16:22:44.308,ACT/USDT:USDT,0.04541,500.0,0.04504,1120.0,0.04679,480.0,0.04694,50.0
1753546964358,16:22:44.358,ACT/USDT:USDT,0.04541,500.0,0.04504,1120.0,0.04679,480.0,0.04694,50.0
1753546965580,16:22:45.580,ACT/USDT:USDT,0.04541,510.0,0.04504,1120.0,0.04679,480.0,0.04694,50.0
1753546965630,16:22:45.630,ACT/USDT:USDT,0.04541,510.0,0.04504,1120.0,0.0468,500.0,0.04694,50.0
1753546965679,16:22:45.679,ACT/USDT:USDT,0.04541,510.0,0.04504,1120.0,0.0468,500.0,0.04694,50.0
1753546966892,16:22:46.892,ACT/USDT:USDT,0.04542,500.0,0.04504,1120.0,0.04681,480.0,0.04694,50.0
1753546968112,16:22:48.112,ACT/USDT:USDT,0.04542,500.0,0.04504,1120.0,0.04681,480.0,0.04694,50.0
1753546968161,16:22:48.161,ACT/USDT:USDT,0.04542,500.0,0.04504,1120.0,0.04681,480.0,0.04694,50.0
1753546969392,16:22:49.392,ACT/USDT:USDT,0.04542,500.0,0.04504,1120.0,0.04681,480.0,0.04694,50.0
1753546969441,16:22:49.441,ACT/USDT:USDT,0.04542,500.0,0.04504,1120.0,0.04681,480.0,0.04694,50.0
1753546970588,16:22:50.588,ACT/USDT:USDT,0.04542,500.0,0.04504,1120.0,0.04681,480.0,0.04694,50.0
1753546970638,16:22:50.638,ACT/USDT:USDT,0.04542,500.0,0.04506,1120.0,0.04681,480.0,0.04694,50.0
1753546971917,16:22:51.917,ACT/USDT:USDT,0.04542,500.0,0.04506,1120.0,0.04681,480.0,0.04694,50.0
1753546971966,16:22:51.966,ACT/USDT:USDT,0.04542,500.0,0.04506,1120.0,0.04681,480.0,0.04694,50.0
1753546973188,16:22:53.188,ACT/USDT:USDT,0.04542,500.0,0.04506,1120.0,0.04681,480.0,0.04694,50.0
1753546973238,16:22:53.238,ACT/USDT:USDT,0.04542,500.0,0.04506,1120.0,0.04681,480.0,0.04694,50.0
1753546974462,16:22:54.462,ACT/USDT:USDT,0.04542,500.0,0.04506,1120.0,0.04681,480.0,0.04694,50.0
1753546974518,16:22:54.518,ACT/USDT:USDT,0.04542,500.0,0.04506,1120.0,0.04681,480.0,0.04694,50.0
1753546975722,16:22:55.722,ACT/USDT:USDT,0.04542,500.0,0.04506,1120.0,0.04681,480.0,0.04694,50.0
1753546975771,16:22:55.771,ACT/USDT:USDT,0.04542,500.0,0.04506,1120.0,0.04681,480.0,0.04694,50.0
1753546977036,16:22:57.036,ACT/USDT:USDT,0.04542,500.0,0.04506,1120.0,0.04681,480.0,0.04694,50.0
1753546977086,16:22:57.086,ACT/USDT:USDT,0.04542,500.0,0.04506,1120.0,0.04681,480.0,0.04694,50.0
1753546978325,16:22:58.325,ACT/USDT:USDT,0.02056,62490.0,9e-05,70000.0,0.04681,480.0,0.04694,50.0
1753546978374,16:22:58.374,ACT/USDT:USDT,0.02056,62490.0,9e-05,70000.0,0.04694,50.0,0.07,18350.0
1753546978628,16:22:58.628,ACT/USDT:USDT,0.02056,62490.0,9e-05,70000.0,0.07,18350.0,,
1753546978677,16:22:58.677,ACT/USDT:USDT,0.02056,62490.0,9e-05,70000.0,0.06999,50.0,0.07,18350.0
1753546979595,16:22:59.595,ACT/USDT:USDT,0.02056,62490.0,9e-05,70000.0,0.07,18350.0,,
1753546979644,16:22:59.644,ACT/USDT:USDT,0.02056,62490.0,9e-05,70000.0,0.07,18350.0,0.07001,50.0
1753546980089,16:23:00.089,ACT/USDT:USDT,0.02056,62490.0,9e-05,70000.0,0.07,18350.0,0.07002,50.0
1753546980961,16:23:00.961,ACT/USDT:USDT,0.04542,500.0,0.02056,62490.0,0.07,18350.0,0.07002,50.0
1753546981011,16:23:01.011,ACT/USDT:USDT,0.04542,500.0,0.04284,1520.0,0.07,18350.0,0.07002,50.0
1753546981060,16:23:01.060,ACT/USDT:USDT,0.04542,500.0,0.04284,1520.0,0.04681,510.0,0.05051,1520.0
1753546981109,16:23:01.109,ACT/USDT:USDT,0.04542,500.0,0.04284,1520.0,0.04681,510.0,0.0505,50.0
1753546982397,16:23:02.397,ACT/USDT:USDT,0.04542,500.0,0.04284,1520.0,0.04681,510.0,0.0505,50.0
1753546982446,16:23:02.446,ACT/USDT:USDT,0.04542,500.0,0.04284,1520.0,0.04681,510.0,0.0505,50.0
1753546983770,16:23:03.770,ACT/USDT:USDT,0.0454,510.0,0.04284,1520.0,0.04681,510.0,0.0505,50.0
1753546983820,16:23:03.820,ACT/USDT:USDT,0.0454,510.0,0.04284,1520.0,0.04679,500.0,0.0505,50.0
1753546984731,16:23:04.731,ACT/USDT:USDT,0.0454,510.0,0.04284,1520.0,0.04679,500.0,0.0505,50.0
1753546984800,16:23:04.800,ACT/USDT:USDT,0.0454,510.0,0.04284,1520.0,0.04679,500.0,0.0505,50.0
1753546985867,16:23:05.867,ACT/USDT:USDT,0.0454,510.0,0.04284,1520.0,0.04679,500.0,0.04716,1100.0
1753546985917,16:23:05.917,ACT/USDT:USDT,0.0454,510.0,0.04284,1520.0,0.04679,500.0,0.04716,1100.0
1753546986173,16:23:06.173,ACT/USDT:USDT,0.0454,510.0,0.04284,1520.0,0.04679,500.0,0.04716,1100.0
1753546986224,16:23:06.224,ACT/USDT:USDT,0.0454,510.0,0.04284,1520.0,0.04679,500.0,0.04715,50.0
1753546987131,16:23:07.131,ACT/USDT:USDT,0.04541,520.0,0.04284,1520.0,0.04679,500.0,0.04715,50.0
1753546987180,16:23:07.180,ACT/USDT:USDT,0.04541,520.0,0.04284,1520.0,0.0468,500.0,0.04715,50.0
1753546987229,16:23:07.229,ACT/USDT:USDT,0.04541,520.0,0.04284,1520.0,0.0468,500.0,0.04715,50.0
1753546989429,16:23:09.429,ACT/USDT:USDT,0.04542,490.0,0.04284,1520.0,0.0468,500.0,0.04715,50.0
1753546989491,16:23:09.491,ACT/USDT:USDT,0.04542,490.0,0.04284,1520.0,0.0468,500.0,0.04715,50.0
1753546989541,16:23:09.541,ACT/USDT:USDT,0.04542,490.0,0.04284,1520.0,0.04681,480.0,0.04715,50.0
1753546990286,16:23:10.286,ACT/USDT:USDT,0.04542,490.0,0.04284,1520.0,0.04681,480.0,0.04715,50.0
1753546990336,16:23:10.336,ACT/USDT:USDT,0.04542,490.0,0.04506,1190.0,0.04681,480.0,0.04715,50.0
1753546991600,16:23:11.600,ACT/USDT:USDT,0.04542,490.0,0.04506,1190.0,0.04681,480.0,0.04715,50.0
1753546991649,16:23:11.649,ACT/USDT:USDT,0.04542,490.0,0.04506,1190.0,0.04681,480.0,0.04715,50.0
1753546992807,16:23:12.807,ACT/USDT:USDT,0.04542,490.0,0.04506,1190.0,0.04681,480.0,0.04715,50.0
1753546992856,16:23:12.856,ACT/USDT:USDT,0.04543,490.0,0.04506,1190.0,0.04682,490.0,0.04715,50.0
1753546992905,16:23:12.905,ACT/USDT:USDT,0.04543,490.0,0.04506,1190.0,0.04682,490.0,0.04715,50.0
1753546994190,16:23:14.190,ACT/USDT:USDT,0.04543,490.0,0.04506,1190.0,0.04682,490.0,0.04715,50.0
1753546994257,16:23:14.257,ACT/USDT:USDT,0.04543,490.0,0.04506,1190.0,0.04682,490.0,0.04715,50.0
1753546995342,16:23:15.342,ACT/USDT:USDT,0.04543,490.0,0.04506,1190.0,0.04682,490.0,0.04715,50.0
1753546995392,16:23:15.392,ACT/USDT:USDT,0.04543,490.0,0.04506,1190.0,0.04682,490.0,0.04715,50.0
1753546996729,16:23:16.729,ACT/USDT:USDT,0.04543,490.0,0.04506,1190.0,0.04682,490.0,0.04715,50.0
1753546996779,16:23:16.779,ACT/USDT:USDT,0.04543,490.0,0.04506,1190.0,0.04682,490.0,0.04715,50.0
1753546997853,16:23:17.853,ACT/USDT:USDT,0.04543,490.0,0.04506,1190.0,0.04682,490.0,0.04715,50.0
1753546997902,16:23:17.902,ACT/USDT:USDT,0.04543,490.0,0.04506,1190.0,0.04682,490.0,0.04715,50.0
1753546999129,16:23:19.129,ACT/USDT:USDT,0.04543,490.0,0.04469,1180.0,0.04682,490.0,0.04715,50.0
1753546999187,16:23:19.187,ACT/USDT:USDT,0.04543,490.0,0.04469,1180.0,0.04682,490.0,0.04715,50.0
1753547000394,16:23:20.394,ACT/USDT:USDT,0.04543,490.0,0.04433,1290.0,0.04682,490.0,0.04715,50.0
1753547000443,16:23:20.443,ACT/USDT:USDT,0.04543,490.0,0.04433,1290.0,0.04682,490.0,0.04715,50.0
1753547001721,16:23:21.721,ACT/USDT:USDT,0.04543,490.0,0.04433,1290.0,0.04682,490.0,0.04715,50.0
1753547001771,16:23:21.771,ACT/USDT:USDT,0.04543,490.0,0.04396,1340.0,0.04682,490.0,0.04715,50.0
1753547002917,16:23:22.917,ACT/USDT:USDT,0.04543,490.0,0.04359,1310.0,0.04682,490.0,0.04715,50.0
1753547002966,16:23:22.966,ACT/USDT:USDT,0.04543,490.0,0.04359,1310.0,0.04682,490.0,0.04715,50.0
1753547004296,16:23:24.296,ACT/USDT:USDT,0.04543,490.0,0.04359,1310.0,0.04682,490.0,0.04715,50.0
1753547004346,16:23:24.346,ACT/USDT:USDT,0.04543,490.0,0.04322,1500.0,0.04682,490.0,0.04715,50.0
1753547005520,16:23:25.520,ACT/USDT:USDT,0.04543,490.0,0.04285,1460.0,0.04682,490.0,0.04715,50.0
1753547005569,16:23:25.569,ACT/USDT:USDT,0.04543,490.0,0.04285,1460.0,0.04682,490.0,0.04715,50.0
1753547006890,16:23:26.890,ACT/USDT:USDT,0.04543,490.0,0.04285,1460.0,0.04682,490.0,0.04715,50.0
1753547008096,16:23:28.096,ACT/USDT:USDT,0.04543,490.0,0.04507,1170.0,0.04682,490.0,0.04715,50.0
1753547008146,16:23:28.146,ACT/USDT:USDT,0.04543,490.0,0.04507,1170.0,0.04682,490.0,0.04715,50.0
1753547008195,16:23:28.195,ACT/USDT:USDT,0.04543,490.0,0.04507,1170.0,0.04682,540.0,0.04719,1110.0
1753547008352,16:23:28.352,ACT/USDT:USDT,0.04543,490.0,0.04507,1170.0,0.04682,490.0,0.04719,1110.0
1753547008401,16:23:28.401,ACT/USDT:USDT,0.04543,490.0,0.04507,1170.0,0.04682,490.0,0.04718,50.0
1753547009519,16:23:29.519,ACT/USDT:USDT,0.04544,480.0,0.04507,1170.0,0.04682,490.0,0.04718,50.0
1753547009571,16:23:29.571,ACT/USDT:USDT,0.04544,480.0,0.04507,1170.0,0.04683,480.0,0.04718,50.0
1753547009620,16:23:29.620,ACT/USDT:USDT,0.04544,480.0,0.04507,1170.0,0.04683,480.0,0.04718,50.0
1753547009669,16:23:29.669,ACT/USDT:USDT,0.04544,480.0,0.04507,1170.0,0.04683,480.0,0.04718,50.0
1753547010872,16:23:30.872,ACT/USDT:USDT,0.04543,480.0,0.04507,1170.0,0.04683,480.0,0.04718,50.0
1753547010922,16:23:30.922,ACT/USDT:USDT,0.04543,480.0,0.04507,1170.0,0.04683,480.0,0.04718,50.0
1753547010971,16:23:30.971,ACT/USDT:USDT,0.04543,480.0,0.04507,1170.0,0.04682,520.0,0.04718,50.0
1753547011838,16:23:31.838,ACT/USDT:USDT,0.04543,480.0,0.04507,1170.0,0.04682,520.0,0.04718,50.0
1753547011888,16:23:31.888,ACT/USDT:USDT,0.04543,480.0,0.04507,1170.0,0.04682,520.0,0.04718,50.0
1753547013123,16:23:33.123,ACT/USDT:USDT,0.04543,480.0,0.04507,1170.0,0.04682,520.0,0.04718,50.0
1753547013173,16:23:33.173,ACT/USDT:USDT,0.04543,480.0,0.04507,1170.0,0.04682,520.0,0.04718,50.0
1753547014447,16:23:34.447,ACT/USDT:USDT,0.04543,480.0,0.04507,1170.0,0.04682,520.0,0.04718,50.0
1753547014497,16:23:34.497,ACT/USDT:USDT,0.04543,480.0,0.04507,1170.0,0.04682,520.0,0.04718,50.0
1753547015676,16:23:35.676,ACT/USDT:USDT,0.04543,480.0,0.04507,1170.0,0.04682,520.0,0.04718,50.0
1753547015726,16:23:35.726,ACT/USDT:USDT,0.04543,480.0,0.04507,1170.0,0.04682,520.0,0.04718,50.0
1753547016936,16:23:36.936,ACT/USDT:USDT,0.04543,480.0,0.04507,1170.0,0.04682,520.0,0.04718,50.0
1753547016985,16:23:36.985,ACT/USDT:USDT,0.04543,480.0,0.04507,1170.0,0.04682,520.0,0.04718,50.0
1753547018122,16:23:38.122,ACT/USDT:USDT,0.04543,480.0,0.04507,1170.0,0.04682,520.0,0.04718,50.0
1753547018172,16:23:38.172,ACT/USDT:USDT,0.04543,480.0,0.04507,1170.0,0.04682,520.0,0.04718,50.0
1753547019466,16:23:39.466,ACT/USDT:USDT,0.04543,480.0,0.04507,1170.0,0.04682,520.0,0.04718,50.0
1753547019516,16:23:39.516,ACT/USDT:USDT,0.04543,480.0,0.04507,1170.0,0.04682,520.0,0.04718,50.0
1753547020621,16:23:40.621,ACT/USDT:USDT,0.04543,480.0,0.04507,1170.0,0.04682,520.0,0.04718,50.0
1753547020670,16:23:40.670,ACT/USDT:USDT,0.04543,480.0,0.04507,1170.0,0.04682,520.0,0.04718,50.0
1753547021993,16:23:41.993,ACT/USDT:USDT,0.04543,480.0,0.04507,1170.0,0.04682,520.0,0.04718,50.0
1753547022042,16:23:42.042,ACT/USDT:USDT,0.04543,480.0,0.04507,1170.0,0.04682,520.0,0.04718,50.0
1753547023182,16:23:43.182,ACT/USDT:USDT,0.04543,480.0,0.04507,1170.0,0.04682,520.0,0.04718,50.0
1753547023231,16:23:43.231,ACT/USDT:USDT,0.04543,480.0,0.04507,1150.0,0.04682,520.0,0.04718,50.0
1753547024587,16:23:44.587,ACT/USDT:USDT,0.04543,480.0,0.04507,1150.0,0.04682,520.0,0.04718,50.0
1753547024637,16:23:44.637,ACT/USDT:USDT,0.04543,480.0,0.04507,1150.0,0.04682,520.0,0.04718,50.0
1753547025759,16:23:45.759,ACT/USDT:USDT,0.04543,480.0,0.04507,1150.0,0.04682,520.0,0.04718,50.0
1753547025809,16:23:45.809,ACT/USDT:USDT,0.04543,480.0,0.04507,1150.0,0.04682,520.0,0.04718,50.0
1753547027603,16:23:47.603,ACT/USDT:USDT,0.04543,480.0,0.04507,1150.0,0.04682,520.0,0.04718,50.0
1753547027653,16:23:47.653,ACT/USDT:USDT,0.04543,480.0,0.04507,1150.0,0.04682,520.0,0.04718,50.0
1753547028694,16:23:48.694,ACT/USDT:USDT,0.04543,480.0,0.04507,1150.0,0.04682,520.0,0.04718,50.0
1753547028758,16:23:48.758,ACT/USDT:USDT,0.04543,480.0,0.04507,1150.0,0.04682,520.0,0.04718,50.0
1753547030018,16:23:50.018,ACT/USDT:USDT,0.04543,480.0,0.04507,1150.0,0.04682,520.0,0.04718,50.0
1753547030076,16:23:50.076,ACT/USDT:USDT,0.04543,480.0,0.04507,1150.0,0.04682,520.0,0.04718,50.0
1753547031230,16:23:51.230,ACT/USDT:USDT,0.04543,480.0,0.04507,1150.0,0.04682,520.0,0.04718,50.0
1753547031280,16:23:51.280,ACT/USDT:USDT,0.04543,480.0,0.04507,1150.0,0.04682,520.0,0.04718,50.0
1753547032607,16:23:52.607,ACT/USDT:USDT,0.04543,480.0,0.04507,1150.0,0.04682,520.0,0.04718,50.0
1753547032656,16:23:52.656,ACT/USDT:USDT,0.04543,480.0,0.04507,1150.0,0.04682,520.0,0.04718,50.0
1753547033801,16:23:53.801,ACT/USDT:USDT,0.04543,480.0,0.04507,1150.0,0.04682,520.0,0.04718,50.0
1753547033850,16:23:53.850,ACT/USDT:USDT,0.04543,480.0,0.04507,1150.0,0.04682,520.0,0.04718,50.0
1753547035156,16:23:55.156,ACT/USDT:USDT,0.04543,480.0,0.04507,1150.0,0.04682,520.0,0.04718,50.0
1753547035205,16:23:55.205,ACT/USDT:USDT,0.04543,480.0,0.04507,1150.0,0.04682,520.0,0.04718,50.0
1753547036347,16:23:56.347,ACT/USDT:USDT,0.04543,480.0,0.04507,1150.0,0.04682,520.0,0.04718,50.0
1753547036396,16:23:56.396,ACT/USDT:USDT,0.04543,480.0,0.04507,1150.0,0.04682,520.0,0.04718,50.0
1753547037693,16:23:57.693,ACT/USDT:USDT,0.04543,480.0,0.04507,1150.0,0.04682,520.0,0.04718,50.0
1753547037743,16:23:57.743,ACT/USDT:USDT,0.04543,480.0,0.04507,1150.0,0.04682,520.0,0.04718,50.0
1753547038889,16:23:58.889,ACT/USDT:USDT,0.04543,480.0,0.04507,1150.0,0.04682,520.0,0.04718,50.0
1753547038949,16:23:58.949,ACT/USDT:USDT,0.04543,480.0,0.04507,1150.0,0.04682,520.0,0.04718,50.0
1753547040329,16:24:00.329,ACT/USDT:USDT,0.04543,480.0,0.04507,1190.0,0.04682,520.0,0.04718,50.0
1753547040379,16:24:00.379,ACT/USDT:USDT,0.04543,480.0,0.04507,1190.0,0.04682,520.0,0.04718,50.0
1753547041584,16:24:01.584,ACT/USDT:USDT,0.04543,480.0,0.04507,1190.0,0.04682,520.0,0.04718,50.0
1753547041634,16:24:01.634,ACT/USDT:USDT,0.04543,480.0,0.04507,1190.0,0.04682,520.0,0.04718,50.0
1753547043984,16:24:03.984,ACT/USDT:USDT,0.04543,480.0,0.04507,1190.0,0.04682,520.0,0.04718,50.0
1753547044057,16:24:04.057,ACT/USDT:USDT,0.04543,480.0,0.04507,1190.0,0.04682,520.0,0.04718,50.0
1753547045338,16:24:05.338,ACT/USDT:USDT,0.04543,480.0,0.04507,1190.0,0.04682,520.0,0.04718,50.0
1753547045388,16:24:05.388,ACT/USDT:USDT,0.04543,480.0,0.04507,1190.0,0.04682,520.0,0.04718,50.0
1753547046508,16:24:06.508,ACT/USDT:USDT,0.04543,480.0,0.04507,1190.0,0.04682,520.0,0.04718,50.0
1753547046557,16:24:06.557,ACT/USDT:USDT,0.04543,480.0,0.04507,1190.0,0.04682,520.0,0.04718,50.0
1753547047800,16:24:07.800,ACT/USDT:USDT,0.04543,480.0,0.04507,1190.0,0.04682,520.0,0.04718,50.0
1753547047867,16:24:07.867,ACT/USDT:USDT,0.04543,480.0,0.04507,1190.0,0.04682,520.0,0.04718,50.0
1753547054061,16:24:14.061,ACT/USDT:USDT,0.04543,480.0,0.04507,1190.0,0.04682,520.0,0.04718,50.0
1753547055419,16:24:15.419,ACT/USDT:USDT,0.04543,480.0,0.04507,1190.0,0.04682,520.0,0.04718,50.0
1753547055478,16:24:15.478,ACT/USDT:USDT,0.04543,480.0,0.04507,1190.0,0.04682,520.0,0.04718,50.0
1753547056673,16:24:16.673,ACT/USDT:USDT,0.04543,480.0,0.04507,1190.0,0.04682,520.0,0.04718,50.0
1753547056722,16:24:16.722,ACT/USDT:USDT,0.04543,480.0,0.04507,1120.0,0.04682,520.0,0.04718,50.0
1753547059278,16:24:19.278,ACT/USDT:USDT,0.04543,480.0,0.04507,1120.0,0.04682,520.0,0.04718,50.0
1753547059328,16:24:19.328,ACT/USDT:USDT,0.04543,480.0,0.04507,1120.0,0.04682,520.0,0.04718,50.0
1753547061038,16:24:21.038,ACT/USDT:USDT,0.02056,62490.0,9e-05,70000.0,0.04682,520.0,0.04718,50.0
1753547061108,16:24:21.108,ACT/USDT:USDT,0.02056,62490.0,9e-05,70000.0,0.04718,50.0,0.07,18350.0
1753547061227,16:24:21.227,ACT/USDT:USDT,0.02056,62490.0,9e-05,70000.0,0.07,18350.0,,
1753547061276,16:24:21.276,ACT/USDT:USDT,0.02056,62490.0,9e-05,70000.0,0.07,18350.0,0.07002,50.0
1753547061748,16:24:21.748,ACT/USDT:USDT,0.04543,520.0,0.02056,62490.0,0.07,18350.0,0.07002,50.0
1753547061798,16:24:21.798,ACT/USDT:USDT,0.04543,520.0,0.04396,1280.0,0.04682,480.0,0.07,18350.0
1753547061848,16:24:21.848,ACT/USDT:USDT,0.04543,520.0,0.04396,1280.0,0.04682,480.0,0.04941,1450.0
1753547061898,16:24:21.898,ACT/USDT:USDT,0.04543,520.0,0.04396,1280.0,0.04682,480.0,0.0494,50.0
1753547063021,16:24:23.021,ACT/USDT:USDT,0.04543,520.0,0.04396,1280.0,0.04682,480.0,0.0494,50.0
1753547063070,16:24:23.070,ACT/USDT:USDT,0.04543,520.0,0.04396,1280.0,0.04682,480.0,0.0494,50.0
1753547064268,16:24:24.268,ACT/USDT:USDT,0.04543,520.0,0.04396,1280.0,0.04682,480.0,0.0494,50.0
1753547064317,16:24:24.317,ACT/USDT:USDT,0.04543,520.0,0.04396,1280.0,0.04682,480.0,0.0494,50.0
1753547065548,16:24:25.548,ACT/USDT:USDT,0.04543,520.0,0.04396,1280.0,0.04682,480.0,0.0494,50.0
1753547065607,16:24:25.607,ACT/USDT:USDT,0.04543,520.0,0.04396,1280.0,0.04682,480.0,0.0494,50.0
1753547066837,16:24:26.837,ACT/USDT:USDT,0.04543,520.0,0.04396,1280.0,0.04682,480.0,0.0494,50.0
1753547066886,16:24:26.886,ACT/USDT:USDT,0.04543,520.0,0.04396,1280.0,0.04682,480.0,0.0494,50.0
1753547068143,16:24:28.143,ACT/USDT:USDT,0.04543,520.0,0.04396,1280.0,0.04682,480.0,0.0494,50.0
1753547068192,16:24:28.192,ACT/USDT:USDT,0.04543,520.0,0.04396,1280.0,0.04682,480.0,0.0494,50.0
1753547069276,16:24:29.276,ACT/USDT:USDT,0.04543,520.0,0.04396,1280.0,0.04682,480.0,0.0494,50.0
1753547069326,16:24:29.326,ACT/USDT:USDT,0.04543,520.0,0.04396,1280.0,0.04682,480.0,0.0494,50.0
1753547070615,16:24:30.615,ACT/USDT:USDT,0.04543,520.0,0.04396,1280.0,0.04682,480.0,0.0494,50.0
1753547070678,16:24:30.678,ACT/USDT:USDT,0.04543,520.0,0.04396,1280.0,0.04682,480.0,0.04719,1160.0
1753547071979,16:24:31.979,ACT/USDT:USDT,0.04543,520.0,0.04396,1280.0,0.04682,480.0,0.04719,1160.0
1753547072029,16:24:32.029,ACT/USDT:USDT,0.04543,520.0,0.04396,1280.0,0.04682,480.0,0.04719,1160.0
1753547073190,16:24:33.190,ACT/USDT:USDT,0.04543,520.0,0.04396,1280.0,0.04682,480.0,0.04719,1160.0
1753547073240,16:24:33.240,ACT/USDT:USDT,0.04543,520.0,0.04396,1280.0,0.04682,480.0,0.04718,50.0
1753547074909,16:24:34.909,ACT/USDT:USDT,0.04546,490.0,0.04396,1280.0,0.04682,480.0,0.04718,50.0
1753547074959,16:24:34.959,ACT/USDT:USDT,0.04546,490.0,0.0451,1130.0,0.04685,490.0,0.04718,50.0
1753547075997,16:24:35.997,ACT/USDT:USDT,0.04546,490.0,0.0451,1130.0,0.04685,490.0,0.04718,50.0
1753547076057,16:24:36.057,ACT/USDT:USDT,0.04546,490.0,0.0451,1130.0,0.04685,490.0,0.04718,50.0
1753547077092,16:24:37.092,ACT/USDT:USDT,0.04546,490.0,0.0451,1130.0,0.04685,490.0,0.04718,50.0
1753547077158,16:24:37.158,ACT/USDT:USDT,0.04546,490.0,0.0451,1130.0,0.04685,490.0,0.04718,50.0
1753547078305,16:24:38.305,ACT/USDT:USDT,0.04546,490.0,0.0451,1130.0,0.04685,490.0,0.04718,50.0
1753547078354,16:24:38.354,ACT/USDT:USDT,0.04546,490.0,0.0451,1130.0,0.04685,490.0,0.04718,50.0
1753547079538,16:24:39.538,ACT/USDT:USDT,0.04546,490.0,0.0451,1130.0,0.04685,490.0,0.04718,50.0
1753547079588,16:24:39.588,ACT/USDT:USDT,0.04546,490.0,0.0451,1130.0,0.04685,490.0,0.04718,50.0
1753547080787,16:24:40.787,ACT/USDT:USDT,0.04546,490.0,0.0451,1130.0,0.04685,490.0,0.04718,50.0
1753547080884,16:24:40.884,ACT/USDT:USDT,0.04546,490.0,0.0451,1130.0,0.04685,490.0,0.04718,50.0
1753547082188,16:24:42.188,ACT/USDT:USDT,0.04546,490.0,0.0451,1130.0,0.04685,490.0,0.04718,50.0
1753547082238,16:24:42.238,ACT/USDT:USDT,0.04546,490.0,0.0451,1130.0,0.04685,490.0,0.04718,50.0
1753547083327,16:24:43.327,ACT/USDT:USDT,0.04546,490.0,0.0451,1130.0,0.04685,490.0,0.04718,50.0
1753547083386,16:24:43.386,ACT/USDT:USDT,0.04546,490.0,0.0451,1130.0,0.04685,490.0,0.04718,50.0
1753547084619,16:24:44.619,ACT/USDT:USDT,0.04546,490.0,0.0451,1130.0,0.04685,490.0,0.04718,50.0
1753547084668,16:24:44.668,ACT/USDT:USDT,0.04546,490.0,0.0451,1130.0,0.04685,490.0,0.04718,50.0
1753547085910,16:24:45.910,ACT/USDT:USDT,0.04546,490.0,0.0451,1130.0,0.04685,490.0,0.04718,50.0
1753547085959,16:24:45.959,ACT/USDT:USDT,0.04546,490.0,0.0451,1130.0,0.04685,490.0,0.04718,50.0
1753547087124,16:24:47.124,ACT/USDT:USDT,0.04546,490.0,0.04473,1180.0,0.04685,490.0,0.04718,50.0
1753547087188,16:24:47.188,ACT/USDT:USDT,0.04546,490.0,0.04473,1180.0,0.04685,490.0,0.04718,50.0
1753547088403,16:24:48.403,ACT/USDT:USDT,0.04546,490.0,0.04436,1210.0,0.04685,490.0,0.04718,50.0
1753547088453,16:24:48.453,ACT/USDT:USDT,0.04546,490.0,0.04436,1210.0,0.04685,490.0,0.04718,50.0
1753547089758,16:24:49.758,ACT/USDT:USDT,0.04546,490.0,0.04399,1380.0,0.04685,490.0,0.04718,50.0
1753547089808,16:24:49.808,ACT/USDT:USDT,0.04546,490.0,0.04399,1380.0,0.04685,490.0,0.04718,50.0
1753547091091,16:24:51.091,ACT/USDT:USDT,0.04546,490.0,0.0451,1090.0,0.04685,490.0,0.04718,50.0
1753547091140,16:24:51.140,ACT/USDT:USDT,0.04546,490.0,0.0451,1090.0,0.04685,490.0,0.04718,50.0
1753547092318,16:24:52.318,ACT/USDT:USDT,0.04546,490.0,0.0451,1090.0,0.04685,490.0,0.04718,50.0
1753547092398,16:24:52.398,ACT/USDT:USDT,0.04546,490.0,0.0451,1090.0,0.04685,490.0,0.04718,50.0
1753547093616,16:24:53.616,ACT/USDT:USDT,0.04546,490.0,0.0451,1090.0,0.04685,490.0,0.04718,50.0
1753547093666,16:24:53.666,ACT/USDT:USDT,0.04546,490.0,0.0451,1090.0,0.04685,490.0,0.04718,50.0
1753547096317,16:24:56.317,ACT/USDT:USDT,0.04546,490.0,0.0451,1090.0,0.04685,490.0,0.04718,50.0
1753547096367,16:24:56.367,ACT/USDT:USDT,0.04546,490.0,0.0451,1090.0,0.04685,490.0,0.04718,50.0
1753547097579,16:24:57.579,ACT/USDT:USDT,0.04546,490.0,0.0451,1090.0,0.04685,490.0,0.04718,50.0
1753547098607,16:24:58.607,ACT/USDT:USDT,0.04546,490.0,0.0451,1090.0,0.04685,490.0,0.04718,50.0
1753547098656,16:24:58.656,ACT/USDT:USDT,0.04546,490.0,0.0451,1090.0,0.04685,490.0,0.04718,50.0
1753547099869,16:24:59.869,ACT/USDT:USDT,0.04546,490.0,0.0451,1090.0,0.04685,490.0,0.04718,50.0
1753547099919,16:24:59.919,ACT/USDT:USDT,0.04546,490.0,0.0451,1090.0,0.04685,490.0,0.04718,50.0
1753547101137,16:25:01.137,ACT/USDT:USDT,0.04546,490.0,0.0451,1090.0,0.04685,490.0,0.04718,50.0
1753547101187,16:25:01.187,ACT/USDT:USDT,0.04545,520.0,0.0451,1090.0,0.04684,520.0,0.04718,50.0
1753547101236,16:25:01.236,ACT/USDT:USDT,0.04545,520.0,0.0451,1090.0,0.04684,520.0,0.04718,50.0
1753547102455,16:25:02.455,ACT/USDT:USDT,0.04545,520.0,0.0451,1090.0,0.04684,520.0,0.04718,50.0
1753547102505,16:25:02.505,ACT/USDT:USDT,0.04545,520.0,0.0451,1090.0,0.04684,520.0,0.04718,50.0
1753547103737,16:25:03.737,ACT/USDT:USDT,0.04545,520.0,0.0451,1090.0,0.04684,520.0,0.04718,50.0
1753547103786,16:25:03.786,ACT/USDT:USDT,0.04545,520.0,0.0451,1090.0,0.04684,520.0,0.04718,50.0
1753547104911,16:25:04.911,ACT/USDT:USDT,0.04548,500.0,0.0451,1090.0,0.04684,520.0,0.04718,50.0
1753547104960,16:25:04.960,ACT/USDT:USDT,0.04548,500.0,0.0451,1090.0,0.04687,490.0,0.04718,50.0
1753547105009,16:25:05.009,ACT/USDT:USDT,0.04548,500.0,0.0451,1090.0,0.04687,490.0,0.04718,50.0
1753547106297,16:25:06.297,ACT/USDT:USDT,0.04546,480.0,0.0451,1090.0,0.04687,490.0,0.04718,50.0
1753547106346,16:25:06.346,ACT/USDT:USDT,0.04546,480.0,0.0451,1090.0,0.04685,520.0,0.04718,50.0
1753547106395,16:25:06.395,ACT/USDT:USDT,0.04546,480.0,0.0451,1090.0,0.04685,520.0,0.04718,50.0
1753547107661,16:25:07.661,ACT/USDT:USDT,0.04543,500.0,0.0451,1090.0,0.04685,520.0,0.04718,50.0
1753547107737,16:25:07.737,ACT/USDT:USDT,0.04543,500.0,0.04507,1140.0,0.04685,520.0,0.04718,50.0
1753547107786,16:25:07.786,ACT/USDT:USDT,0.04543,500.0,0.04507,1140.0,0.04682,510.0,0.04718,50.0
1753547108828,16:25:08.828,ACT/USDT:USDT,0.04543,500.0,0.04507,1140.0,0.04682,510.0,0.04718,50.0
1753547108878,16:25:08.878,ACT/USDT:USDT,0.04543,500.0,0.04507,1140.0,0.04682,510.0,0.04718,50.0
1753547110073,16:25:10.073,ACT/USDT:USDT,0.04543,500.0,0.04507,1140.0,0.04682,510.0,0.04718,50.0
1753547111285,16:25:11.285,ACT/USDT:USDT,0.04543,500.0,0.04507,1140.0,0.04682,510.0,0.04718,50.0
1753547111347,16:25:11.347,ACT/USDT:USDT,0.04543,500.0,0.04507,1140.0,0.04682,510.0,0.04718,50.0
1753547112597,16:25:12.597,ACT/USDT:USDT,0.04543,500.0,0.04507,1140.0,0.04682,510.0,0.04718,50.0
1753547112647,16:25:12.647,ACT/USDT:USDT,0.04543,500.0,0.04507,1140.0,0.04682,510.0,0.04718,50.0
1753547113912,16:25:13.912,ACT/USDT:USDT,0.04543,500.0,0.04507,1140.0,0.04682,510.0,0.04718,50.0
1753547114008,16:25:14.008,ACT/USDT:USDT,0.04543,500.0,0.04507,1140.0,0.04682,510.0,0.04718,50.0
1753547115243,16:25:15.243,ACT/USDT:USDT,0.04543,500.0,0.04507,1140.0,0.04682,510.0,0.04718,50.0
1753547115293,16:25:15.293,ACT/USDT:USDT,0.04543,500.0,0.04507,1140.0,0.04682,510.0,0.04718,50.0
1753547116636,16:25:16.636,ACT/USDT:USDT,0.04543,500.0,0.04507,1140.0,0.04682,510.0,0.04718,50.0
1753547116685,16:25:16.685,ACT/USDT:USDT,0.04543,500.0,0.04507,1140.0,0.04682,510.0,0.04718,50.0
1753547117916,16:25:17.916,ACT/USDT:USDT,0.04543,500.0,0.04507,1140.0,0.04682,510.0,0.04718,50.0
1753547117966,16:25:17.966,ACT/USDT:USDT,0.04543,500.0,0.04507,1140.0,0.04682,510.0,0.04718,50.0
1753547120007,16:25:20.007,ACT/USDT:USDT,0.04543,500.0,0.04507,1140.0,0.04682,510.0,0.04718,50.0
1753547120057,16:25:20.057,ACT/USDT:USDT,0.04543,500.0,0.04507,1140.0,0.04682,510.0,0.04718,50.0
1753547120855,16:25:20.855,ACT/USDT:USDT,0.04543,500.0,0.04507,1140.0,0.04682,510.0,0.04718,50.0
1753547120905,16:25:20.905,ACT/USDT:USDT,0.04543,500.0,0.04507,1140.0,0.04682,510.0,0.04718,50.0
1753547122014,16:25:22.014,ACT/USDT:USDT,0.04543,500.0,0.04507,1140.0,0.04682,510.0,0.04718,50.0
1753547122064,16:25:22.064,ACT/USDT:USDT,0.04543,500.0,0.04507,1140.0,0.04682,510.0,0.04718,50.0
1753547123276,16:25:23.276,ACT/USDT:USDT,0.04543,500.0,0.04507,1140.0,0.04682,510.0,0.04718,50.0
1753547123326,16:25:23.326,ACT/USDT:USDT,0.04543,500.0,0.04507,1140.0,0.04682,510.0,0.04718,50.0
1753547124606,16:25:24.606,ACT/USDT:USDT,0.04543,500.0,0.04507,1090.0,0.04682,510.0,0.04718,50.0
1753547124655,16:25:24.655,ACT/USDT:USDT,0.04543,500.0,0.04507,1090.0,0.04682,510.0,0.04718,50.0
1753547125807,16:25:25.807,ACT/USDT:USDT,0.04543,500.0,0.04507,1090.0,0.04682,510.0,0.04718,50.0
1753547127145,16:25:27.145,ACT/USDT:USDT,0.04543,500.0,0.04507,1090.0,0.04682,510.0,0.04718,50.0
1753547127194,16:25:27.194,ACT/USDT:USDT,0.04543,500.0,0.04507,1090.0,0.04682,510.0,0.04718,50.0
1753547128353,16:25:28.353,ACT/USDT:USDT,0.04543,500.0,0.04507,1090.0,0.04682,510.0,0.04718,50.0
1753547128403,16:25:28.403,ACT/USDT:USDT,0.04543,500.0,0.04507,1090.0,0.04682,510.0,0.04718,50.0
1753547129740,16:25:29.740,ACT/USDT:USDT,0.04544,480.0,0.04507,1090.0,0.04682,510.0,0.04718,50.0
1753547129789,16:25:29.789,ACT/USDT:USDT,0.04544,480.0,0.04507,1090.0,0.04683,500.0,0.04718,50.0
1753547131029,16:25:31.029,ACT/USDT:USDT,0.04542,520.0,0.04507,1090.0,0.04683,500.0,0.04718,50.0
1753547131079,16:25:31.079,ACT/USDT:USDT,0.04542,520.0,0.04507,1090.0,0.0468,500.0,0.04718,50.0
1753547131128,16:25:31.128,ACT/USDT:USDT,0.04542,520.0,0.04507,1090.0,0.0468,500.0,0.04718,50.0
1753547131177,16:25:31.177,ACT/USDT:USDT,0.04542,520.0,0.04507,1090.0,0.0468,500.0,0.04718,50.0
1753547132145,16:25:32.145,ACT/USDT:USDT,0.04542,520.0,0.04507,1090.0,0.0468,500.0,0.04718,50.0
1753547132207,16:25:32.207,ACT/USDT:USDT,0.04542,520.0,0.04507,1090.0,0.0468,500.0,0.04718,50.0
1753547133407,16:25:33.407,ACT/USDT:USDT,0.04542,520.0,0.04507,1090.0,0.0468,500.0,0.04718,50.0
1753547133457,16:25:33.457,ACT/USDT:USDT,0.04542,520.0,0.04507,1090.0,0.0468,500.0,0.04718,50.0
1753547134732,16:25:34.732,ACT/USDT:USDT,0.04542,520.0,0.04507,1090.0,0.0468,500.0,0.04718,50.0
1753547134781,16:25:34.781,ACT/USDT:USDT,0.04542,520.0,0.04507,1090.0,0.0468,500.0,0.04718,50.0
1753547135999,16:25:35.999,ACT/USDT:USDT,0.04542,520.0,0.04507,1090.0,0.0468,500.0,0.04718,50.0
1753547136051,16:25:36.051,ACT/USDT:USDT,0.04542,520.0,0.04507,1090.0,0.0468,500.0,0.04718,50.0
1753547137542,16:25:37.542,ACT/USDT:USDT,0.04542,520.0,0.04507,1090.0,0.04679,480.0,0.04718,50.0
1753547137591,16:25:37.591,ACT/USDT:USDT,0.0454,520.0,0.04507,1090.0,0.04679,480.0,0.04718,50.0
1753547137640,16:25:37.640,ACT/USDT:USDT,0.0454,520.0,0.04507,1090.0,0.04679,480.0,0.04716,1190.0
1753547138183,16:25:38.183,ACT/USDT:USDT,0.0454,520.0,0.04507,1090.0,0.04679,480.0,0.04715,50.0
1753547138232,16:25:38.232,ACT/USDT:USDT,0.0454,520.0,0.04507,1090.0,0.04679,480.0,0.04715,50.0
1753547138619,16:25:38.619,ACT/USDT:USDT,0.0454,520.0,0.04507,1090.0,0.04679,520.0,0.04715,50.0
1753547138669,16:25:38.669,ACT/USDT:USDT,0.04541,500.0,0.04507,1090.0,0.04679,520.0,0.04715,50.0
1753547138718,16:25:38.718,ACT/USDT:USDT,0.04541,500.0,0.04507,1090.0,0.04679,520.0,0.04715,50.0
1753547140138,16:25:40.138,ACT/USDT:USDT,0.04541,500.0,0.04507,1090.0,0.04679,520.0,0.04715,50.0
1753547140187,16:25:40.187,ACT/USDT:USDT,0.04541,500.0,0.04507,1090.0,0.04679,520.0,0.04715,50.0
1753547141436,16:25:41.436,ACT/USDT:USDT,0.04541,500.0,0.04507,1090.0,0.04679,520.0,0.04715,50.0
1753547141486,16:25:41.486,ACT/USDT:USDT,0.04541,500.0,0.04504,1190.0,0.04679,520.0,0.04715,50.0
1753547142325,16:25:42.325,ACT/USDT:USDT,0.04541,500.0,0.04504,1190.0,0.04679,520.0,0.04715,50.0
1753547142374,16:25:42.374,ACT/USDT:USDT,0.04541,500.0,0.04504,1190.0,0.04679,520.0,0.04715,50.0
1753547143537,16:25:43.537,ACT/USDT:USDT,0.04541,500.0,0.04504,1190.0,0.04679,520.0,0.04715,50.0
1753547143586,16:25:43.586,ACT/USDT:USDT,0.04541,500.0,0.04504,1190.0,0.04679,520.0,0.04715,50.0
1753547144811,16:25:44.811,ACT/USDT:USDT,0.04541,500.0,0.04504,1190.0,0.04679,520.0,0.04715,50.0
1753547144867,16:25:44.867,ACT/USDT:USDT,0.04541,500.0,0.04504,1190.0,0.04679,520.0,0.04715,50.0
1753547146127,16:25:46.127,ACT/USDT:USDT,0.04541,500.0,0.04504,1190.0,0.04679,520.0,0.04715,50.0
1753547146177,16:25:46.177,ACT/USDT:USDT,0.04541,500.0,0.04504,1190.0,0.04679,520.0,0.04715,50.0
1753547147430,16:25:47.430,ACT/USDT:USDT,0.04541,500.0,0.04504,1190.0,0.04679,520.0,0.04715,50.0
1753547147538,16:25:47.538,ACT/USDT:USDT,0.04541,500.0,0.04504,1190.0,0.04679,520.0,0.04715,50.0
1753547148704,16:25:48.704,ACT/USDT:USDT,0.04541,500.0,0.04504,1190.0,0.04679,520.0,0.04715,50.0
1753547148753,16:25:48.753,ACT/USDT:USDT,0.04541,500.0,0.04504,1190.0,0.04679,520.0,0.04715,50.0
1753547149928,16:25:49.928,ACT/USDT:USDT,0.04541,500.0,0.04504,1190.0,0.04679,520.0,0.04715,50.0
1753547149977,16:25:49.977,ACT/USDT:USDT,0.04541,500.0,0.04504,1190.0,0.04679,520.0,0.04715,50.0
1753547151168,16:25:51.168,ACT/USDT:USDT,0.04541,500.0,0.04504,1190.0,0.04679,520.0,0.04715,50.0
1753547151217,16:25:51.217,ACT/USDT:USDT,0.04541,500.0,0.04504,1190.0,0.04679,520.0,0.04715,50.0
1753547152500,16:25:52.500,ACT/USDT:USDT,0.04537,490.0,0.04504,1190.0,0.04679,520.0,0.04715,50.0
1753547152549,16:25:52.549,ACT/USDT:USDT,0.04537,490.0,0.04504,1190.0,0.04676,510.0,0.04715,50.0
1753547153702,16:25:53.702,ACT/USDT:USDT,0.04537,490.0,0.04504,1190.0,0.04676,510.0,0.04715,50.0
1753547153756,16:25:53.756,ACT/USDT:USDT,0.04537,490.0,0.04504,1190.0,0.04676,510.0,0.04713,1190.0
1753547153975,16:25:53.975,ACT/USDT:USDT,0.04537,490.0,0.04504,1190.0,0.04676,510.0,0.04713,1190.0
1753547154025,16:25:54.025,ACT/USDT:USDT,0.04537,490.0,0.04504,1190.0,0.04676,510.0,0.04712,50.0
1753547155001,16:25:55.001,ACT/USDT:USDT,0.04537,490.0,0.04504,1190.0,0.04676,510.0,0.04712,50.0
1753547155051,16:25:55.051,ACT/USDT:USDT,0.04537,490.0,0.04504,1190.0,0.04676,510.0,0.04712,50.0
1753547156339,16:25:56.339,ACT/USDT:USDT,0.04537,490.0,0.04504,1190.0,0.04676,510.0,0.04712,50.0
1753547156388,16:25:56.388,ACT/USDT:USDT,0.04537,490.0,0.04504,1190.0,0.04676,510.0,0.04712,50.0
1753547157545,16:25:57.545,ACT/USDT:USDT,0.04537,490.0,0.04504,1190.0,0.04676,510.0,0.04712,50.0
1753547157594,16:25:57.594,ACT/USDT:USDT,0.04537,490.0,0.04501,1150.0,0.04676,510.0,0.04712,50.0
1753547158826,16:25:58.826,ACT/USDT:USDT,0.04537,490.0,0.04501,1150.0,0.04676,510.0,0.04712,50.0
1753547158876,16:25:58.876,ACT/USDT:USDT,0.04537,490.0,0.04501,1150.0,0.04676,510.0,0.04712,50.0
1753547160062,16:26:00.062,ACT/USDT:USDT,0.04537,490.0,0.04501,1150.0,0.04676,510.0,0.04712,50.0
1753547160112,16:26:00.112,ACT/USDT:USDT,0.04537,490.0,0.04501,1150.0,0.04676,510.0,0.04712,50.0
1753547161523,16:26:01.523,ACT/USDT:USDT,0.04537,490.0,0.04501,1150.0,0.04676,510.0,0.04712,50.0
1753547161587,16:26:01.587,ACT/USDT:USDT,0.04537,490.0,0.04501,1150.0,0.04677,480.0,0.04712,50.0
1753547161637,16:26:01.637,ACT/USDT:USDT,0.04539,510.0,0.04501,1150.0,0.04677,480.0,0.04712,50.0
1753547163461,16:26:03.461,ACT/USDT:USDT,0.04539,510.0,0.04501,1150.0,0.04677,480.0,0.04712,50.0
1753547163511,16:26:03.511,ACT/USDT:USDT,0.04539,510.0,0.04501,1150.0,0.04678,510.0,0.04712,50.0
1753547164053,16:26:04.053,ACT/USDT:USDT,0.04539,510.0,0.04501,1150.0,0.04678,510.0,0.04713,1190.0
1753547164103,16:26:04.103,ACT/USDT:USDT,0.04539,510.0,0.04501,1150.0,0.04678,560.0,0.04713,1190.0
1753547164232,16:26:04.232,ACT/USDT:USDT,0.04539,490.0,0.04501,1150.0,0.04678,560.0,0.04713,1190.0
1753547164282,16:26:04.282,ACT/USDT:USDT,0.04539,490.0,0.04501,1150.0,0.04677,490.0,0.04678,50.0
1753547164331,16:26:04.331,ACT/USDT:USDT,0.04539,490.0,0.04501,1150.0,0.04677,490.0,0.04678,50.0
1753547164583,16:26:04.583,ACT/USDT:USDT,0.04539,490.0,0.04501,1150.0,0.04677,540.0,0.04678,50.0
1753547164633,16:26:04.633,ACT/USDT:USDT,0.04539,490.0,0.04501,1150.0,0.04677,540.0,0.04713,1190.0
1753547165661,16:26:05.661,ACT/USDT:USDT,0.04538,510.0,0.04501,1150.0,0.04676,520.0,0.04677,50.0
1753547165782,16:26:05.782,ACT/USDT:USDT,0.04538,510.0,0.04501,1150.0,0.04676,570.0,0.04713,1190.0
1753547166881,16:26:06.881,ACT/USDT:USDT,0.04538,510.0,0.04501,1150.0,0.04676,570.0,0.04713,1190.0
1753547166930,16:26:06.930,ACT/USDT:USDT,0.04538,510.0,0.04501,1150.0,0.04676,570.0,0.04713,1190.0
1753547168167,16:26:08.167,ACT/USDT:USDT,0.04538,510.0,0.04501,1150.0,0.04676,570.0,0.04713,1190.0
1753547168216,16:26:08.216,ACT/USDT:USDT,0.04538,510.0,0.04501,1150.0,0.04676,570.0,0.04713,1190.0
1753547169368,16:26:09.368,ACT/USDT:USDT,0.04538,510.0,0.04501,1150.0,0.04676,570.0,0.04713,1190.0
1753547169417,16:26:09.417,ACT/USDT:USDT,0.04538,510.0,0.04501,1150.0,0.04676,570.0,0.04713,1190.0
1753547170694,16:26:10.694,ACT/USDT:USDT,0.04538,510.0,0.04501,1150.0,0.04676,570.0,0.04713,1190.0
1753547170744,16:26:10.744,ACT/USDT:USDT,0.04538,490.0,0.04501,1150.0,0.04676,50.0,0.04677,510.0
1753547171993,16:26:11.993,ACT/USDT:USDT,0.04538,490.0,0.04501,1150.0,0.04676,50.0,0.04677,510.0
1753547172096,16:26:12.096,ACT/USDT:USDT,0.04538,490.0,0.04501,1150.0,0.04676,50.0,0.04677,510.0
1753547173909,16:26:13.909,ACT/USDT:USDT,0.04538,490.0,0.04501,1150.0,0.04676,50.0,0.04677,510.0
1753547174736,16:26:14.736,ACT/USDT:USDT,0.04539,490.0,0.04501,1150.0,0.04676,50.0,0.04677,510.0
1753547174785,16:26:14.785,ACT/USDT:USDT,0.04539,490.0,0.04501,1150.0,0.04676,50.0,0.04678,500.0
1753547174834,16:26:14.834,ACT/USDT:USDT,0.04539,490.0,0.04503,1110.0,0.04676,50.0,0.04678,500.0
1753547176075,16:26:16.075,ACT/USDT:USDT,0.04539,490.0,0.04503,1110.0,0.04676,50.0,0.04678,500.0
1753547176148,16:26:16.148,ACT/USDT:USDT,0.04539,490.0,0.04503,1110.0,0.04676,50.0,0.04678,500.0
1753547177246,16:26:17.246,ACT/USDT:USDT,0.04539,490.0,0.04503,1110.0,0.04676,50.0,0.04678,500.0
1753547177296,16:26:17.296,ACT/USDT:USDT,0.04539,490.0,0.04503,1110.0,0.04676,50.0,0.04678,500.0
1753547178571,16:26:18.571,ACT/USDT:USDT,0.04539,490.0,0.04503,1110.0,0.04676,50.0,0.04678,500.0
1753547178620,16:26:18.620,ACT/USDT:USDT,0.04539,490.0,0.04503,1110.0,0.04676,50.0,0.04678,500.0
1753547179727,16:26:19.727,ACT/USDT:USDT,0.04539,490.0,0.04503,1110.0,0.04676,50.0,0.04678,500.0
1753547179796,16:26:19.796,ACT/USDT:USDT,0.04539,490.0,0.04503,1110.0,0.04676,50.0,0.04678,500.0
1753547181104,16:26:21.104,ACT/USDT:USDT,0.04539,490.0,0.04503,1110.0,0.04676,50.0,0.04678,500.0
1753547181153,16:26:21.153,ACT/USDT:USDT,0.04539,490.0,0.04503,1110.0,0.04676,50.0,0.04678,500.0
