timestamp,time,exchange,symbol,bid1_price,bid1_volume,bid2_price,bid2_volume,ask1_price,ask1_volume,ask2_price,ask2_volume
1753591898607,04:51:38.607,okx,AEVO/USDT:USDT,0.10823,2283.0,0.10822,2832.0,0.10824,6.0,0.10825,6.0
1753591899807,04:51:39.807,okx,AEVO/USDT:USDT,0.10826,3338.0,0.10825,274.0,0.10827,1.0,0.10828,2.0
1753591899907,04:51:39.907,okx,AEVO/USDT:USDT,0.10826,3338.0,0.10825,274.0,0.10827,1.0,0.10828,2.0
1753591900007,04:51:40.007,okx,AEVO/USDT:USDT,0.10826,3338.0,0.10825,274.0,0.10827,1.0,0.10828,2.0
1753591900807,04:51:40.807,okx,AEVO/USDT:USDT,0.10826,3337.0,0.10825,274.0,0.10827,1.0,0.10828,2.0
1753591901407,04:51:41.407,okx,AEVO/USDT:USDT,0.10826,3337.0,0.10825,274.0,0.10827,1.0,0.10828,2.0
1753591901607,04:51:41.607,okx,AEVO/USDT:USDT,0.10826,3338.0,0.10825,274.0,0.10827,1.0,0.10828,2.0
1753591902207,04:51:42.207,okx,AEVO/USDT:USDT,0.10826,3338.0,0.10825,274.0,0.10827,1.0,0.10828,2.0
1753591902907,04:51:42.907,okx,AEVO/USDT:USDT,0.10826,3338.0,0.10825,941.0,0.10827,1.0,0.10828,2.0
1753591903307,04:51:43.307,okx,AEVO/USDT:USDT,0.10826,3338.0,0.10825,941.0,0.10827,1.0,0.10828,2.0
1753591903407,04:51:43.407,okx,AEVO/USDT:USDT,0.10826,3338.0,0.10825,941.0,0.10827,1.0,0.10828,2.0
1753591903507,04:51:43.507,okx,AEVO/USDT:USDT,0.10826,3338.0,0.10825,942.0,0.10827,1.0,0.10828,2.0
1753591904107,04:51:44.107,okx,AEVO/USDT:USDT,0.10826,3337.0,0.10825,942.0,0.10827,1.0,0.10828,2.0
1753591904307,04:51:44.307,okx,AEVO/USDT:USDT,0.10826,3337.0,0.10825,942.0,0.10827,1.0,0.10828,2.0
1753591904507,04:51:44.507,okx,AEVO/USDT:USDT,0.10826,3337.0,0.10825,942.0,0.10827,1.0,0.10828,2.0
1753591904807,04:51:44.807,okx,AEVO/USDT:USDT,0.10826,3337.0,0.10825,942.0,0.10827,1.0,0.10828,2.0
1753591904907,04:51:44.907,okx,AEVO/USDT:USDT,0.10826,3337.0,0.10825,942.0,0.10827,1.0,0.10828,2.0
1753591905007,04:51:45.007,okx,AEVO/USDT:USDT,0.10826,3337.0,0.10825,942.0,0.10827,1.0,0.10828,2.0
1753591905707,04:51:45.707,okx,AEVO/USDT:USDT,0.10826,3337.0,0.10825,942.0,0.10827,1.0,0.10828,2.0
1753591906307,04:51:46.307,okx,AEVO/USDT:USDT,0.10826,3337.0,0.10825,942.0,0.10827,1.0,0.10828,2.0
1753591906407,04:51:46.407,okx,AEVO/USDT:USDT,0.10826,3338.0,0.10825,942.0,0.10827,1.0,0.10828,2.0
1753591908407,04:51:48.407,okx,AEVO/USDT:USDT,0.10826,3338.0,0.10825,942.0,0.10827,1.0,0.10828,2.0
1753591909507,04:51:49.507,okx,AEVO/USDT:USDT,0.10826,6794.0,0.10825,942.0,0.10827,4.0,0.10828,2.0
1753591910207,04:51:50.207,okx,AEVO/USDT:USDT,0.10827,1551.0,0.10826,6072.0,0.10828,2.0,0.1083,6.0
1753591910407,04:51:50.407,okx,AEVO/USDT:USDT,0.10827,1551.0,0.10826,6072.0,0.10828,2.0,0.1083,6.0
1753591910707,04:51:50.707,okx,AEVO/USDT:USDT,0.10827,1551.0,0.10826,6072.0,0.10828,2.0,0.1083,6.0
1753591911007,04:51:51.007,okx,AEVO/USDT:USDT,0.10827,1551.0,0.10826,6072.0,0.10828,2.0,0.1083,7.0
1753591911307,04:51:51.307,okx,AEVO/USDT:USDT,0.10827,1551.0,0.10826,6072.0,0.10828,2.0,0.1083,7.0
1753591911907,04:51:51.907,okx,AEVO/USDT:USDT,0.10826,3457.0,0.10825,1.0,0.10827,727.0,0.10828,795.0
1753591912707,04:51:52.707,okx,AEVO/USDT:USDT,0.10827,1.0,0.10826,4126.0,0.10828,2.0,0.1083,1328.0
1753591913207,04:51:53.207,okx,AEVO/USDT:USDT,0.10827,873.0,0.10826,3459.0,0.10828,2.0,0.1083,1328.0
1753591913707,04:51:53.707,okx,AEVO/USDT:USDT,0.10827,873.0,0.10826,3459.0,0.10828,2.0,0.1083,1328.0
1753591913807,04:51:53.807,okx,AEVO/USDT:USDT,0.10827,873.0,0.10826,3459.0,0.10828,2.0,0.1083,1328.0
1753591914307,04:51:54.307,okx,AEVO/USDT:USDT,0.10827,873.0,0.10826,3459.0,0.10828,2.0,0.1083,1328.0
1753591916507,04:51:56.507,okx,AEVO/USDT:USDT,0.10827,873.0,0.10826,3459.0,0.10828,5.0,0.1083,1328.0
1753591916607,04:51:56.607,okx,AEVO/USDT:USDT,0.10827,873.0,0.10826,3459.0,0.10828,5.0,0.1083,1328.0
1753591916807,04:51:56.807,okx,AEVO/USDT:USDT,0.10827,873.0,0.10826,3459.0,0.10828,5.0,0.1083,1328.0
1753591917107,04:51:57.107,okx,AEVO/USDT:USDT,0.10827,873.0,0.10826,3459.0,0.10828,5.0,0.1083,1328.0
1753591917207,04:51:57.207,okx,AEVO/USDT:USDT,0.10827,873.0,0.10826,3459.0,0.10828,5.0,0.1083,1328.0
1753591917607,04:51:57.607,okx,AEVO/USDT:USDT,0.10827,873.0,0.10826,3459.0,0.10828,725.0,0.1083,1328.0
1753591920307,04:52:00.307,okx,AEVO/USDT:USDT,0.10827,873.0,0.10826,3459.0,0.10828,725.0,0.1083,1328.0
1753591920507,04:52:00.507,okx,AEVO/USDT:USDT,0.10827,873.0,0.10826,3459.0,0.10828,725.0,0.1083,1328.0
1753591920807,04:52:00.807,okx,AEVO/USDT:USDT,0.10827,873.0,0.10826,3459.0,0.10828,2139.0,0.1083,1328.0
1753591920907,04:52:00.907,okx,AEVO/USDT:USDT,0.10827,873.0,0.10826,3459.0,0.10828,2155.0,0.10829,17.0
1753591921007,04:52:01.007,okx,AEVO/USDT:USDT,0.10827,873.0,0.10826,3459.0,0.10828,2155.0,0.10829,17.0
1753591921407,04:52:01.407,okx,AEVO/USDT:USDT,0.10827,873.0,0.10826,3459.0,0.10828,2155.0,0.10829,17.0
1753591921507,04:52:01.507,okx,AEVO/USDT:USDT,0.10827,1404.0,0.10826,3459.0,0.10828,2155.0,0.10829,17.0
1753591921607,04:52:01.607,okx,AEVO/USDT:USDT,0.10828,1546.0,0.10827,1244.0,0.10829,17.0,0.1083,13.0
1753591921807,04:52:01.807,okx,AEVO/USDT:USDT,0.10828,1741.0,0.10827,1504.0,0.10829,12.0,0.1083,13.0
1753591922107,04:52:02.107,okx,AEVO/USDT:USDT,0.10828,1741.0,0.10827,1504.0,0.10829,13.0,0.1083,13.0
1753591923007,04:52:03.007,okx,AEVO/USDT:USDT,0.10828,1210.0,0.10827,681.0,0.10829,13.0,0.1083,13.0
1753591923107,04:52:03.107,okx,AEVO/USDT:USDT,0.10828,1210.0,0.10827,681.0,0.10829,13.0,0.1083,13.0
1753591923707,04:52:03.707,okx,AEVO/USDT:USDT,0.10828,1210.0,0.10827,681.0,0.10829,13.0,0.1083,13.0
1753591924307,04:52:04.307,okx,AEVO/USDT:USDT,0.10828,1210.0,0.10827,681.0,0.10829,13.0,0.1083,13.0
1753591924807,04:52:04.807,okx,AEVO/USDT:USDT,0.10828,1210.0,0.10827,681.0,0.10829,13.0,0.1083,13.0
1753591925207,04:52:05.207,okx,AEVO/USDT:USDT,0.10828,1210.0,0.10827,681.0,0.10829,13.0,0.1083,13.0
1753591925307,04:52:05.307,okx,AEVO/USDT:USDT,0.10828,1210.0,0.10827,681.0,0.10829,13.0,0.1083,13.0
1753591925407,04:52:05.407,okx,AEVO/USDT:USDT,0.10828,1210.0,0.10827,681.0,0.10829,13.0,0.1083,13.0
1753591925607,04:52:05.607,okx,AEVO/USDT:USDT,0.10828,1210.0,0.10827,681.0,0.10829,13.0,0.1083,13.0
1753591925807,04:52:05.807,okx,AEVO/USDT:USDT,0.10828,1210.0,0.10827,681.0,0.10829,13.0,0.1083,13.0
1753591925907,04:52:05.907,okx,AEVO/USDT:USDT,0.10828,1210.0,0.10827,681.0,0.10829,13.0,0.1083,13.0
1753591926807,04:52:06.807,okx,AEVO/USDT:USDT,0.10828,1210.0,0.10827,681.0,0.10829,13.0,0.1083,13.0
1753591926907,04:52:06.907,okx,AEVO/USDT:USDT,0.10828,1210.0,0.10827,681.0,0.10829,13.0,0.1083,13.0
1753591928007,04:52:08.007,okx,AEVO/USDT:USDT,0.10828,1210.0,0.10827,681.0,0.10829,13.0,0.1083,13.0
1753591929107,04:52:09.107,okx,AEVO/USDT:USDT,0.10828,1015.0,0.10827,681.0,0.10829,13.0,0.1083,11.0
1753591929707,04:52:09.707,okx,AEVO/USDT:USDT,0.10828,1015.0,0.10827,681.0,0.10829,13.0,0.1083,11.0
1753591930707,04:52:10.707,okx,AEVO/USDT:USDT,0.10828,1015.0,0.10827,681.0,0.10829,13.0,0.1083,11.0
1753591931307,04:52:11.307,okx,AEVO/USDT:USDT,0.10828,1551.0,0.10827,1401.0,0.10829,13.0,0.1083,11.0
1753591931907,04:52:11.907,okx,AEVO/USDT:USDT,0.10828,1015.0,0.10827,681.0,0.10829,13.0,0.1083,11.0
1753591932007,04:52:12.007,okx,AEVO/USDT:USDT,0.10828,1015.0,0.10827,681.0,0.10829,13.0,0.1083,11.0
1753591932207,04:52:12.207,okx,AEVO/USDT:USDT,0.10828,1015.0,0.10827,681.0,0.10829,13.0,0.1083,11.0
1753591935207,04:52:15.207,okx,AEVO/USDT:USDT,0.10828,1015.0,0.10827,681.0,0.10829,1721.0,0.1083,11.0
1753591935407,04:52:15.407,okx,AEVO/USDT:USDT,0.10828,1015.0,0.10827,275.0,0.10829,1721.0,0.1083,11.0
1753591936007,04:52:16.007,okx,AEVO/USDT:USDT,0.10828,1015.0,0.10827,995.0,0.10829,1721.0,0.1083,11.0
1753591936107,04:52:16.107,okx,AEVO/USDT:USDT,0.10828,1551.0,0.10827,995.0,0.10829,1721.0,0.1083,11.0
1753591936207,04:52:16.207,okx,AEVO/USDT:USDT,0.10828,1551.0,0.10827,995.0,0.10829,1721.0,0.1083,11.0
1753591936307,04:52:16.307,okx,AEVO/USDT:USDT,0.10828,1983.0,0.10827,995.0,0.10829,1721.0,0.1083,11.0
1753591936407,04:52:16.407,okx,AEVO/USDT:USDT,0.10828,1983.0,0.10827,995.0,0.10829,1721.0,0.1083,11.0
1753591936907,04:52:16.907,okx,AEVO/USDT:USDT,0.10828,1983.0,0.10827,995.0,0.10829,1721.0,0.1083,11.0
1753591937207,04:52:17.207,okx,AEVO/USDT:USDT,0.10828,1447.0,0.10827,275.0,0.10829,1721.0,0.1083,11.0
1753591937307,04:52:17.307,okx,AEVO/USDT:USDT,0.10828,1447.0,0.10827,275.0,0.10829,1721.0,0.1083,11.0
1753591937607,04:52:17.607,okx,AEVO/USDT:USDT,0.10828,1577.0,0.10827,275.0,0.10829,1721.0,0.1083,11.0
1753591938707,04:52:18.707,okx,AEVO/USDT:USDT,0.10828,1577.0,0.10827,995.0,0.10829,1721.0,0.1083,11.0
1753591938807,04:52:18.807,okx,AEVO/USDT:USDT,0.10828,1577.0,0.10827,995.0,0.10829,1721.0,0.1083,11.0
1753591938907,04:52:18.907,okx,AEVO/USDT:USDT,0.10828,1577.0,0.10827,995.0,0.10829,1721.0,0.1083,11.0
1753591939007,04:52:19.007,okx,AEVO/USDT:USDT,0.10828,1577.0,0.10827,995.0,0.10829,1721.0,0.1083,11.0
1753591939907,04:52:19.907,okx,AEVO/USDT:USDT,0.10828,1577.0,0.10827,995.0,0.10829,1721.0,0.1083,11.0
1753591940307,04:52:20.307,okx,AEVO/USDT:USDT,0.10828,1577.0,0.10827,995.0,0.10829,1721.0,0.1083,11.0
1753591940707,04:52:20.707,okx,AEVO/USDT:USDT,0.10828,1577.0,0.10827,995.0,0.10829,1721.0,0.1083,11.0
1753591941507,04:52:21.507,okx,AEVO/USDT:USDT,0.10829,1553.0,0.10828,1309.0,0.1083,11.0,0.10831,1.0
1753591941707,04:52:21.707,okx,AEVO/USDT:USDT,0.10829,1015.0,0.10828,1309.0,0.1083,11.0,0.10831,1.0
1753591942707,04:52:22.707,okx,AEVO/USDT:USDT,0.10829,1015.0,0.10828,1309.0,0.1083,11.0,0.10831,1.0
1753591942807,04:52:22.807,okx,AEVO/USDT:USDT,0.10829,1015.0,0.10828,1309.0,0.1083,11.0,0.10831,1.0
1753591943207,04:52:23.207,okx,AEVO/USDT:USDT,0.1083,3387.0,0.10829,1532.0,0.10831,1.0,0.10832,2.0
1753591943407,04:52:23.407,okx,AEVO/USDT:USDT,0.1083,3387.0,0.10829,1532.0,0.10831,1.0,0.10832,2.0
1753591943507,04:52:23.507,okx,AEVO/USDT:USDT,0.1083,3387.0,0.10829,1532.0,0.10831,1.0,0.10832,2.0
1753591944107,04:52:24.107,okx,AEVO/USDT:USDT,0.1083,3387.0,0.10829,812.0,0.10831,1.0,0.10832,2.0
1753591944407,04:52:24.407,okx,AEVO/USDT:USDT,0.1083,8448.0,0.10829,812.0,0.10831,1.0,0.10832,2.0
1753591944607,04:52:24.607,okx,AEVO/USDT:USDT,0.1083,8448.0,0.10829,812.0,0.10831,1.0,0.10832,2.0
1753591944707,04:52:24.707,okx,AEVO/USDT:USDT,0.1083,8448.0,0.10829,812.0,0.10831,1.0,0.10832,2.0
1753591945307,04:52:25.307,okx,AEVO/USDT:USDT,0.1083,8448.0,0.10829,812.0,0.10831,1.0,0.10832,2.0
1753591946407,04:52:26.407,okx,AEVO/USDT:USDT,0.1083,8448.0,0.10829,812.0,0.10831,1.0,0.10832,2.0
1753591946607,04:52:26.607,okx,AEVO/USDT:USDT,0.1083,8448.0,0.10829,812.0,0.10831,1.0,0.10832,2.0
1753591947307,04:52:27.307,okx,AEVO/USDT:USDT,0.1083,8448.0,0.10829,812.0,0.10831,1.0,0.10832,2.0
1753591949207,04:52:29.207,okx,AEVO/USDT:USDT,0.1083,8448.0,0.10829,541.0,0.10831,1.0,0.10832,2.0
1753591949307,04:52:29.307,okx,AEVO/USDT:USDT,0.1083,8448.0,0.10829,541.0,0.10831,1.0,0.10832,2.0
1753591949407,04:52:29.407,okx,AEVO/USDT:USDT,0.1083,8448.0,0.10829,3.0,0.10831,1.0,0.10832,2.0
1753591949607,04:52:29.607,okx,AEVO/USDT:USDT,0.1083,8448.0,0.10829,3.0,0.10831,1.0,0.10832,2.0
1753591950207,04:52:30.207,okx,AEVO/USDT:USDT,0.1083,5108.0,0.10829,3.0,0.10831,539.0,0.10832,2.0
1753591951007,04:52:31.007,okx,AEVO/USDT:USDT,0.1083,5108.0,0.10829,3.0,0.10831,539.0,0.10832,2.0
1753591951107,04:52:31.107,okx,AEVO/USDT:USDT,0.1083,5108.0,0.10829,3.0,0.10831,1.0,0.10832,2.0
1753591951307,04:52:31.307,okx,AEVO/USDT:USDT,0.1083,5108.0,0.10829,3.0,0.10831,1.0,0.10832,2.0
1753591951507,04:52:31.507,okx,AEVO/USDT:USDT,0.1083,5108.0,0.10829,3.0,0.10831,1.0,0.10832,2.0
1753591952007,04:52:32.007,okx,AEVO/USDT:USDT,0.1083,5108.0,0.10829,3.0,0.10831,1.0,0.10832,2.0
1753591952107,04:52:32.107,okx,AEVO/USDT:USDT,0.1083,5108.0,0.10829,3.0,0.10831,1.0,0.10832,2.0
1753591952207,04:52:32.207,okx,AEVO/USDT:USDT,0.1083,5108.0,0.10829,3.0,0.10831,1.0,0.10832,2.0
1753591952707,04:52:32.707,okx,AEVO/USDT:USDT,0.1083,5108.0,0.10829,3.0,0.10831,1.0,0.10832,2.0
1753591953007,04:52:33.007,okx,AEVO/USDT:USDT,0.1083,5108.0,0.10829,3.0,0.10831,1.0,0.10832,2.0
1753591953307,04:52:33.307,okx,AEVO/USDT:USDT,0.1083,5108.0,0.10829,3.0,0.10831,1.0,0.10832,2.0
1753591953807,04:52:33.807,okx,AEVO/USDT:USDT,0.1083,5108.0,0.10829,3.0,0.10831,1.0,0.10832,2.0
1753591954307,04:52:34.307,okx,AEVO/USDT:USDT,0.1083,5108.0,0.10829,3.0,0.10831,1.0,0.10832,2.0
1753591954707,04:52:34.707,okx,AEVO/USDT:USDT,0.1083,5108.0,0.10829,3.0,0.10831,1.0,0.10832,2.0
1753591955207,04:52:35.207,okx,AEVO/USDT:USDT,0.1083,5108.0,0.10829,3.0,0.10831,1.0,0.10832,2.0
1753591955407,04:52:35.407,okx,AEVO/USDT:USDT,0.1083,5108.0,0.10829,3.0,0.10831,535.0,0.10832,2.0
1753591955707,04:52:35.707,okx,AEVO/USDT:USDT,0.1083,5108.0,0.10829,3.0,0.10831,535.0,0.10832,2.0
1753591955907,04:52:35.907,okx,AEVO/USDT:USDT,0.1083,5108.0,0.10829,3.0,0.10831,1.0,0.10832,2.0
1753591956207,04:52:36.207,okx,AEVO/USDT:USDT,0.1083,5108.0,0.10829,3.0,0.10831,1.0,0.10832,2.0
1753591957207,04:52:37.207,okx,AEVO/USDT:USDT,0.1083,5108.0,0.10829,3.0,0.10831,1.0,0.10832,2.0
1753591959207,04:52:39.207,okx,AEVO/USDT:USDT,0.1083,5108.0,0.10829,3.0,0.10831,1.0,0.10832,2.0
1753591959507,04:52:39.507,okx,AEVO/USDT:USDT,0.1083,5107.0,0.10829,3.0,0.10831,1.0,0.10832,2.0
1753591959707,04:52:39.707,okx,AEVO/USDT:USDT,0.10831,3885.0,0.1083,5335.0,0.10832,2.0,0.10833,4.0
1753591960207,04:52:40.207,okx,AEVO/USDT:USDT,0.10831,3885.0,0.1083,5335.0,0.10832,2.0,0.10833,4.0
1753591960607,04:52:40.607,okx,AEVO/USDT:USDT,0.10831,9483.0,0.1083,275.0,0.10832,2.0,0.10833,4.0
1753591960807,04:52:40.807,okx,AEVO/USDT:USDT,0.10831,9483.0,0.1083,275.0,0.10832,2.0,0.10833,4.0
1753591962107,04:52:42.107,okx,AEVO/USDT:USDT,0.10831,5599.0,0.1083,4.0,0.10832,487.0,0.10833,4.0
1753591965507,04:52:45.507,okx,AEVO/USDT:USDT,0.10831,5599.0,0.1083,4.0,0.10832,2.0,0.10833,4.0
1753591965907,04:52:45.907,okx,AEVO/USDT:USDT,0.10831,5599.0,0.1083,4.0,0.10832,2.0,0.10833,4.0
1753591966407,04:52:46.407,okx,AEVO/USDT:USDT,0.10831,5599.0,0.1083,4.0,0.10832,2.0,0.10833,4.0
1753591966707,04:52:46.707,okx,AEVO/USDT:USDT,0.10831,5599.0,0.1083,4.0,0.10832,2.0,0.10833,4.0
1753591967907,04:52:47.907,okx,AEVO/USDT:USDT,0.10831,5599.0,0.1083,4.0,0.10832,2.0,0.10833,4.0
1753591968307,04:52:48.307,okx,AEVO/USDT:USDT,0.10831,5599.0,0.1083,4.0,0.10832,2.0,0.10833,4.0
1753591968407,04:52:48.407,okx,AEVO/USDT:USDT,0.10831,5599.0,0.1083,4.0,0.10832,2.0,0.10833,4.0
1753591968507,04:52:48.507,okx,AEVO/USDT:USDT,0.10831,5599.0,0.1083,4.0,0.10832,2.0,0.10833,4.0
1753591969407,04:52:49.407,okx,AEVO/USDT:USDT,0.10831,5870.0,0.1083,275.0,0.10832,2.0,0.10833,4.0
1753591970207,04:52:50.207,okx,AEVO/USDT:USDT,0.10831,5870.0,0.1083,275.0,0.10832,2.0,0.10833,4.0
1753591970307,04:52:50.307,okx,AEVO/USDT:USDT,0.10831,5870.0,0.1083,275.0,0.10832,2.0,0.10833,4.0
1753591971507,04:52:51.507,okx,AEVO/USDT:USDT,0.10831,5595.0,0.1083,4.0,0.10832,2.0,0.10833,4.0
1753591971807,04:52:51.807,okx,AEVO/USDT:USDT,0.10831,5595.0,0.1083,4.0,0.10832,2.0,0.10833,4.0
1753591972407,04:52:52.407,okx,AEVO/USDT:USDT,0.10832,3881.0,0.10831,7222.0,0.10833,4.0,0.10834,15.0
1753591973407,04:52:53.407,okx,AEVO/USDT:USDT,0.10832,4425.0,0.10831,8933.0,0.10833,4.0,0.10834,15.0
1753591973507,04:52:53.507,okx,AEVO/USDT:USDT,0.10832,4425.0,0.10831,8933.0,0.10833,4.0,0.10834,15.0
1753591973907,04:52:53.907,okx,AEVO/USDT:USDT,0.10832,4425.0,0.10831,8933.0,0.10833,4.0,0.10834,15.0
1753591974307,04:52:54.307,okx,AEVO/USDT:USDT,0.10832,4425.0,0.10831,8933.0,0.10833,4.0,0.10834,15.0
1753591975307,04:52:55.307,okx,AEVO/USDT:USDT,0.10832,4425.0,0.10831,8933.0,0.10833,4.0,0.10834,15.0
1753591975607,04:52:55.607,okx,AEVO/USDT:USDT,0.10832,4425.0,0.10831,8933.0,0.10833,4.0,0.10834,15.0
1753591975807,04:52:55.807,okx,AEVO/USDT:USDT,0.10832,4425.0,0.10831,8091.0,0.10833,4.0,0.10834,15.0
1753591976207,04:52:56.207,okx,AEVO/USDT:USDT,0.10832,4425.0,0.10831,8091.0,0.10833,4.0,0.10834,15.0
1753591976407,04:52:56.407,okx,AEVO/USDT:USDT,0.10832,4425.0,0.10831,5835.0,0.10833,4.0,0.10834,15.0
1753591976807,04:52:56.807,okx,AEVO/USDT:USDT,0.10832,4425.0,0.10831,5835.0,0.10833,4.0,0.10834,15.0
1753591977407,04:52:57.407,okx,AEVO/USDT:USDT,0.10832,4425.0,0.10831,5835.0,0.10833,4.0,0.10834,15.0
1753591978307,04:52:58.307,okx,AEVO/USDT:USDT,0.10832,4425.0,0.10831,6106.0,0.10833,4.0,0.10834,15.0
1753591979007,04:52:59.007,okx,AEVO/USDT:USDT,0.10832,4425.0,0.10831,5835.0,0.10833,4.0,0.10834,15.0
1753591979107,04:52:59.107,okx,AEVO/USDT:USDT,0.10832,4425.0,0.10831,5835.0,0.10833,4.0,0.10834,15.0
1753591980307,04:53:00.307,okx,AEVO/USDT:USDT,0.10834,1015.0,0.10833,3.0,0.10835,1.0,0.10836,3.0
1753591981007,04:53:01.007,okx,AEVO/USDT:USDT,0.10834,6240.0,0.10833,3.0,0.10835,9.0,0.10836,11.0
1753591981207,04:53:01.207,okx,AEVO/USDT:USDT,0.10834,6240.0,0.10833,3.0,0.10835,9.0,0.10836,11.0
1753591982407,04:53:02.407,okx,AEVO/USDT:USDT,0.10839,1.0,0.10838,1.0,0.1084,543.0,0.10841,800.0
1753591983007,04:53:03.007,okx,AEVO/USDT:USDT,0.10839,1.0,0.10838,1.0,0.1084,543.0,0.10841,800.0
1753591983707,04:53:03.707,okx,AEVO/USDT:USDT,0.10838,1.0,0.10836,8.0,0.10839,4394.0,0.1084,900.0
1753591984007,04:53:04.007,okx,AEVO/USDT:USDT,0.10838,1.0,0.10836,8.0,0.10839,4394.0,0.1084,274.0
1753591984107,04:53:04.107,okx,AEVO/USDT:USDT,0.10838,1.0,0.10836,8.0,0.10839,4394.0,0.1084,274.0
1753591984407,04:53:04.407,okx,AEVO/USDT:USDT,0.10838,1.0,0.10836,8.0,0.10839,4394.0,0.1084,274.0
1753591984807,04:53:04.807,okx,AEVO/USDT:USDT,0.10836,6.0,0.10835,1.0,0.10837,3896.0,0.10838,274.0
1753591985007,04:53:05.007,okx,AEVO/USDT:USDT,0.10836,6.0,0.10835,1.0,0.10837,3896.0,0.10838,274.0
1753591985307,04:53:05.307,okx,AEVO/USDT:USDT,0.10836,6.0,0.10835,1.0,0.10837,3896.0,0.10838,274.0
1753591985507,04:53:05.507,okx,AEVO/USDT:USDT,0.10836,6.0,0.10835,1.0,0.10837,3896.0,0.10838,3.0
1753591985607,04:53:05.607,okx,AEVO/USDT:USDT,0.10836,490.0,0.10835,1.0,0.10837,1.0,0.10838,3.0
1753591985807,04:53:05.807,okx,AEVO/USDT:USDT,0.10836,7.0,0.10835,3.0,0.10837,1.0,0.10838,3.0
1753591985907,04:53:05.907,okx,AEVO/USDT:USDT,0.10836,7.0,0.10835,3.0,0.10837,1.0,0.10838,3.0
1753591986307,04:53:06.307,okx,AEVO/USDT:USDT,0.10836,7.0,0.10835,1.0,0.10837,1.0,0.10838,2020.0
1753591986407,04:53:06.407,okx,AEVO/USDT:USDT,0.10836,7.0,0.10835,1.0,0.10837,1.0,0.10838,2020.0
1753591986607,04:53:06.607,okx,AEVO/USDT:USDT,0.10836,7.0,0.10835,1.0,0.10837,543.0,0.10838,2020.0
1753591986707,04:53:06.707,okx,AEVO/USDT:USDT,0.10836,7.0,0.10835,1.0,0.10837,543.0,0.10838,2020.0
1753591986807,04:53:06.807,okx,AEVO/USDT:USDT,0.10836,7.0,0.10835,1.0,0.10837,2560.0,0.10838,3.0
1753591987007,04:53:07.007,okx,AEVO/USDT:USDT,0.10836,7.0,0.10835,1.0,0.10837,2560.0,0.10838,737.0
1753591987307,04:53:07.307,okx,AEVO/USDT:USDT,0.10836,7.0,0.10835,1.0,0.10837,2560.0,0.10838,737.0
1753591987407,04:53:07.407,okx,AEVO/USDT:USDT,0.10836,250.0,0.10835,1.0,0.10837,2560.0,0.10838,737.0
1753591987507,04:53:07.507,okx,AEVO/USDT:USDT,0.10836,250.0,0.10835,1.0,0.10837,2560.0,0.10838,737.0
1753591987807,04:53:07.807,okx,AEVO/USDT:USDT,0.10836,250.0,0.10835,1.0,0.10837,2560.0,0.10838,737.0
1753591988207,04:53:08.207,okx,AEVO/USDT:USDT,0.10835,1.0,0.10834,5227.0,0.10836,543.0,0.10837,2291.0
1753591988407,04:53:08.407,okx,AEVO/USDT:USDT,0.10835,1.0,0.10834,5227.0,0.10836,543.0,0.10837,2020.0
1753591988907,04:53:08.907,okx,AEVO/USDT:USDT,0.10835,484.0,0.10834,5227.0,0.10836,543.0,0.10837,3.0
1753591989007,04:53:09.007,okx,AEVO/USDT:USDT,0.10835,484.0,0.10834,5227.0,0.10836,543.0,0.10837,3.0
1753591989207,04:53:09.207,okx,AEVO/USDT:USDT,0.10835,484.0,0.10834,5227.0,0.10836,543.0,0.10837,3.0
1753591989307,04:53:09.307,okx,AEVO/USDT:USDT,0.10835,484.0,0.10834,5227.0,0.10836,543.0,0.10837,3.0
1753591989507,04:53:09.507,okx,AEVO/USDT:USDT,0.10835,484.0,0.10834,5227.0,0.10836,543.0,0.10837,3.0
1753591989907,04:53:09.907,okx,AEVO/USDT:USDT,0.10835,484.0,0.10834,5227.0,0.10836,543.0,0.10837,3.0
1753591991707,04:53:11.707,okx,AEVO/USDT:USDT,0.10835,484.0,0.10834,5227.0,0.10836,1.0,0.10837,3.0
1753591992107,04:53:12.107,okx,AEVO/USDT:USDT,0.10834,5227.0,0.10833,1.0,0.10835,3877.0,0.10836,275.0
1753591992507,04:53:12.507,okx,AEVO/USDT:USDT,0.10832,546.0,0.10831,3.0,0.10833,1.0,0.10834,2.0
1753591993407,04:53:13.407,okx,AEVO/USDT:USDT,0.10832,546.0,0.10831,3.0,0.10833,1.0,0.10834,2.0
1753591994107,04:53:14.107,okx,AEVO/USDT:USDT,0.10832,546.0,0.10831,3.0,0.10833,1.0,0.10834,2.0
1753591995807,04:53:15.807,okx,AEVO/USDT:USDT,0.10832,546.0,0.10831,3.0,0.10833,1.0,0.10834,2.0
1753591996907,04:53:16.907,okx,AEVO/USDT:USDT,0.10832,546.0,0.10831,3.0,0.10833,1.0,0.10834,2.0
1753591997307,04:53:17.307,okx,AEVO/USDT:USDT,0.10832,546.0,0.10831,3.0,0.10833,1.0,0.10834,2.0
1753591998307,04:53:18.307,okx,AEVO/USDT:USDT,0.10832,546.0,0.10831,3.0,0.10833,1.0,0.10834,2.0
1753591999407,04:53:19.407,okx,AEVO/USDT:USDT,0.10833,1174.0,0.10832,1072.0,0.10834,1.0,0.10835,1.0
1753591999707,04:53:19.707,okx,AEVO/USDT:USDT,0.10833,1174.0,0.10832,1072.0,0.10834,1.0,0.10835,1.0
1753591999807,04:53:19.807,okx,AEVO/USDT:USDT,0.10833,1174.0,0.10832,1072.0,0.10834,1.0,0.10835,1.0
1753591999907,04:53:19.907,okx,AEVO/USDT:USDT,0.10833,1174.0,0.10832,1072.0,0.10834,1.0,0.10835,1.0
1753592001507,04:53:21.507,okx,AEVO/USDT:USDT,0.10833,1174.0,0.10832,1072.0,0.10834,1.0,0.10835,1.0
1753592001907,04:53:21.907,okx,AEVO/USDT:USDT,0.10833,1701.0,0.10832,548.0,0.10834,1.0,0.10835,1.0
1753592002107,04:53:22.107,okx,AEVO/USDT:USDT,0.10833,1701.0,0.10832,548.0,0.10834,1.0,0.10835,1.0
1753592002207,04:53:22.207,okx,AEVO/USDT:USDT,0.10833,1701.0,0.10832,548.0,0.10834,1.0,0.10835,1.0
1753592002807,04:53:22.807,okx,AEVO/USDT:USDT,0.10833,1701.0,0.10832,548.0,0.10834,1.0,0.10835,1.0
1753592003307,04:53:23.307,okx,AEVO/USDT:USDT,0.10833,1701.0,0.10832,548.0,0.10834,1.0,0.10835,1.0
1753592004207,04:53:24.207,okx,AEVO/USDT:USDT,0.10834,4439.0,0.10833,929.0,0.10835,1.0,0.10836,2.0
1753592004407,04:53:24.407,okx,AEVO/USDT:USDT,0.10834,4439.0,0.10833,929.0,0.10835,1.0,0.10836,2.0
1753592004507,04:53:24.507,okx,AEVO/USDT:USDT,0.10834,4439.0,0.10833,929.0,0.10835,1.0,0.10836,2.0
1753592004607,04:53:24.607,okx,AEVO/USDT:USDT,0.10834,4439.0,0.10833,929.0,0.10835,1.0,0.10836,2.0
1753592004907,04:53:24.907,okx,AEVO/USDT:USDT,0.10834,5148.0,0.10833,929.0,0.10835,1.0,0.10836,2.0
1753592005707,04:53:25.707,okx,AEVO/USDT:USDT,0.10834,4350.0,0.10833,114.0,0.10835,1.0,0.10836,2.0
1753592005907,04:53:25.907,okx,AEVO/USDT:USDT,0.10834,4350.0,0.10833,832.0,0.10835,1.0,0.10836,2.0
1753592006107,04:53:26.107,okx,AEVO/USDT:USDT,0.10834,4350.0,0.10833,832.0,0.10835,1.0,0.10836,2.0
1753592008007,04:53:28.007,okx,AEVO/USDT:USDT,0.10834,4350.0,0.10833,832.0,0.10835,1.0,0.10836,2.0
1753592008307,04:53:28.307,okx,AEVO/USDT:USDT,0.10834,4350.0,0.10833,832.0,0.10835,1.0,0.10836,2.0
1753592009807,04:53:29.807,okx,AEVO/USDT:USDT,0.10834,4350.0,0.10833,112.0,0.10835,1.0,0.10836,2.0
1753592009907,04:53:29.907,okx,AEVO/USDT:USDT,0.10834,4350.0,0.10833,834.0,0.10835,1.0,0.10836,2.0
1753592010407,04:53:30.407,okx,AEVO/USDT:USDT,0.10834,4350.0,0.10833,834.0,0.10835,1.0,0.10836,2.0
1753592011407,04:53:31.407,okx,AEVO/USDT:USDT,0.10834,4350.0,0.10833,834.0,0.10835,1.0,0.10836,2.0
1753592011507,04:53:31.507,okx,AEVO/USDT:USDT,0.10834,4350.0,0.10833,834.0,0.10835,1.0,0.10836,2.0
1753592013007,04:53:33.007,okx,AEVO/USDT:USDT,0.10834,4350.0,0.10833,834.0,0.10835,1.0,0.10836,2.0
1753592013207,04:53:33.207,okx,AEVO/USDT:USDT,0.10834,4350.0,0.10833,834.0,0.10835,1.0,0.10836,2.0
1753592014207,04:53:34.207,okx,AEVO/USDT:USDT,0.10834,4350.0,0.10833,834.0,0.10835,1.0,0.10836,2.0
1753592015107,04:53:35.107,okx,AEVO/USDT:USDT,0.10834,4350.0,0.10833,834.0,0.10835,1.0,0.10836,2.0
1753592015207,04:53:35.207,okx,AEVO/USDT:USDT,0.10834,4350.0,0.10833,834.0,0.10835,1.0,0.10836,2.0
1753592015307,04:53:35.307,okx,AEVO/USDT:USDT,0.10834,4350.0,0.10833,834.0,0.10835,1.0,0.10836,2.0
1753592015407,04:53:35.407,okx,AEVO/USDT:USDT,0.10834,4350.0,0.10833,834.0,0.10835,1.0,0.10836,2.0
1753592015607,04:53:35.607,okx,AEVO/USDT:USDT,0.10834,4350.0,0.10833,834.0,0.10835,1.0,0.10836,2.0
1753592016207,04:53:36.207,okx,AEVO/USDT:USDT,0.10834,4350.0,0.10833,834.0,0.10835,1.0,0.10836,2.0
1753592017007,04:53:37.007,okx,AEVO/USDT:USDT,0.10835,1009.0,0.10834,3338.0,0.10836,1.0,0.10837,1.0
1753592017607,04:53:37.607,okx,AEVO/USDT:USDT,0.10836,4230.0,0.10835,3.0,0.10837,1.0,0.10838,2.0
1753592017707,04:53:37.707,okx,AEVO/USDT:USDT,0.10836,4230.0,0.10835,3.0,0.10837,1.0,0.10838,2.0
1753592017807,04:53:37.807,okx,AEVO/USDT:USDT,0.10836,4230.0,0.10835,3.0,0.10837,23.0,0.10838,2.0
1753592017907,04:53:37.907,okx,AEVO/USDT:USDT,0.10836,3693.0,0.10835,3.0,0.10837,23.0,0.10838,2.0
1753592018007,04:53:38.007,okx,AEVO/USDT:USDT,0.10836,3693.0,0.10835,3.0,0.10837,23.0,0.10838,2.0
1753592018107,04:53:38.107,okx,AEVO/USDT:USDT,0.10836,3693.0,0.10835,3.0,0.10837,23.0,0.10838,2.0
1753592018407,04:53:38.407,okx,AEVO/USDT:USDT,0.10836,3693.0,0.10835,3.0,0.10837,23.0,0.10838,2.0
1753592018907,04:53:38.907,okx,AEVO/USDT:USDT,0.10836,3693.0,0.10835,3.0,0.10837,23.0,0.10838,2.0
1753592019007,04:53:39.007,okx,AEVO/USDT:USDT,0.10836,3693.0,0.10835,3.0,0.10837,23.0,0.10838,2.0
1753592019507,04:53:39.507,okx,AEVO/USDT:USDT,0.10836,3693.0,0.10835,3.0,0.10837,23.0,0.10838,2.0
1753592020107,04:53:40.107,okx,AEVO/USDT:USDT,0.10836,3693.0,0.10835,3.0,0.10837,23.0,0.10838,2.0
1753592020607,04:53:40.607,okx,AEVO/USDT:USDT,0.10838,3327.0,0.10837,810.0,0.10839,4.0,0.1084,2.0
1753592021107,04:53:41.107,okx,AEVO/USDT:USDT,0.10838,725.0,0.10837,2.0,0.10839,4.0,0.1084,2.0
1753592021707,04:53:41.707,okx,AEVO/USDT:USDT,0.10839,3348.0,0.10838,1.0,0.1084,2.0,0.10841,65.0
1753592021807,04:53:41.807,okx,AEVO/USDT:USDT,0.10839,3348.0,0.10838,1.0,0.1084,2.0,0.10841,65.0
1753592022207,04:53:42.207,okx,AEVO/USDT:USDT,0.10839,3348.0,0.10838,1.0,0.1084,2.0,0.10841,65.0
1753592022707,04:53:42.707,okx,AEVO/USDT:USDT,0.10839,3348.0,0.10838,1.0,0.1084,2.0,0.10841,65.0
1753592023107,04:53:43.107,okx,AEVO/USDT:USDT,0.10839,3348.0,0.10838,1.0,0.1084,2.0,0.10841,65.0
1753592023507,04:53:43.507,okx,AEVO/USDT:USDT,0.10839,3469.0,0.10838,1.0,0.1084,2.0,0.10841,65.0
1753592025007,04:53:45.007,okx,AEVO/USDT:USDT,0.10839,3469.0,0.10838,1.0,0.1084,2.0,0.10841,65.0
1753592027607,04:53:47.607,okx,AEVO/USDT:USDT,0.10839,6086.0,0.10838,275.0,0.1084,2.0,0.10841,63.0
1753592027907,04:53:47.907,okx,AEVO/USDT:USDT,0.10839,6086.0,0.10838,275.0,0.1084,2.0,0.10841,63.0
1753592028207,04:53:48.207,okx,AEVO/USDT:USDT,0.10839,6085.0,0.10838,995.0,0.1084,2.0,0.10841,63.0
1753592028307,04:53:48.307,okx,AEVO/USDT:USDT,0.10839,6085.0,0.10838,995.0,0.1084,2.0,0.10841,63.0
1753592029107,04:53:49.107,okx,AEVO/USDT:USDT,0.10839,6085.0,0.10838,995.0,0.1084,2.0,0.10841,63.0
1753592029607,04:53:49.607,okx,AEVO/USDT:USDT,0.10839,6085.0,0.10838,995.0,0.1084,2.0,0.10841,63.0
1753592029707,04:53:49.707,okx,AEVO/USDT:USDT,0.10839,6085.0,0.10838,995.0,0.1084,2.0,0.10841,63.0
1753592030107,04:53:50.107,okx,AEVO/USDT:USDT,0.10839,3468.0,0.10838,275.0,0.1084,2.0,0.10841,63.0
1753592030607,04:53:50.607,okx,AEVO/USDT:USDT,0.10839,3469.0,0.10838,4.0,0.1084,2.0,0.10841,63.0
1753592031207,04:53:51.207,okx,AEVO/USDT:USDT,0.10839,3469.0,0.10838,4.0,0.1084,2.0,0.10841,63.0
1753592031307,04:53:51.307,okx,AEVO/USDT:USDT,0.10839,3469.0,0.10838,4.0,0.1084,2.0,0.10841,63.0
1753592032307,04:53:52.307,okx,AEVO/USDT:USDT,0.10839,3469.0,0.10838,4.0,0.1084,2.0,0.10841,63.0
1753592032607,04:53:52.607,okx,AEVO/USDT:USDT,0.10839,3469.0,0.10838,4.0,0.1084,2.0,0.10841,63.0
1753592033207,04:53:53.207,okx,AEVO/USDT:USDT,0.10839,3469.0,0.10838,4.0,0.1084,2.0,0.10841,63.0
1753592033307,04:53:53.307,okx,AEVO/USDT:USDT,0.10839,3469.0,0.10838,4.0,0.1084,2.0,0.10841,63.0
1753592033807,04:53:53.807,okx,AEVO/USDT:USDT,0.10839,3469.0,0.10838,4.0,0.1084,507.0,0.10841,63.0
1753592033907,04:53:53.907,okx,AEVO/USDT:USDT,0.10839,3469.0,0.10838,4.0,0.1084,507.0,0.10841,63.0
1753592034107,04:53:54.107,okx,AEVO/USDT:USDT,0.10839,3469.0,0.10838,4.0,0.1084,507.0,0.10841,63.0
1753592035507,04:53:55.507,okx,AEVO/USDT:USDT,0.10839,3469.0,0.10838,4.0,0.1084,507.0,0.10841,63.0
1753592035607,04:53:55.607,okx,AEVO/USDT:USDT,0.10839,3469.0,0.10838,4.0,0.1084,507.0,0.10841,63.0
1753592035707,04:53:55.707,okx,AEVO/USDT:USDT,0.10839,3469.0,0.10838,4.0,0.1084,507.0,0.10841,63.0
1753592036307,04:53:56.307,okx,AEVO/USDT:USDT,0.1084,1262.0,0.10839,6049.0,0.10841,63.0,0.10842,3.0
1753592036607,04:53:56.607,okx,AEVO/USDT:USDT,0.1084,4563.0,0.10839,2748.0,0.10841,63.0,0.10842,3.0
1753592037007,04:53:57.007,okx,AEVO/USDT:USDT,0.1084,4563.0,0.10839,2748.0,0.10841,63.0,0.10842,3.0
1753592037207,04:53:57.207,okx,AEVO/USDT:USDT,0.1084,4563.0,0.10839,2748.0,0.10841,63.0,0.10842,3.0
1753592038407,04:53:58.407,okx,AEVO/USDT:USDT,0.1084,4726.0,0.10839,2627.0,0.10841,63.0,0.10842,3.0
1753592038507,04:53:58.507,okx,AEVO/USDT:USDT,0.1084,4726.0,0.10839,2627.0,0.10841,63.0,0.10842,3.0
1753592039007,04:53:59.007,okx,AEVO/USDT:USDT,0.1084,1425.0,0.10839,2627.0,0.10841,63.0,0.10842,3.0
1753592039607,04:53:59.607,okx,AEVO/USDT:USDT,0.1084,1425.0,0.10839,2627.0,0.10841,63.0,0.10842,3.0
1753592039707,04:53:59.707,okx,AEVO/USDT:USDT,0.10846,873.0,0.10845,3.0,0.10847,94.0,0.10848,5.0
1753592039807,04:53:59.807,okx,AEVO/USDT:USDT,0.10846,1.0,0.10845,3.0,0.10847,1115.0,0.10848,5.0
1753592040007,04:54:00.007,okx,AEVO/USDT:USDT,0.10846,1.0,0.10845,1.0,0.10847,1115.0,0.10848,5.0
1753592040507,04:54:00.507,okx,AEVO/USDT:USDT,0.10846,1.0,0.10845,1.0,0.10847,1116.0,0.10848,5.0
1753592040707,04:54:00.707,okx,AEVO/USDT:USDT,0.10846,1.0,0.10845,1.0,0.10847,1116.0,0.10848,5.0
1753592040907,04:54:00.907,okx,AEVO/USDT:USDT,0.10846,1.0,0.10845,3.0,0.10847,1116.0,0.10848,5.0
1753592041407,04:54:01.407,okx,AEVO/USDT:USDT,0.10846,1.0,0.10845,3.0,0.10847,1199.0,0.10848,5.0
1753592041707,04:54:01.707,okx,AEVO/USDT:USDT,0.10846,11.0,0.10845,3.0,0.10847,1200.0,0.10848,1486.0
1753592041907,04:54:01.907,okx,AEVO/USDT:USDT,0.10846,494.0,0.10845,3.0,0.10847,178.0,0.10848,5.0
1753592042007,04:54:02.007,okx,AEVO/USDT:USDT,0.10846,494.0,0.10845,3.0,0.10847,94.0,0.10848,5.0
1753592042107,04:54:02.107,okx,AEVO/USDT:USDT,0.10846,494.0,0.10845,3.0,0.10847,94.0,0.10848,5.0
1753592042707,04:54:02.707,okx,AEVO/USDT:USDT,0.10846,494.0,0.10845,3.0,0.10847,94.0,0.10848,5.0
1753592043307,04:54:03.307,okx,AEVO/USDT:USDT,0.10846,494.0,0.10845,3.0,0.10847,94.0,0.10848,5.0
1753592044107,04:54:04.107,okx,AEVO/USDT:USDT,0.10846,494.0,0.10845,3.0,0.10847,94.0,0.10848,5.0
1753592044607,04:54:04.607,okx,AEVO/USDT:USDT,0.10847,1266.0,0.10846,285.0,0.10848,2.0,0.10849,2.0
1753592045307,04:54:05.307,okx,AEVO/USDT:USDT,0.10848,725.0,0.10847,544.0,0.10849,3.0,0.1085,3.0
1753592045807,04:54:05.807,okx,AEVO/USDT:USDT,0.10848,725.0,0.10847,544.0,0.10849,3.0,0.1085,3.0
1753592046007,04:54:06.007,okx,AEVO/USDT:USDT,0.10848,725.0,0.10847,544.0,0.10849,3.0,0.1085,3.0
1753592046107,04:54:06.107,okx,AEVO/USDT:USDT,0.10848,725.0,0.10847,544.0,0.10849,3.0,0.1085,3.0
1753592046907,04:54:06.907,okx,AEVO/USDT:USDT,0.10848,725.0,0.10847,3.0,0.10849,2.0,0.1085,3.0
1753592047707,04:54:07.707,okx,AEVO/USDT:USDT,0.10848,725.0,0.10847,3.0,0.10849,2.0,0.1085,4.0
1753592048007,04:54:08.007,okx,AEVO/USDT:USDT,0.10848,725.0,0.10847,3.0,0.10849,2.0,0.1085,4.0
1753592048307,04:54:08.307,okx,AEVO/USDT:USDT,0.10848,1278.0,0.10847,3.0,0.10849,2.0,0.1085,4.0
1753592048407,04:54:08.407,okx,AEVO/USDT:USDT,0.10848,1278.0,0.10847,3.0,0.10849,2.0,0.1085,4.0
1753592049707,04:54:09.707,okx,AEVO/USDT:USDT,0.10848,1278.0,0.10847,3.0,0.10849,2.0,0.1085,4.0
1753592049807,04:54:09.807,okx,AEVO/USDT:USDT,0.10848,1278.0,0.10847,3.0,0.10849,2.0,0.1085,4.0
1753592051507,04:54:11.507,okx,AEVO/USDT:USDT,0.1085,725.0,0.10849,217.0,0.10851,33.0,0.10852,1.0
1753592051707,04:54:11.707,okx,AEVO/USDT:USDT,0.1085,733.0,0.10849,217.0,0.10851,33.0,0.10852,1.0
1753592052407,04:54:12.407,okx,AEVO/USDT:USDT,0.1085,3536.0,0.10849,3.0,0.10851,33.0,0.10852,1.0
1753592052507,04:54:12.507,okx,AEVO/USDT:USDT,0.1085,3536.0,0.10849,3.0,0.10851,33.0,0.10852,1.0
1753592052807,04:54:12.807,okx,AEVO/USDT:USDT,0.1085,3536.0,0.10849,3.0,0.10851,33.0,0.10852,1.0
1753592053207,04:54:13.207,okx,AEVO/USDT:USDT,0.1085,3536.0,0.10849,3.0,0.10851,33.0,0.10852,1.0
1753592053607,04:54:13.607,okx,AEVO/USDT:USDT,0.1085,3536.0,0.10849,3.0,0.10851,33.0,0.10852,1.0
1753592053707,04:54:13.707,okx,AEVO/USDT:USDT,0.1085,3536.0,0.10849,3.0,0.10851,33.0,0.10852,1.0
1753592055107,04:54:15.107,okx,AEVO/USDT:USDT,0.1085,3536.0,0.10849,3.0,0.10851,33.0,0.10852,1.0
1753592055207,04:54:15.207,okx,AEVO/USDT:USDT,0.1085,3536.0,0.10849,3.0,0.10851,33.0,0.10852,1.0
1753592055307,04:54:15.307,okx,AEVO/USDT:USDT,0.1085,3536.0,0.10849,3.0,0.10851,33.0,0.10852,1.0
1753592055507,04:54:15.507,okx,AEVO/USDT:USDT,0.1085,2098.0,0.10849,3.0,0.10851,565.0,0.10852,1.0
1753592055707,04:54:15.707,okx,AEVO/USDT:USDT,0.1085,2099.0,0.10849,3.0,0.10851,565.0,0.10852,1.0
1753592055907,04:54:15.907,okx,AEVO/USDT:USDT,0.10849,3.0,0.10848,4.0,0.1085,532.0,0.10851,33.0
1753592056107,04:54:16.107,okx,AEVO/USDT:USDT,0.10849,3.0,0.10848,4.0,0.1085,532.0,0.10851,33.0
1753592056307,04:54:16.307,okx,AEVO/USDT:USDT,0.10849,1.0,0.10848,4.0,0.1085,532.0,0.10851,35.0
1753592056407,04:54:16.407,okx,AEVO/USDT:USDT,0.10849,1.0,0.10848,4.0,0.1085,532.0,0.10851,35.0
1753592056507,04:54:16.507,okx,AEVO/USDT:USDT,0.10849,1.0,0.10848,4.0,0.1085,532.0,0.10851,35.0
1753592056607,04:54:16.607,okx,AEVO/USDT:USDT,0.10849,1.0,0.10848,4.0,0.1085,532.0,0.10851,35.0
1753592056707,04:54:16.707,okx,AEVO/USDT:USDT,0.10849,1.0,0.10848,4.0,0.1085,532.0,0.10851,35.0
1753592057307,04:54:17.307,okx,AEVO/USDT:USDT,0.10848,2.0,0.10847,3.0,0.1085,533.0,0.10851,36.0
1753592058007,04:54:18.007,okx,AEVO/USDT:USDT,0.10848,2.0,0.10847,2.0,0.10849,1.0,0.10851,622.0
1753592058407,04:54:18.407,okx,AEVO/USDT:USDT,0.10848,2.0,0.10847,3.0,0.10851,566.0,0.10852,1020.0
1753592058507,04:54:18.507,okx,AEVO/USDT:USDT,0.10848,2.0,0.10847,2.0,0.10849,1.0,0.10851,568.0
1753592058707,04:54:18.707,okx,AEVO/USDT:USDT,0.10848,485.0,0.10847,676.0,0.10849,1.0,0.10851,568.0
1753592058807,04:54:18.807,okx,AEVO/USDT:USDT,0.10848,485.0,0.10847,677.0,0.10851,566.0,0.10852,1020.0
1753592058907,04:54:18.907,okx,AEVO/USDT:USDT,0.10848,485.0,0.10847,3.0,0.10851,566.0,0.10852,1020.0
1753592059007,04:54:19.007,okx,AEVO/USDT:USDT,0.10848,486.0,0.10847,3.0,0.10851,566.0,0.10852,1020.0
1753592059107,04:54:19.107,okx,AEVO/USDT:USDT,0.10848,486.0,0.10847,3.0,0.10851,650.0,0.10852,1020.0
1753592059707,04:54:19.707,okx,AEVO/USDT:USDT,0.10848,486.0,0.10847,3.0,0.1085,532.0,0.10851,120.0
1753592059807,04:54:19.807,okx,AEVO/USDT:USDT,0.10848,486.0,0.10847,3.0,0.1085,532.0,0.10851,120.0
1753592060107,04:54:20.107,okx,AEVO/USDT:USDT,0.10848,486.0,0.10847,3.0,0.1085,532.0,0.10851,36.0
1753592060307,04:54:20.307,okx,AEVO/USDT:USDT,0.10848,486.0,0.10847,3.0,0.1085,532.0,0.10851,36.0
1753592060507,04:54:20.507,okx,AEVO/USDT:USDT,0.10848,2.0,0.10847,2.0,0.1085,604.0,0.10851,568.0
1753592060907,04:54:20.907,okx,AEVO/USDT:USDT,0.10846,2.0,0.10845,4.0,0.10849,533.0,0.1085,1412.0
1753592061007,04:54:21.007,okx,AEVO/USDT:USDT,0.10846,485.0,0.10845,3.0,0.10847,1.0,0.10849,533.0
1753592061107,04:54:21.107,okx,AEVO/USDT:USDT,0.10846,485.0,0.10845,4.0,0.10849,533.0,0.1085,3.0
1753592061207,04:54:21.207,okx,AEVO/USDT:USDT,0.10846,485.0,0.10845,4.0,0.10849,533.0,0.1085,3.0
1753592061407,04:54:21.407,okx,AEVO/USDT:USDT,0.10846,485.0,0.10845,4.0,0.10849,533.0,0.1085,3.0
1753592061507,04:54:21.507,okx,AEVO/USDT:USDT,0.10846,486.0,0.10845,4.0,0.10849,1.0,0.1085,3.0
1753592061907,04:54:21.907,okx,AEVO/USDT:USDT,0.10848,1.0,0.10846,4.0,0.1085,533.0,0.10851,36.0
1753592062107,04:54:22.107,okx,AEVO/USDT:USDT,0.10847,1.0,0.10846,3.0,0.1085,534.0,0.10851,36.0
1753592062607,04:54:22.607,okx,AEVO/USDT:USDT,0.10846,4.0,0.10845,4.0,0.10849,1.0,0.1085,807.0
1753592063507,04:54:23.507,okx,AEVO/USDT:USDT,0.10846,2.0,0.10845,4.0,0.10849,534.0,0.1085,276.0
1753592063707,04:54:23.707,okx,AEVO/USDT:USDT,0.10846,4.0,0.10845,675.0,0.10849,1.0,0.1085,807.0
1753592064207,04:54:24.207,okx,AEVO/USDT:USDT,0.10847,1.0,0.10846,4.0,0.1085,807.0,0.10851,36.0
1753592064307,04:54:24.307,okx,AEVO/USDT:USDT,0.10846,12.0,0.10845,668.0,0.10849,1.0,0.1085,809.0
1753592064407,04:54:24.407,okx,AEVO/USDT:USDT,0.10846,546.0,0.10845,668.0,0.10849,1.0,0.1085,274.0
1753592064707,04:54:24.707,okx,AEVO/USDT:USDT,0.10846,12.0,0.10845,4.0,0.10849,486.0,0.1085,276.0
1753592064807,04:54:24.807,okx,AEVO/USDT:USDT,0.10846,494.0,0.10845,528.0,0.10847,1.0,0.10849,1.0
1753592065407,04:54:25.407,okx,AEVO/USDT:USDT,0.10847,1.0,0.10846,544.0,0.1085,276.0,0.10851,569.0
1753592066007,04:54:26.007,okx,AEVO/USDT:USDT,0.10848,1.0,0.10846,1192.0,0.1085,274.0,0.10851,569.0
1753592066107,04:54:26.107,okx,AEVO/USDT:USDT,0.10847,1.0,0.10846,12.0,0.1085,809.0,0.10851,569.0
1753592066207,04:54:26.207,okx,AEVO/USDT:USDT,0.10846,545.0,0.10845,640.0,0.10848,1.0,0.1085,809.0
1753592066407,04:54:26.407,okx,AEVO/USDT:USDT,0.10846,1449.0,0.10845,995.0,0.10849,1.0,0.1085,274.0
1753592066707,04:54:26.707,okx,AEVO/USDT:USDT,0.10848,484.0,0.10847,3.0,0.1085,273.0,0.10851,569.0
1753592067207,04:54:27.207,okx,AEVO/USDT:USDT,0.10848,484.0,0.10847,3.0,0.1085,273.0,0.10851,569.0
1753592067907,04:54:27.907,okx,AEVO/USDT:USDT,0.10855,2353.0,0.10854,1.0,0.10856,1.0,0.10857,203.0
1753592068207,04:54:28.207,okx,AEVO/USDT:USDT,0.10855,969.0,0.10854,1.0,0.10856,1.0,0.10857,203.0
1753592069007,04:54:29.007,okx,AEVO/USDT:USDT,0.10855,969.0,0.10854,1.0,0.10856,1.0,0.10857,203.0
1753592069207,04:54:29.207,okx,AEVO/USDT:USDT,0.10855,969.0,0.10854,1.0,0.10856,1.0,0.10857,203.0
1753592069407,04:54:29.407,okx,AEVO/USDT:USDT,0.10855,969.0,0.10854,1.0,0.10856,1.0,0.10857,203.0
1753592069507,04:54:29.507,okx,AEVO/USDT:USDT,0.10855,969.0,0.10854,1.0,0.10856,1.0,0.10857,203.0
1753592069607,04:54:29.607,okx,AEVO/USDT:USDT,0.10855,969.0,0.10854,1.0,0.10856,1.0,0.10857,203.0
1753592070007,04:54:30.007,okx,AEVO/USDT:USDT,0.10855,969.0,0.10854,1.0,0.10856,1.0,0.10857,203.0
1753592070207,04:54:30.207,okx,AEVO/USDT:USDT,0.10855,969.0,0.10854,1.0,0.10856,1.0,0.10857,203.0
1753592070307,04:54:30.307,okx,AEVO/USDT:USDT,0.10855,969.0,0.10854,1.0,0.10856,1.0,0.10857,203.0
1753592071307,04:54:31.307,okx,AEVO/USDT:USDT,0.10855,969.0,0.10854,1.0,0.10856,1.0,0.10857,203.0
1753592071807,04:54:31.807,okx,AEVO/USDT:USDT,0.10855,969.0,0.10854,1.0,0.10856,1.0,0.10857,203.0
1753592072007,04:54:32.007,okx,AEVO/USDT:USDT,0.10855,969.0,0.10854,1.0,0.10856,1.0,0.10857,203.0
1753592072207,04:54:32.207,okx,AEVO/USDT:USDT,0.10855,969.0,0.10854,1.0,0.10856,1.0,0.10857,203.0
1753592072507,04:54:32.507,okx,AEVO/USDT:USDT,0.10855,969.0,0.10854,1.0,0.10856,1.0,0.10857,203.0
1753592072607,04:54:32.607,okx,AEVO/USDT:USDT,0.10855,969.0,0.10854,1.0,0.10856,1.0,0.10857,203.0
1753592074407,04:54:34.407,okx,AEVO/USDT:USDT,0.10855,969.0,0.10854,1.0,0.10856,1.0,0.10857,203.0
1753592074607,04:54:34.607,okx,AEVO/USDT:USDT,0.10853,2.0,0.10852,2.0,0.10855,929.0,0.10856,522.0
1753592074707,04:54:34.707,okx,AEVO/USDT:USDT,0.10851,2.0,0.1085,3.0,0.10852,1.0,0.10853,566.0
1753592074807,04:54:34.807,okx,AEVO/USDT:USDT,0.10851,970.0,0.1085,3.0,0.10852,1.0,0.10853,566.0
1753592075807,04:54:35.807,okx,AEVO/USDT:USDT,0.10851,970.0,0.1085,3.0,0.10852,1.0,0.10853,566.0
1753592075907,04:54:35.907,okx,AEVO/USDT:USDT,0.10851,970.0,0.1085,2661.0,0.10853,566.0,0.10854,483.0
1753592076207,04:54:36.207,okx,AEVO/USDT:USDT,0.10851,970.0,0.1085,2661.0,0.10853,566.0,0.10854,483.0
1753592076307,04:54:36.307,okx,AEVO/USDT:USDT,0.10851,970.0,0.1085,2661.0,0.10853,566.0,0.10854,483.0
1753592076407,04:54:36.407,okx,AEVO/USDT:USDT,0.10851,970.0,0.1085,2661.0,0.10853,566.0,0.10854,483.0
1753592076607,04:54:36.607,okx,AEVO/USDT:USDT,0.10851,970.0,0.1085,2661.0,0.10853,1085.0,0.10854,3.0
1753592076707,04:54:36.707,okx,AEVO/USDT:USDT,0.1085,3.0,0.10849,5.0,0.10852,888.0,0.10853,791.0
1753592077407,04:54:37.407,okx,AEVO/USDT:USDT,0.1085,1.0,0.10849,1.0,0.10852,888.0,0.10853,274.0
1753592077607,04:54:37.607,okx,AEVO/USDT:USDT,0.1085,1.0,0.10849,1.0,0.10852,888.0,0.10853,274.0
1753592078007,04:54:38.007,okx,AEVO/USDT:USDT,0.1085,484.0,0.10849,1.0,0.10851,378.0,0.10852,371.0
1753592078507,04:54:38.507,okx,AEVO/USDT:USDT,0.1085,484.0,0.10849,3.0,0.10851,378.0,0.10852,371.0
1753592079007,04:54:39.007,okx,AEVO/USDT:USDT,0.10851,1.0,0.1085,1.0,0.10853,520.0,0.10854,847.0
1753592079207,04:54:39.207,okx,AEVO/USDT:USDT,0.10851,1.0,0.1085,1.0,0.10853,604.0,0.10854,847.0
1753592079607,04:54:39.607,okx,AEVO/USDT:USDT,0.10851,1.0,0.1085,1.0,0.10853,604.0,0.10854,847.0
1753592079707,04:54:39.707,okx,AEVO/USDT:USDT,0.10851,1.0,0.1085,1.0,0.10853,604.0,0.10854,847.0
1753592080207,04:54:40.207,okx,AEVO/USDT:USDT,0.1085,1.0,0.10849,1.0,0.10851,2626.0,0.10852,417.0
1753592080407,04:54:40.407,okx,AEVO/USDT:USDT,0.1085,1.0,0.10849,1.0,0.10851,2626.0,0.10852,417.0
1753592080507,04:54:40.507,okx,AEVO/USDT:USDT,0.1085,1.0,0.10849,1.0,0.10851,2626.0,0.10852,418.0
1753592081307,04:54:41.307,okx,AEVO/USDT:USDT,0.1085,1.0,0.10849,1.0,0.10851,2626.0,0.10852,418.0
1753592081807,04:54:41.807,okx,AEVO/USDT:USDT,0.1085,1.0,0.10849,1.0,0.10851,2626.0,0.10852,3.0
1753592082607,04:54:42.607,okx,AEVO/USDT:USDT,0.10848,2.0,0.10847,1.0,0.10849,2896.0,0.1085,1518.0
1753592082707,04:54:42.707,okx,AEVO/USDT:USDT,0.10848,2.0,0.10847,1.0,0.10849,2625.0,0.1085,1247.0
1753592082907,04:54:42.907,okx,AEVO/USDT:USDT,0.10848,2.0,0.10847,1.0,0.10849,2625.0,0.1085,1247.0
1753592083207,04:54:43.207,okx,AEVO/USDT:USDT,0.10848,2.0,0.10847,1.0,0.10849,2625.0,0.1085,1246.0
1753592084007,04:54:44.007,okx,AEVO/USDT:USDT,0.10848,2.0,0.10847,1.0,0.10849,2625.0,0.1085,923.0
1753592084607,04:54:44.607,okx,AEVO/USDT:USDT,0.10848,2.0,0.10847,1.0,0.10849,2625.0,0.1085,923.0
1753592084707,04:54:44.707,okx,AEVO/USDT:USDT,0.10848,2.0,0.10847,1.0,0.10849,2625.0,0.1085,923.0
1753592084807,04:54:44.807,okx,AEVO/USDT:USDT,0.10848,2.0,0.10847,1.0,0.10849,2625.0,0.1085,923.0
1753592084907,04:54:44.907,okx,AEVO/USDT:USDT,0.10848,2.0,0.10847,1.0,0.10849,2625.0,0.1085,2.0
1753592085007,04:54:45.007,okx,AEVO/USDT:USDT,0.10848,2.0,0.10847,1.0,0.10849,2625.0,0.1085,2.0
1753592085507,04:54:45.507,okx,AEVO/USDT:USDT,0.10848,722.0,0.10847,1.0,0.10849,2625.0,0.1085,2.0
1753592085607,04:54:45.607,okx,AEVO/USDT:USDT,0.10848,722.0,0.10847,1.0,0.10849,2625.0,0.1085,2.0
1753592086007,04:54:46.007,okx,AEVO/USDT:USDT,0.10847,1.0,0.10846,12.0,0.10848,1052.0,0.10849,2627.0
1753592086407,04:54:46.407,okx,AEVO/USDT:USDT,0.10847,1.0,0.10846,12.0,0.10848,533.0,0.10849,2628.0
1753592086607,04:54:46.607,okx,AEVO/USDT:USDT,0.10846,10.0,0.10845,1.0,0.10847,564.0,0.10848,536.0
1753592086907,04:54:46.907,okx,AEVO/USDT:USDT,0.10846,10.0,0.10845,1.0,0.10847,564.0,0.10848,536.0
1753592087207,04:54:47.207,okx,AEVO/USDT:USDT,0.10846,10.0,0.10845,1.0,0.10847,564.0,0.10848,536.0
1753592087707,04:54:47.707,okx,AEVO/USDT:USDT,0.10846,31.0,0.10845,3.0,0.10847,564.0,0.10848,536.0
1753592087907,04:54:47.907,okx,AEVO/USDT:USDT,0.10846,31.0,0.10845,4.0,0.10847,564.0,0.10848,536.0
1753592088007,04:54:48.007,okx,AEVO/USDT:USDT,0.10846,31.0,0.10845,4.0,0.10847,564.0,0.10848,536.0
1753592088307,04:54:48.307,okx,AEVO/USDT:USDT,0.10846,31.0,0.10845,4.0,0.10847,564.0,0.10848,3.0
1753592088407,04:54:48.407,okx,AEVO/USDT:USDT,0.10846,31.0,0.10845,4.0,0.10847,564.0,0.10848,3.0
1753592088707,04:54:48.707,okx,AEVO/USDT:USDT,0.10848,1.0,0.10847,1.0,0.1085,2362.0,0.10851,3350.0
1753592088807,04:54:48.807,okx,AEVO/USDT:USDT,0.10848,1.0,0.10847,1.0,0.1085,2363.0,0.10851,3350.0
1753592088907,04:54:48.907,okx,AEVO/USDT:USDT,0.10848,1.0,0.10847,1.0,0.1085,2363.0,0.10851,3350.0
1753592089407,04:54:49.407,okx,AEVO/USDT:USDT,0.10848,1.0,0.10847,1.0,0.1085,2363.0,0.10851,3350.0
1753592089507,04:54:49.507,okx,AEVO/USDT:USDT,0.10848,1.0,0.10847,1.0,0.1085,2363.0,0.10851,3350.0
1753592089607,04:54:49.607,okx,AEVO/USDT:USDT,0.10848,1.0,0.10847,1.0,0.1085,2363.0,0.10851,3350.0
1753592089807,04:54:49.807,okx,AEVO/USDT:USDT,0.10848,1.0,0.10847,1.0,0.1085,2363.0,0.10851,3350.0
1753592092707,04:54:52.707,okx,AEVO/USDT:USDT,0.10846,509.0,0.10845,1124.0,0.10849,493.0,0.1085,2365.0
1753592093007,04:54:53.007,okx,AEVO/USDT:USDT,0.10846,509.0,0.10845,1124.0,0.10849,493.0,0.1085,2365.0
1753592093307,04:54:53.307,okx,AEVO/USDT:USDT,0.10846,509.0,0.10845,523.0,0.10849,493.0,0.1085,2365.0
1753592094007,04:54:54.007,okx,AEVO/USDT:USDT,0.10846,509.0,0.10845,4.0,0.10849,493.0,0.1085,2365.0
1753592094107,04:54:54.107,okx,AEVO/USDT:USDT,0.10846,509.0,0.10845,4.0,0.10849,493.0,0.1085,2365.0
1753592094207,04:54:54.207,okx,AEVO/USDT:USDT,0.10847,1.0,0.10846,510.0,0.10849,493.0,0.1085,2365.0
1753592094607,04:54:54.607,okx,AEVO/USDT:USDT,0.10846,509.0,0.10845,1219.0,0.10849,493.0,0.1085,2365.0
1753592094807,04:54:54.807,okx,AEVO/USDT:USDT,0.10848,1.0,0.10846,510.0,0.10849,468.0,0.1085,2365.0
1753592094907,04:54:54.907,okx,AEVO/USDT:USDT,0.10848,1.0,0.10846,510.0,0.10849,468.0,0.1085,2365.0
1753592095107,04:54:55.107,okx,AEVO/USDT:USDT,0.10848,1.0,0.10846,510.0,0.10849,468.0,0.1085,2365.0
1753592095207,04:54:55.207,okx,AEVO/USDT:USDT,0.10848,1.0,0.10846,510.0,0.10849,468.0,0.1085,2365.0
1753592095407,04:54:55.407,okx,AEVO/USDT:USDT,0.10848,1.0,0.10846,510.0,0.10849,468.0,0.1085,2365.0
1753592095907,04:54:55.907,okx,AEVO/USDT:USDT,0.10848,1.0,0.10846,510.0,0.10849,468.0,0.1085,2365.0
1753592096007,04:54:56.007,okx,AEVO/USDT:USDT,0.10848,1.0,0.10846,510.0,0.10849,468.0,0.1085,2365.0
1753592096107,04:54:56.107,okx,AEVO/USDT:USDT,0.10848,1.0,0.10846,510.0,0.10849,468.0,0.1085,2365.0
1753592097107,04:54:57.107,okx,AEVO/USDT:USDT,0.10846,508.0,0.10845,4.0,0.10848,2627.0,0.10849,521.0
1753592097807,04:54:57.807,okx,AEVO/USDT:USDT,0.10846,508.0,0.10845,4.0,0.10848,2627.0,0.10849,521.0
1753592097907,04:54:57.907,okx,AEVO/USDT:USDT,0.10849,47.0,0.10847,1.0,0.1085,1852.0,0.10851,3868.0
1753592098407,04:54:58.407,okx,AEVO/USDT:USDT,0.10848,1.0,0.10847,2.0,0.1085,1844.0,0.10851,3902.0
1753592098507,04:54:58.507,okx,AEVO/USDT:USDT,0.10847,2.0,0.10846,1238.0,0.1085,1844.0,0.10851,3902.0
1753592100007,04:55:00.007,okx,AEVO/USDT:USDT,0.10846,510.0,0.10845,521.0,0.10847,1.0,0.10849,3.0
1753592101407,04:55:01.407,okx,AEVO/USDT:USDT,0.10847,1.0,0.10846,510.0,0.10849,22.0,0.1085,1868.0
1753592101507,04:55:01.507,okx,AEVO/USDT:USDT,0.10847,1.0,0.10846,1999.0,0.10849,22.0,0.1085,1867.0
1753592101707,04:55:01.707,okx,AEVO/USDT:USDT,0.10846,1317.0,0.10845,1031.0,0.10849,22.0,0.1085,1868.0
1753592102807,04:55:02.807,okx,AEVO/USDT:USDT,0.10846,508.0,0.10845,740.0,0.10848,134.0,0.10849,25.0
1753592103107,04:55:03.107,okx,AEVO/USDT:USDT,0.10846,509.0,0.10845,740.0,0.10848,134.0,0.10849,24.0
1753592103207,04:55:03.207,okx,AEVO/USDT:USDT,0.10846,509.0,0.10845,740.0,0.10848,134.0,0.10849,24.0
1753592103407,04:55:03.407,okx,AEVO/USDT:USDT,0.10846,509.0,0.10845,740.0,0.10848,134.0,0.10849,207.0
1753592103607,04:55:03.607,okx,AEVO/USDT:USDT,0.10846,509.0,0.10845,740.0,0.10848,134.0,0.10849,24.0
1753592103707,04:55:03.707,okx,AEVO/USDT:USDT,0.10846,509.0,0.10845,740.0,0.10848,134.0,0.10849,185.0
1753592104207,04:55:04.207,okx,AEVO/USDT:USDT,0.10846,509.0,0.10845,740.0,0.10848,134.0,0.10849,24.0
1753592104407,04:55:04.407,okx,AEVO/USDT:USDT,0.10846,509.0,0.10845,740.0,0.10848,134.0,0.10849,143.0
1753592104607,04:55:04.607,okx,AEVO/USDT:USDT,0.10846,509.0,0.10845,740.0,0.10848,134.0,0.10849,24.0
1753592104907,04:55:04.907,okx,AEVO/USDT:USDT,0.10846,509.0,0.10845,740.0,0.10848,134.0,0.10849,24.0
1753592105007,04:55:05.007,okx,AEVO/USDT:USDT,0.10846,509.0,0.10845,740.0,0.10848,134.0,0.10849,24.0
1753592105107,04:55:05.107,okx,AEVO/USDT:USDT,0.10846,509.0,0.10845,740.0,0.10848,134.0,0.10849,97.0
1753592105207,04:55:05.207,okx,AEVO/USDT:USDT,0.10846,509.0,0.10845,740.0,0.10848,134.0,0.10849,24.0
1753592106207,04:55:06.207,okx,AEVO/USDT:USDT,0.10846,509.0,0.10845,740.0,0.10848,134.0,0.10849,24.0
1753592106707,04:55:06.707,okx,AEVO/USDT:USDT,0.10846,509.0,0.10845,740.0,0.10848,134.0,0.10849,24.0
1753592109307,04:55:09.307,okx,AEVO/USDT:USDT,0.10846,509.0,0.10845,740.0,0.10848,134.0,0.10849,24.0
1753592109407,04:55:09.407,okx,AEVO/USDT:USDT,0.10846,509.0,0.10845,740.0,0.10848,134.0,0.10849,24.0
1753592109707,04:55:09.707,okx,AEVO/USDT:USDT,0.10846,509.0,0.10845,740.0,0.10848,134.0,0.10849,24.0
1753592109807,04:55:09.807,okx,AEVO/USDT:USDT,0.10846,509.0,0.10845,740.0,0.10848,134.0,0.10849,24.0
1753592109907,04:55:09.907,okx,AEVO/USDT:USDT,0.10846,509.0,0.10845,740.0,0.10848,134.0,0.10849,24.0
1753592110107,04:55:10.107,okx,AEVO/USDT:USDT,0.10846,509.0,0.10845,740.0,0.10848,134.0,0.10849,24.0
1753592110207,04:55:10.207,okx,AEVO/USDT:USDT,0.10846,509.0,0.10845,740.0,0.10848,134.0,0.10849,24.0
1753592111607,04:55:11.607,okx,AEVO/USDT:USDT,0.10846,509.0,0.10845,740.0,0.10848,134.0,0.10849,24.0
1753592111907,04:55:11.907,okx,AEVO/USDT:USDT,0.10846,509.0,0.10845,740.0,0.10848,134.0,0.10849,24.0
1753592112007,04:55:12.007,okx,AEVO/USDT:USDT,0.10846,509.0,0.10845,740.0,0.10848,134.0,0.10849,24.0
1753592112207,04:55:12.207,okx,AEVO/USDT:USDT,0.10846,509.0,0.10845,740.0,0.10848,134.0,0.10849,24.0
1753592112707,04:55:12.707,okx,AEVO/USDT:USDT,0.10846,509.0,0.10845,4.0,0.10848,134.0,0.10849,24.0
1753592113107,04:55:13.107,okx,AEVO/USDT:USDT,0.10844,173.0,0.10843,358.0,0.10847,333.0,0.10848,944.0
1753592113807,04:55:13.807,okx,AEVO/USDT:USDT,0.10844,158.0,0.10843,2.0,0.10847,334.0,0.10848,944.0
1753592114007,04:55:14.007,okx,AEVO/USDT:USDT,0.10844,158.0,0.10843,2.0,0.10847,334.0,0.10848,944.0
1753592114307,04:55:14.307,okx,AEVO/USDT:USDT,0.10844,158.0,0.10843,2.0,0.10847,409.0,0.10848,944.0
1753592114407,04:55:14.407,okx,AEVO/USDT:USDT,0.10844,158.0,0.10843,2.0,0.10847,409.0,0.10848,944.0
1753592114607,04:55:14.607,okx,AEVO/USDT:USDT,0.10844,158.0,0.10843,2.0,0.10847,409.0,0.10848,944.0
1753592115007,04:55:15.007,okx,AEVO/USDT:USDT,0.10844,158.0,0.10843,2.0,0.10847,409.0,0.10848,944.0
1753592115307,04:55:15.307,okx,AEVO/USDT:USDT,0.10844,158.0,0.10843,3.0,0.10847,75.0,0.10848,944.0
1753592115707,04:55:15.707,okx,AEVO/USDT:USDT,0.10844,158.0,0.10843,3.0,0.10847,75.0,0.10848,944.0
1753592116307,04:55:16.307,okx,AEVO/USDT:USDT,0.10844,158.0,0.10843,3.0,0.10847,77.0,0.10848,944.0
1753592116407,04:55:16.407,okx,AEVO/USDT:USDT,0.10844,158.0,0.10843,3.0,0.10847,77.0,0.10848,944.0
1753592116807,04:55:16.807,okx,AEVO/USDT:USDT,0.10844,158.0,0.10843,3.0,0.10847,77.0,0.10848,944.0
1753592117007,04:55:17.007,okx,AEVO/USDT:USDT,0.10844,679.0,0.10843,3.0,0.10847,77.0,0.10848,136.0
1753592117607,04:55:17.607,okx,AEVO/USDT:USDT,0.10844,680.0,0.10843,3.0,0.10847,77.0,0.10848,136.0
1753592118207,04:55:18.207,okx,AEVO/USDT:USDT,0.10844,680.0,0.10843,3.0,0.10847,77.0,0.10848,136.0
1753592118907,04:55:18.907,okx,AEVO/USDT:USDT,0.10844,680.0,0.10843,3.0,0.10847,77.0,0.10848,137.0
1753592120707,04:55:20.707,okx,AEVO/USDT:USDT,0.10844,679.0,0.10843,3.0,0.10846,212.0,0.10847,77.0
1753592122407,04:55:22.407,okx,AEVO/USDT:USDT,0.10844,158.0,0.10843,330.0,0.10846,212.0,0.10847,77.0
1753592122707,04:55:22.707,okx,AEVO/USDT:USDT,0.10844,158.0,0.10843,330.0,0.10846,212.0,0.10847,77.0
1753592123007,04:55:23.007,okx,AEVO/USDT:USDT,0.10842,1.0,0.1084,3.0,0.10844,2470.0,0.10845,3.0
1753592123407,04:55:23.407,okx,AEVO/USDT:USDT,0.10842,1.0,0.1084,3.0,0.10844,2755.0,0.10845,1020.0
1753592123507,04:55:23.507,okx,AEVO/USDT:USDT,0.10842,1.0,0.1084,3.0,0.10844,2755.0,0.10845,1020.0
1753592123807,04:55:23.807,okx,AEVO/USDT:USDT,0.1084,1.0,0.10839,5.0,0.10842,2626.0,0.10843,3.0
1753592123907,04:55:23.907,okx,AEVO/USDT:USDT,0.1084,1.0,0.10839,5.0,0.10842,2626.0,0.10843,3.0
1753592124107,04:55:24.107,okx,AEVO/USDT:USDT,0.1084,1.0,0.10839,5.0,0.10842,2626.0,0.10843,3.0
1753592124507,04:55:24.507,okx,AEVO/USDT:USDT,0.1084,89.0,0.10839,5.0,0.10842,2626.0,0.10843,3.0
1753592124607,04:55:24.607,okx,AEVO/USDT:USDT,0.1084,89.0,0.10839,5.0,0.10842,2626.0,0.10843,3.0
1753592124907,04:55:24.907,okx,AEVO/USDT:USDT,0.1084,89.0,0.10839,5.0,0.10842,2626.0,0.10843,3.0
1753592125007,04:55:25.007,okx,AEVO/USDT:USDT,0.1084,89.0,0.10839,5.0,0.10842,2626.0,0.10843,3.0
1753592126107,04:55:26.107,okx,AEVO/USDT:USDT,0.1084,89.0,0.10839,521.0,0.10844,2472.0,0.10845,724.0
1753592126207,04:55:26.207,okx,AEVO/USDT:USDT,0.1084,89.0,0.10839,812.0,0.10844,2470.0,0.10845,724.0
1753592126707,04:55:26.707,okx,AEVO/USDT:USDT,0.1084,1057.0,0.10839,5.0,0.10841,1.0,0.10844,2472.0
1753592127307,04:55:27.307,okx,AEVO/USDT:USDT,0.1084,628.0,0.10839,297.0,0.10845,723.0,0.10846,1779.0
1753592127607,04:55:27.607,okx,AEVO/USDT:USDT,0.1084,628.0,0.10839,5.0,0.10843,1.0,0.10845,723.0
1753592127707,04:55:27.707,okx,AEVO/USDT:USDT,0.1084,628.0,0.10839,297.0,0.10845,721.0,0.10846,1047.0
1753592128507,04:55:28.507,okx,AEVO/USDT:USDT,0.10841,1.0,0.1084,628.0,0.10845,1259.0,0.10846,219.0
1753592128607,04:55:28.607,okx,AEVO/USDT:USDT,0.10841,1.0,0.1084,628.0,0.10845,1259.0,0.10846,219.0
1753592128707,04:55:28.707,okx,AEVO/USDT:USDT,0.10841,1.0,0.1084,628.0,0.10845,1259.0,0.10846,219.0
1753592128907,04:55:28.907,okx,AEVO/USDT:USDT,0.10841,1.0,0.1084,628.0,0.10845,1259.0,0.10846,219.0
1753592129707,04:55:29.707,okx,AEVO/USDT:USDT,0.10841,1.0,0.1084,628.0,0.10844,342.0,0.10845,1261.0
1753592130107,04:55:30.107,okx,AEVO/USDT:USDT,0.10841,969.0,0.1084,628.0,0.10842,1.0,0.10844,342.0
1753592130207,04:55:30.207,okx,AEVO/USDT:USDT,0.10841,968.0,0.1084,628.0,0.10845,722.0,0.10846,756.0
1753592130307,04:55:30.307,okx,AEVO/USDT:USDT,0.10841,968.0,0.1084,628.0,0.10845,721.0,0.10846,756.0
1753592130907,04:55:30.907,okx,AEVO/USDT:USDT,0.10841,968.0,0.1084,628.0,0.10845,721.0,0.10846,756.0
1753592131307,04:55:31.307,okx,AEVO/USDT:USDT,0.10841,968.0,0.1084,628.0,0.10845,721.0,0.10846,756.0
1753592133307,04:55:33.307,okx,AEVO/USDT:USDT,0.10841,968.0,0.1084,628.0,0.10845,721.0,0.10846,756.0
1753592134207,04:55:34.207,okx,AEVO/USDT:USDT,0.10841,968.0,0.1084,629.0,0.10845,721.0,0.10846,755.0
1753592136007,04:55:36.007,okx,AEVO/USDT:USDT,0.10841,968.0,0.1084,92.0,0.10844,531.0,0.10845,723.0
1753592136807,04:55:36.807,okx,AEVO/USDT:USDT,0.10841,968.0,0.1084,92.0,0.10844,531.0,0.10845,723.0
1753592137207,04:55:37.207,okx,AEVO/USDT:USDT,0.10841,968.0,0.1084,92.0,0.10844,531.0,0.10845,723.0
1753592137407,04:55:37.407,okx,AEVO/USDT:USDT,0.10841,968.0,0.1084,92.0,0.10844,567.0,0.10845,723.0
1753592138707,04:55:38.707,okx,AEVO/USDT:USDT,0.1084,92.0,0.10839,5.0,0.10843,805.0,0.10844,330.0
1753592139107,04:55:39.107,okx,AEVO/USDT:USDT,0.1084,92.0,0.10839,5.0,0.10843,805.0,0.10844,330.0
1753592139607,04:55:39.607,okx,AEVO/USDT:USDT,0.1084,92.0,0.10839,5.0,0.10843,806.0,0.10844,330.0
1753592139907,04:55:39.907,okx,AEVO/USDT:USDT,0.1084,92.0,0.10839,5.0,0.10843,806.0,0.10844,330.0
1753592140407,04:55:40.407,okx,AEVO/USDT:USDT,0.1084,92.0,0.10839,5.0,0.10843,806.0,0.10844,330.0
1753592140707,04:55:40.707,okx,AEVO/USDT:USDT,0.1084,92.0,0.10839,5.0,0.10843,806.0,0.10844,330.0
1753592141107,04:55:41.107,okx,AEVO/USDT:USDT,0.1084,92.0,0.10839,5.0,0.10843,275.0,0.10844,39.0
1753592141807,04:55:41.807,okx,AEVO/USDT:USDT,0.1084,92.0,0.10839,495.0,0.10843,275.0,0.10844,39.0
1753592142207,04:55:42.207,okx,AEVO/USDT:USDT,0.1084,92.0,0.10839,626.0,0.10842,1.0,0.10843,275.0
1753592142307,04:55:42.307,okx,AEVO/USDT:USDT,0.10842,485.0,0.10841,429.0,0.10843,275.0,0.10844,39.0
1753592142407,04:55:42.407,okx,AEVO/USDT:USDT,0.10842,485.0,0.10841,429.0,0.10843,274.0,0.10844,39.0
1753592142707,04:55:42.707,okx,AEVO/USDT:USDT,0.10841,2.0,0.1084,901.0,0.10843,274.0,0.10844,39.0
1753592142807,04:55:42.807,okx,AEVO/USDT:USDT,0.10841,2.0,0.1084,901.0,0.10843,274.0,0.10844,39.0
1753592142907,04:55:42.907,okx,AEVO/USDT:USDT,0.10841,2.0,0.1084,901.0,0.10843,275.0,0.10844,39.0
1753592143107,04:55:43.107,okx,AEVO/USDT:USDT,0.10841,2.0,0.1084,382.0,0.10843,275.0,0.10844,39.0
1753592143207,04:55:43.207,okx,AEVO/USDT:USDT,0.10841,2.0,0.1084,91.0,0.10843,275.0,0.10844,39.0
1753592143307,04:55:43.307,okx,AEVO/USDT:USDT,0.10841,2.0,0.1084,706.0,0.10843,275.0,0.10844,39.0
1753592143707,04:55:43.707,okx,AEVO/USDT:USDT,0.10841,2.0,0.1084,706.0,0.10843,275.0,0.10844,39.0
1753592144307,04:55:44.307,okx,AEVO/USDT:USDT,0.10841,521.0,0.1084,1630.0,0.10843,275.0,0.10844,39.0
1753592144407,04:55:44.407,okx,AEVO/USDT:USDT,0.10841,521.0,0.1084,1630.0,0.10843,274.0,0.10844,37.0
1753592144507,04:55:44.507,okx,AEVO/USDT:USDT,0.10841,521.0,0.1084,1630.0,0.10843,274.0,0.10844,37.0
1753592145007,04:55:45.007,okx,AEVO/USDT:USDT,0.10841,2.0,0.1084,997.0,0.10843,275.0,0.10844,37.0
1753592145207,04:55:45.207,okx,AEVO/USDT:USDT,0.10841,970.0,0.1084,706.0,0.10843,274.0,0.10844,37.0
1753592145307,04:55:45.307,okx,AEVO/USDT:USDT,0.10841,970.0,0.1084,1630.0,0.10843,274.0,0.10844,37.0
1753592145507,04:55:45.507,okx,AEVO/USDT:USDT,0.10841,970.0,0.1084,1630.0,0.10843,274.0,0.10844,37.0
1753592145707,04:55:45.707,okx,AEVO/USDT:USDT,0.10841,970.0,0.1084,1630.0,0.10843,274.0,0.10844,37.0
1753592145807,04:55:45.807,okx,AEVO/USDT:USDT,0.10841,970.0,0.1084,1630.0,0.10843,274.0,0.10844,37.0
1753592146007,04:55:46.007,okx,AEVO/USDT:USDT,0.10841,970.0,0.1084,1630.0,0.10843,274.0,0.10844,37.0
1753592146507,04:55:46.507,okx,AEVO/USDT:USDT,0.10842,519.0,0.10841,2.0,0.10843,274.0,0.10844,36.0
1753592146807,04:55:46.807,okx,AEVO/USDT:USDT,0.10841,970.0,0.1084,1516.0,0.10842,1.0,0.10843,275.0
1753592147107,04:55:47.107,okx,AEVO/USDT:USDT,0.10841,970.0,0.1084,1516.0,0.10843,274.0,0.10844,36.0
1753592147307,04:55:47.307,okx,AEVO/USDT:USDT,0.10841,970.0,0.1084,1516.0,0.10843,274.0,0.10844,36.0
1753592148707,04:55:48.707,okx,AEVO/USDT:USDT,0.10841,970.0,0.1084,1517.0,0.10843,274.0,0.10844,36.0
1753592148907,04:55:48.907,okx,AEVO/USDT:USDT,0.10841,2.0,0.1084,91.0,0.10843,274.0,0.10844,37.0
1753592149307,04:55:49.307,okx,AEVO/USDT:USDT,0.10841,2.0,0.1084,91.0,0.10843,274.0,0.10844,39.0
1753592149907,04:55:49.907,okx,AEVO/USDT:USDT,0.10841,2.0,0.1084,91.0,0.10843,274.0,0.10844,39.0
1753592150407,04:55:50.407,okx,AEVO/USDT:USDT,0.10841,2.0,0.1084,91.0,0.10843,275.0,0.10844,39.0
1753592150907,04:55:50.907,okx,AEVO/USDT:USDT,0.10841,2.0,0.1084,610.0,0.10843,275.0,0.10844,39.0
1753592153307,04:55:53.307,okx,AEVO/USDT:USDT,0.10841,2.0,0.1084,91.0,0.10843,275.0,0.10844,39.0
1753592154407,04:55:54.407,okx,AEVO/USDT:USDT,0.10841,970.0,0.1084,608.0,0.10843,275.0,0.10844,39.0
1753592154507,04:55:54.507,okx,AEVO/USDT:USDT,0.10841,970.0,0.1084,608.0,0.10843,274.0,0.10844,39.0
1753592154807,04:55:54.807,okx,AEVO/USDT:USDT,0.10841,970.0,0.1084,608.0,0.10843,274.0,0.10844,39.0
1753592155007,04:55:55.007,okx,AEVO/USDT:USDT,0.10841,970.0,0.1084,608.0,0.10843,274.0,0.10844,39.0
1753592155407,04:55:55.407,okx,AEVO/USDT:USDT,0.10841,970.0,0.1084,609.0,0.10843,274.0,0.10844,39.0
1753592155507,04:55:55.507,okx,AEVO/USDT:USDT,0.10841,970.0,0.1084,900.0,0.10843,274.0,0.10844,39.0
1753592155807,04:55:55.807,okx,AEVO/USDT:USDT,0.10844,2274.0,0.10843,810.0,0.10846,216.0,0.10847,82.0
1753592156007,04:55:56.007,okx,AEVO/USDT:USDT,0.10844,2274.0,0.10843,810.0,0.10846,216.0,0.10847,82.0
1753592156107,04:55:56.107,okx,AEVO/USDT:USDT,0.10844,2274.0,0.10843,811.0,0.10846,216.0,0.10847,82.0
1753592156707,04:55:56.707,okx,AEVO/USDT:USDT,0.10845,532.0,0.10844,737.0,0.10846,216.0,0.10847,82.0
1753592156807,04:55:56.807,okx,AEVO/USDT:USDT,0.10845,532.0,0.10844,737.0,0.10846,216.0,0.10847,82.0
1753592156907,04:55:56.907,okx,AEVO/USDT:USDT,0.10845,532.0,0.10844,737.0,0.10846,216.0,0.10847,82.0
1753592157407,04:55:57.407,okx,AEVO/USDT:USDT,0.10845,532.0,0.10844,293.0,0.10846,216.0,0.10847,82.0
1753592158207,04:55:58.207,okx,AEVO/USDT:USDT,0.10845,1263.0,0.10844,926.0,0.10846,490.0,0.10847,78.0
1753592158707,04:55:58.707,okx,AEVO/USDT:USDT,0.10848,823.0,0.10847,551.0,0.10849,197.0,0.1085,24.0
1753592159007,04:55:59.007,okx,AEVO/USDT:USDT,0.10848,823.0,0.10847,552.0,0.10849,197.0,0.1085,24.0
1753592159107,04:55:59.107,okx,AEVO/USDT:USDT,0.10848,823.0,0.10847,552.0,0.10849,197.0,0.1085,24.0
1753592159207,04:55:59.207,okx,AEVO/USDT:USDT,0.10848,823.0,0.10847,552.0,0.10849,197.0,0.1085,24.0
1753592159307,04:55:59.307,okx,AEVO/USDT:USDT,0.10848,823.0,0.10847,552.0,0.10849,197.0,0.1085,24.0
1753592159707,04:55:59.707,okx,AEVO/USDT:USDT,0.10848,823.0,0.10847,552.0,0.10849,197.0,0.1085,24.0
1753592160007,04:56:00.007,okx,AEVO/USDT:USDT,0.10848,823.0,0.10847,552.0,0.10849,175.0,0.1085,2.0
1753592160307,04:56:00.307,okx,AEVO/USDT:USDT,0.10848,823.0,0.10847,552.0,0.10849,175.0,0.1085,2.0
1753592161007,04:56:01.007,okx,AEVO/USDT:USDT,0.10848,704.0,0.10847,326.0,0.10849,192.0,0.1085,19.0
1753592161707,04:56:01.707,okx,AEVO/USDT:USDT,0.10848,704.0,0.10847,326.0,0.10849,192.0,0.1085,19.0
1753592162207,04:56:02.207,okx,AEVO/USDT:USDT,0.10851,1977.0,0.1085,294.0,0.10852,1.0,0.10853,4.0
1753592162407,04:56:02.407,okx,AEVO/USDT:USDT,0.10851,1977.0,0.1085,294.0,0.10852,1.0,0.10853,4.0
1753592162507,04:56:02.507,okx,AEVO/USDT:USDT,0.10851,1977.0,0.1085,294.0,0.10852,1.0,0.10853,4.0
1753592162607,04:56:02.607,okx,AEVO/USDT:USDT,0.10851,1977.0,0.1085,294.0,0.10852,1.0,0.10853,4.0
1753592162807,04:56:02.807,okx,AEVO/USDT:USDT,0.10852,4603.0,0.10851,4.0,0.10853,3.0,0.10854,4.0
1753592163207,04:56:03.207,okx,AEVO/USDT:USDT,0.10853,1451.0,0.10852,3841.0,0.10854,1.0,0.10855,1.0
1753592163807,04:56:03.807,okx,AEVO/USDT:USDT,0.10853,1451.0,0.10852,3841.0,0.10854,1.0,0.10855,1.0
1753592164107,04:56:04.107,okx,AEVO/USDT:USDT,0.10853,1451.0,0.10852,3841.0,0.10854,1.0,0.10855,1.0
1753592164407,04:56:04.407,okx,AEVO/USDT:USDT,0.10853,1451.0,0.10852,3841.0,0.10854,1.0,0.10855,1.0
1753592164607,04:56:04.607,okx,AEVO/USDT:USDT,0.10853,1452.0,0.10852,3841.0,0.10854,1.0,0.10855,1.0
1753592165907,04:56:05.907,okx,AEVO/USDT:USDT,0.10853,1452.0,0.10852,3550.0,0.10854,1.0,0.10855,1.0
1753592166607,04:56:06.607,okx,AEVO/USDT:USDT,0.10853,1452.0,0.10852,3550.0,0.10854,1.0,0.10855,1.0
1753592166707,04:56:06.707,okx,AEVO/USDT:USDT,0.10853,1452.0,0.10852,3550.0,0.10854,1.0,0.10855,1.0
1753592166807,04:56:06.807,okx,AEVO/USDT:USDT,0.10853,1452.0,0.10852,3550.0,0.10854,1.0,0.10856,3.0
1753592168207,04:56:08.207,okx,AEVO/USDT:USDT,0.10853,1.0,0.10852,1.0,0.10854,527.0,0.10855,2.0
1753592168307,04:56:08.307,okx,AEVO/USDT:USDT,0.10853,1.0,0.10852,1.0,0.10854,527.0,0.10855,2.0
1753592168807,04:56:08.807,okx,AEVO/USDT:USDT,0.10853,1.0,0.10852,1.0,0.10854,527.0,0.10855,2.0
1753592169107,04:56:09.107,okx,AEVO/USDT:USDT,0.10853,1.0,0.10852,1.0,0.10854,527.0,0.10855,2.0
1753592169307,04:56:09.307,okx,AEVO/USDT:USDT,0.10853,1.0,0.10851,2.0,0.10854,527.0,0.10855,2.0
1753592170207,04:56:10.207,okx,AEVO/USDT:USDT,0.10853,1.0,0.10851,2.0,0.10854,527.0,0.10855,2.0
1753592170307,04:56:10.307,okx,AEVO/USDT:USDT,0.10853,1.0,0.10851,2.0,0.10854,527.0,0.10855,2.0
1753592170707,04:56:10.707,okx,AEVO/USDT:USDT,0.10853,1.0,0.10851,2.0,0.10854,527.0,0.10855,2.0
1753592170907,04:56:10.907,okx,AEVO/USDT:USDT,0.10853,1.0,0.10851,2.0,0.10854,527.0,0.10855,2.0
1753592172107,04:56:12.107,okx,AEVO/USDT:USDT,0.10853,1.0,0.10851,2.0,0.10854,527.0,0.10855,2.0
1753592172507,04:56:12.507,okx,AEVO/USDT:USDT,0.10853,1.0,0.10851,2.0,0.10854,527.0,0.10855,2.0
1753592172607,04:56:12.607,okx,AEVO/USDT:USDT,0.10853,1.0,0.10851,2.0,0.10854,527.0,0.10855,2.0
1753592174907,04:56:14.907,okx,AEVO/USDT:USDT,0.10853,1.0,0.10851,1.0,0.10854,527.0,0.10855,3.0
1753592175007,04:56:15.007,okx,AEVO/USDT:USDT,0.10853,1.0,0.10851,1.0,0.10854,527.0,0.10855,3.0
1753592175807,04:56:15.807,okx,AEVO/USDT:USDT,0.10853,1.0,0.10851,1.0,0.10854,527.0,0.10855,3.0
1753592176307,04:56:16.307,okx,AEVO/USDT:USDT,0.10853,1.0,0.10851,1.0,0.10854,527.0,0.10855,3.0
1753592176407,04:56:16.407,okx,AEVO/USDT:USDT,0.10853,1.0,0.10851,1.0,0.10854,527.0,0.10855,3.0
1753592176507,04:56:16.507,okx,AEVO/USDT:USDT,0.10853,1.0,0.10851,1.0,0.10854,527.0,0.10855,3.0
1753592178307,04:56:18.307,okx,AEVO/USDT:USDT,0.10853,1.0,0.10851,2.0,0.10854,527.0,0.10855,3.0
1753592178407,04:56:18.407,okx,AEVO/USDT:USDT,0.10853,1.0,0.10851,2.0,0.10854,527.0,0.10855,3.0
1753592178807,04:56:18.807,okx,AEVO/USDT:USDT,0.10853,1.0,0.10851,2.0,0.10854,527.0,0.10855,3.0
1753592179107,04:56:19.107,okx,AEVO/USDT:USDT,0.10853,1.0,0.10851,2.0,0.10854,527.0,0.10855,3.0
1753592180207,04:56:20.207,okx,AEVO/USDT:USDT,0.10853,969.0,0.10851,1130.0,0.10854,1.0,0.10855,2.0
1753592180407,04:56:20.407,okx,AEVO/USDT:USDT,0.10853,969.0,0.10852,293.0,0.10854,1.0,0.10856,4.0
1753592180807,04:56:20.807,okx,AEVO/USDT:USDT,0.10853,969.0,0.10852,293.0,0.10854,1.0,0.10856,4.0
1753592180907,04:56:20.907,okx,AEVO/USDT:USDT,0.10853,969.0,0.10852,293.0,0.10854,1.0,0.10856,4.0
1753592181407,04:56:21.407,okx,AEVO/USDT:USDT,0.10853,969.0,0.10852,293.0,0.10854,1.0,0.10856,4.0
1753592181807,04:56:21.807,okx,AEVO/USDT:USDT,0.10853,969.0,0.10852,293.0,0.10854,1.0,0.10856,4.0
1753592181907,04:56:21.907,okx,AEVO/USDT:USDT,0.10853,969.0,0.10852,293.0,0.10854,1.0,0.10856,4.0
1753592182507,04:56:22.507,okx,AEVO/USDT:USDT,0.10853,969.0,0.10852,293.0,0.10854,1.0,0.10856,4.0
1753592182607,04:56:22.607,okx,AEVO/USDT:USDT,0.10853,969.0,0.10852,293.0,0.10854,1.0,0.10856,4.0
1753592182907,04:56:22.907,okx,AEVO/USDT:USDT,0.10855,1451.0,0.10854,1.0,0.10856,1.0,0.10857,205.0
1753592183107,04:56:23.107,okx,AEVO/USDT:USDT,0.10855,1451.0,0.10854,1.0,0.10856,1.0,0.10857,205.0
1753592183207,04:56:23.207,okx,AEVO/USDT:USDT,0.10855,1451.0,0.10854,1.0,0.10856,1.0,0.10857,205.0
1753592184907,04:56:24.907,okx,AEVO/USDT:USDT,0.10855,1451.0,0.10854,1.0,0.10856,1.0,0.10857,205.0
1753592185407,04:56:25.407,okx,AEVO/USDT:USDT,0.10853,858.0,0.10852,923.0,0.10856,1.0,0.10857,496.0
1753592185507,04:56:25.507,okx,AEVO/USDT:USDT,0.10853,858.0,0.10852,923.0,0.10856,1.0,0.10857,496.0
1753592185607,04:56:25.607,okx,AEVO/USDT:USDT,0.10853,858.0,0.10852,923.0,0.10856,1.0,0.10857,496.0
1753592185907,04:56:25.907,okx,AEVO/USDT:USDT,0.10853,858.0,0.10852,1214.0,0.10856,1.0,0.10857,205.0
1753592186007,04:56:26.007,okx,AEVO/USDT:USDT,0.10853,858.0,0.10852,1214.0,0.10856,1.0,0.10857,205.0
1753592186607,04:56:26.607,okx,AEVO/USDT:USDT,0.10853,856.0,0.10852,1214.0,0.10856,1.0,0.10857,205.0
1753592186807,04:56:26.807,okx,AEVO/USDT:USDT,0.10853,856.0,0.10852,1214.0,0.10856,536.0,0.10857,205.0
1753592187007,04:56:27.007,okx,AEVO/USDT:USDT,0.10853,856.0,0.10852,1214.0,0.10856,536.0,0.10857,205.0
1753592187507,04:56:27.507,okx,AEVO/USDT:USDT,0.10853,114.0,0.10852,2.0,0.10856,537.0,0.10857,497.0
1753592188307,04:56:28.307,okx,AEVO/USDT:USDT,0.10853,115.0,0.10852,3.0,0.10856,1.0,0.10857,205.0
1753592190207,04:56:30.207,okx,AEVO/USDT:USDT,0.10853,967.0,0.10852,3.0,0.10856,3.0,0.10857,205.0
1753592190507,04:56:30.507,okx,AEVO/USDT:USDT,0.10853,1795.0,0.10852,294.0,0.10856,1.0,0.10857,205.0
1753592190707,04:56:30.707,okx,AEVO/USDT:USDT,0.10855,968.0,0.10854,1.0,0.10856,1.0,0.10857,205.0
1753592190807,04:56:30.807,okx,AEVO/USDT:USDT,0.10855,968.0,0.10854,1.0,0.10856,1.0,0.10857,205.0
1753592191607,04:56:31.607,okx,AEVO/USDT:USDT,0.10853,969.0,0.10852,3.0,0.10856,1.0,0.10857,496.0
1753592192607,04:56:32.607,okx,AEVO/USDT:USDT,0.10853,969.0,0.10852,3.0,0.10856,1.0,0.10857,496.0
1753592193107,04:56:33.107,okx,AEVO/USDT:USDT,0.10854,1.0,0.10853,969.0,0.10856,1.0,0.10857,496.0
1753592193907,04:56:33.907,okx,AEVO/USDT:USDT,0.10854,537.0,0.10853,969.0,0.10856,1.0,0.10857,205.0
1753592194007,04:56:34.007,okx,AEVO/USDT:USDT,0.10853,969.0,0.10852,873.0,0.10856,1.0,0.10857,205.0
1753592194207,04:56:34.207,okx,AEVO/USDT:USDT,0.10853,969.0,0.10852,873.0,0.10856,1.0,0.10857,205.0
1753592195207,04:56:35.207,okx,AEVO/USDT:USDT,0.10853,1506.0,0.10852,873.0,0.10856,1.0,0.10857,205.0
1753592195607,04:56:35.607,okx,AEVO/USDT:USDT,0.10853,1506.0,0.10852,873.0,0.10856,1.0,0.10857,205.0
1753592195707,04:56:35.707,okx,AEVO/USDT:USDT,0.10853,1506.0,0.10852,873.0,0.10856,1.0,0.10857,205.0
1753592195807,04:56:35.807,okx,AEVO/USDT:USDT,0.10853,1506.0,0.10852,873.0,0.10856,1.0,0.10857,205.0
1753592196107,04:56:36.107,okx,AEVO/USDT:USDT,0.10853,1506.0,0.10852,873.0,0.10856,1.0,0.10857,205.0
1753592196207,04:56:36.207,okx,AEVO/USDT:USDT,0.10853,1506.0,0.10852,873.0,0.10856,1.0,0.10857,205.0
1753592197007,04:56:37.007,okx,AEVO/USDT:USDT,0.10853,2950.0,0.10852,873.0,0.10856,1.0,0.10857,205.0
1753592197107,04:56:37.107,okx,AEVO/USDT:USDT,0.10853,2950.0,0.10852,873.0,0.10856,1.0,0.10857,205.0
1753592198207,04:56:38.207,okx,AEVO/USDT:USDT,0.10853,2915.0,0.10852,873.0,0.10856,1.0,0.10857,205.0
1753592198607,04:56:38.607,okx,AEVO/USDT:USDT,0.10854,537.0,0.10853,2378.0,0.10856,1.0,0.10857,205.0
1753592198707,04:56:38.707,okx,AEVO/USDT:USDT,0.10854,537.0,0.10853,2378.0,0.10856,1.0,0.10857,205.0
1753592198807,04:56:38.807,okx,AEVO/USDT:USDT,0.10854,537.0,0.10853,2378.0,0.10856,1.0,0.10857,201.0
1753592199007,04:56:39.007,okx,AEVO/USDT:USDT,0.10854,537.0,0.10853,2378.0,0.10856,1.0,0.10857,201.0
1753592199607,04:56:39.607,okx,AEVO/USDT:USDT,0.10858,1451.0,0.10857,2636.0,0.10859,15.0,0.1086,9.0
1753592199807,04:56:39.807,okx,AEVO/USDT:USDT,0.10858,1451.0,0.10857,2636.0,0.10859,15.0,0.1086,9.0
1753592200507,04:56:40.507,okx,AEVO/USDT:USDT,0.10858,1451.0,0.10857,2345.0,0.10859,15.0,0.1086,9.0
1753592201407,04:56:41.407,okx,AEVO/USDT:USDT,0.10858,1451.0,0.10857,2345.0,0.10859,15.0,0.1086,9.0
1753592201607,04:56:41.607,okx,AEVO/USDT:USDT,0.10858,1451.0,0.10857,2345.0,0.10859,15.0,0.1086,9.0
1753592203407,04:56:43.407,okx,AEVO/USDT:USDT,0.10858,1451.0,0.10857,2345.0,0.10859,15.0,0.1086,9.0
1753592205107,04:56:45.107,okx,AEVO/USDT:USDT,0.10858,1451.0,0.10857,2345.0,0.10859,15.0,0.1086,9.0
1753592206307,04:56:46.307,okx,AEVO/USDT:USDT,0.10861,4078.0,0.1086,294.0,0.10862,28.0,0.10863,424.0
1753592206907,04:56:46.907,okx,AEVO/USDT:USDT,0.10861,4078.0,0.1086,294.0,0.10862,28.0,0.10863,424.0
1753592207107,04:56:47.107,okx,AEVO/USDT:USDT,0.10861,1451.0,0.1086,1.0,0.10862,560.0,0.10863,424.0
1753592207407,04:56:47.407,okx,AEVO/USDT:USDT,0.10861,1451.0,0.1086,294.0,0.10862,28.0,0.10863,424.0
1753592207507,04:56:47.507,okx,AEVO/USDT:USDT,0.10861,1451.0,0.1086,294.0,0.10862,28.0,0.10863,424.0
1753592209007,04:56:49.007,okx,AEVO/USDT:USDT,0.10861,1451.0,0.1086,294.0,0.10862,25.0,0.10863,424.0
1753592209107,04:56:49.107,okx,AEVO/USDT:USDT,0.10861,1451.0,0.1086,1.0,0.10862,557.0,0.10863,424.0
1753592209207,04:56:49.207,okx,AEVO/USDT:USDT,0.10859,2.0,0.10858,2064.0,0.10862,558.0,0.10863,425.0
1753592209407,04:56:49.407,okx,AEVO/USDT:USDT,0.10859,970.0,0.10858,2065.0,0.1086,10.0,0.10862,558.0
1753592209807,04:56:49.807,okx,AEVO/USDT:USDT,0.10859,970.0,0.10858,2065.0,0.1086,10.0,0.10861,1.0
1753592210007,04:56:50.007,okx,AEVO/USDT:USDT,0.10859,970.0,0.10858,2065.0,0.1086,10.0,0.10861,1.0
1753592210407,04:56:50.407,okx,AEVO/USDT:USDT,0.10859,970.0,0.10858,2934.0,0.10862,25.0,0.10863,425.0
1753592210507,04:56:50.507,okx,AEVO/USDT:USDT,0.10859,970.0,0.10858,2935.0,0.10862,25.0,0.10863,424.0
1753592210707,04:56:50.707,okx,AEVO/USDT:USDT,0.10859,970.0,0.10858,2935.0,0.10862,25.0,0.10863,424.0
1753592210807,04:56:50.807,okx,AEVO/USDT:USDT,0.10859,970.0,0.10858,2935.0,0.10862,25.0,0.10863,424.0
1753592211007,04:56:51.007,okx,AEVO/USDT:USDT,0.10859,970.0,0.10858,2935.0,0.10862,25.0,0.10863,424.0
1753592212107,04:56:52.107,okx,AEVO/USDT:USDT,0.10859,970.0,0.10858,2356.0,0.10862,25.0,0.10863,424.0
1753592212807,04:56:52.807,okx,AEVO/USDT:USDT,0.10859,970.0,0.10858,2356.0,0.10862,25.0,0.10863,424.0
1753592213307,04:56:53.307,okx,AEVO/USDT:USDT,0.10859,970.0,0.10858,2356.0,0.10862,25.0,0.10863,424.0
1753592213507,04:56:53.507,okx,AEVO/USDT:USDT,0.10859,970.0,0.10858,2065.0,0.10862,567.0,0.10863,424.0
1753592214007,04:56:54.007,okx,AEVO/USDT:USDT,0.10859,970.0,0.10858,2064.0,0.10862,567.0,0.10863,715.0
1753592214207,04:56:54.207,okx,AEVO/USDT:USDT,0.10859,970.0,0.10858,2064.0,0.10862,567.0,0.10863,715.0
1753592214507,04:56:54.507,okx,AEVO/USDT:USDT,0.10859,970.0,0.10858,2.0,0.10861,542.0,0.10862,27.0
1753592214807,04:56:54.807,okx,AEVO/USDT:USDT,0.10859,970.0,0.10858,2.0,0.10861,542.0,0.10862,27.0
1753592215207,04:56:55.207,okx,AEVO/USDT:USDT,0.10859,970.0,0.10858,2.0,0.10861,542.0,0.10862,27.0
1753592215307,04:56:55.307,okx,AEVO/USDT:USDT,0.10859,970.0,0.10858,2.0,0.10861,542.0,0.10862,27.0
1753592215507,04:56:55.507,okx,AEVO/USDT:USDT,0.10859,970.0,0.10858,2.0,0.10861,547.0,0.10862,27.0
1753592215707,04:56:55.707,okx,AEVO/USDT:USDT,0.10858,2.0,0.10857,3.0,0.1086,543.0,0.10861,298.0
1753592215907,04:56:55.907,okx,AEVO/USDT:USDT,0.10858,2.0,0.10857,3.0,0.1086,543.0,0.10861,298.0
1753592216007,04:56:56.007,okx,AEVO/USDT:USDT,0.10858,2.0,0.10857,3.0,0.1086,543.0,0.10861,298.0
1753592216607,04:56:56.607,okx,AEVO/USDT:USDT,0.10858,2.0,0.10857,3.0,0.1086,543.0,0.10861,298.0
1753592217407,04:56:57.407,okx,AEVO/USDT:USDT,0.10857,2.0,0.10856,743.0,0.1086,1.0,0.10861,1636.0
1753592217607,04:56:57.607,okx,AEVO/USDT:USDT,0.10857,2.0,0.10856,743.0,0.10859,1790.0,0.1086,1.0
1753592217907,04:56:57.907,okx,AEVO/USDT:USDT,0.10857,2.0,0.10856,743.0,0.10859,1791.0,0.1086,1.0
1753592218207,04:56:58.207,okx,AEVO/USDT:USDT,0.10857,2.0,0.10856,743.0,0.10859,1791.0,0.1086,1.0
1753592218407,04:56:58.407,okx,AEVO/USDT:USDT,0.10857,2.0,0.10856,743.0,0.10859,1791.0,0.1086,1.0
1753592219007,04:56:59.007,okx,AEVO/USDT:USDT,0.10857,2.0,0.10856,743.0,0.10859,1791.0,0.1086,1.0
1753592220007,04:57:00.007,okx,AEVO/USDT:USDT,0.10856,1.0,0.10855,2.0,0.10858,543.0,0.10859,2084.0
1753592220207,04:57:00.207,okx,AEVO/USDT:USDT,0.10855,2.0,0.10854,6.0,0.10856,284.0,0.10858,967.0
1753592220807,04:57:00.807,okx,AEVO/USDT:USDT,0.10854,1.0,0.10853,1525.0,0.10856,285.0,0.10857,294.0
1753592221707,04:57:01.707,okx,AEVO/USDT:USDT,0.10854,7.0,0.10853,1525.0,0.10856,285.0,0.10857,3.0
1753592221907,04:57:01.907,okx,AEVO/USDT:USDT,0.10854,7.0,0.10853,1525.0,0.10856,285.0,0.10857,3.0
1753592222407,04:57:02.407,okx,AEVO/USDT:USDT,0.10854,7.0,0.10853,1525.0,0.10856,284.0,0.10857,3.0
1753592222507,04:57:02.507,okx,AEVO/USDT:USDT,0.10854,7.0,0.10853,1525.0,0.10856,284.0,0.10857,3.0
1753592222707,04:57:02.707,okx,AEVO/USDT:USDT,0.10853,1525.0,0.10852,4.0,0.10854,2620.0,0.10855,535.0
1753592222907,04:57:02.907,okx,AEVO/USDT:USDT,0.10852,1.0,0.10851,5.0,0.10853,535.0,0.10854,2911.0
1753592223007,04:57:03.007,okx,AEVO/USDT:USDT,0.10852,1.0,0.10851,3.0,0.10853,535.0,0.10854,3335.0
1753592223207,04:57:03.207,okx,AEVO/USDT:USDT,0.10851,1.0,0.1085,35.0,0.10852,1777.0,0.10853,903.0
1753592223907,04:57:03.907,okx,AEVO/USDT:USDT,0.10848,1.0,0.10846,4.0,0.10851,536.0,0.10852,982.0
1753592224107,04:57:04.107,okx,AEVO/USDT:USDT,0.10848,1.0,0.10846,4.0,0.10851,536.0,0.10852,982.0
1753592224207,04:57:04.207,okx,AEVO/USDT:USDT,0.10848,1.0,0.10846,4.0,0.10851,536.0,0.10852,982.0
1753592224307,04:57:04.307,okx,AEVO/USDT:USDT,0.10848,1.0,0.10846,4.0,0.1085,1.0,0.10851,538.0
1753592225207,04:57:05.207,okx,AEVO/USDT:USDT,0.10848,1.0,0.10847,293.0,0.1085,1.0,0.10851,2.0
1753592225507,04:57:05.507,okx,AEVO/USDT:USDT,0.10848,1.0,0.10847,2.0,0.10851,1.0,0.10852,1517.0
1753592225607,04:57:05.607,okx,AEVO/USDT:USDT,0.10848,1.0,0.10847,2.0,0.10852,1517.0,0.10853,3.0
1753592226307,04:57:06.307,okx,AEVO/USDT:USDT,0.10848,1.0,0.10847,2.0,0.10851,1.0,0.10852,1517.0
1753592226407,04:57:06.407,okx,AEVO/USDT:USDT,0.10848,1.0,0.10847,768.0,0.10851,1.0,0.10852,279.0
1753592226807,04:57:06.807,okx,AEVO/USDT:USDT,0.10848,536.0,0.10847,769.0,0.10852,276.0,0.10853,2.0
1753592227207,04:57:07.207,okx,AEVO/USDT:USDT,0.10848,536.0,0.10847,769.0,0.10853,2.0,0.10854,2915.0
1753592227507,04:57:07.507,okx,AEVO/USDT:USDT,0.1085,968.0,0.10849,372.0,0.10853,2.0,0.10854,2624.0
1753592227707,04:57:07.707,okx,AEVO/USDT:USDT,0.10851,872.0,0.1085,729.0,0.10854,1.0,0.10855,2.0
1753592227807,04:57:07.807,okx,AEVO/USDT:USDT,0.10851,873.0,0.1085,729.0,0.10854,1.0,0.10855,2.0
1753592228007,04:57:08.007,okx,AEVO/USDT:USDT,0.10851,873.0,0.1085,3342.0,0.10854,1.0,0.10855,2.0
1753592228107,04:57:08.107,okx,AEVO/USDT:USDT,0.10851,873.0,0.1085,3342.0,0.10854,1.0,0.10855,2.0
1753592228307,04:57:08.307,okx,AEVO/USDT:USDT,0.10851,873.0,0.1085,3342.0,0.10854,1.0,0.10855,2.0
1753592228507,04:57:08.507,okx,AEVO/USDT:USDT,0.10851,873.0,0.1085,3342.0,0.10854,1.0,0.10855,2.0
1753592228807,04:57:08.807,okx,AEVO/USDT:USDT,0.1085,729.0,0.10849,293.0,0.10854,1.0,0.10855,2.0
1753592229007,04:57:09.007,okx,AEVO/USDT:USDT,0.1085,727.0,0.10849,293.0,0.10854,1.0,0.10855,2.0
1753592229107,04:57:09.107,okx,AEVO/USDT:USDT,0.10851,1.0,0.1085,727.0,0.10854,1.0,0.10855,2.0
1753592229407,04:57:09.407,okx,AEVO/USDT:USDT,0.1085,729.0,0.10849,293.0,0.10854,1.0,0.10855,2.0
1753592229607,04:57:09.607,okx,AEVO/USDT:USDT,0.1085,729.0,0.10849,293.0,0.10852,2.0,0.10854,1.0
1753592229807,04:57:09.807,okx,AEVO/USDT:USDT,0.1085,729.0,0.10849,293.0,0.10854,1.0,0.10855,2.0
1753592229907,04:57:09.907,okx,AEVO/USDT:USDT,0.10851,1.0,0.1085,729.0,0.10854,1.0,0.10855,2.0
1753592230207,04:57:10.207,okx,AEVO/USDT:USDT,0.1085,729.0,0.10849,814.0,0.10854,1.0,0.10855,2.0
1753592230307,04:57:10.307,okx,AEVO/USDT:USDT,0.10851,1.0,0.1085,729.0,0.10854,1.0,0.10855,2.0
1753592230807,04:57:10.807,okx,AEVO/USDT:USDT,0.1085,538.0,0.10849,1068.0,0.10854,1.0,0.10855,2.0
1753592232007,04:57:12.007,okx,AEVO/USDT:USDT,0.1085,3.0,0.10849,2.0,0.10854,1.0,0.10855,2.0
1753592232307,04:57:12.307,okx,AEVO/USDT:USDT,0.1085,3.0,0.10849,2.0,0.10854,1.0,0.10855,2.0
1753592232507,04:57:12.507,okx,AEVO/USDT:USDT,0.1085,1519.0,0.10849,2.0,0.10854,1.0,0.10855,2.0
1753592232607,04:57:12.607,okx,AEVO/USDT:USDT,0.10851,1.0,0.1085,1519.0,0.10854,1.0,0.10855,2.0
1753592233007,04:57:13.007,okx,AEVO/USDT:USDT,0.10851,1.0,0.1085,1519.0,0.10854,1.0,0.10855,2.0
1753592233307,04:57:13.307,okx,AEVO/USDT:USDT,0.1085,1519.0,0.10849,2.0,0.10854,1.0,0.10855,2.0
1753592233507,04:57:13.507,okx,AEVO/USDT:USDT,0.10851,1.0,0.1085,1519.0,0.10854,1.0,0.10855,2.0
1753592233807,04:57:13.807,okx,AEVO/USDT:USDT,0.1085,1519.0,0.10849,2.0,0.10854,539.0,0.10855,2.0
1753592234207,04:57:14.207,okx,AEVO/USDT:USDT,0.1085,1519.0,0.10849,2.0,0.10854,539.0,0.10855,2.0
1753592234407,04:57:14.407,okx,AEVO/USDT:USDT,0.1085,1519.0,0.10849,2.0,0.10854,539.0,0.10855,2.0
1753592234507,04:57:14.507,okx,AEVO/USDT:USDT,0.1085,1519.0,0.10849,2.0,0.10854,539.0,0.10855,2.0
1753592234807,04:57:14.807,okx,AEVO/USDT:USDT,0.1085,1519.0,0.10849,2.0,0.10854,539.0,0.10855,2.0
1753592234907,04:57:14.907,okx,AEVO/USDT:USDT,0.1085,1519.0,0.10849,2.0,0.10854,539.0,0.10855,2.0
1753592235007,04:57:15.007,okx,AEVO/USDT:USDT,0.1085,1519.0,0.10849,2.0,0.10854,539.0,0.10855,2.0
1753592235507,04:57:15.507,okx,AEVO/USDT:USDT,0.1085,1518.0,0.10849,2.0,0.10852,1251.0,0.10854,541.0
1753592235607,04:57:15.607,okx,AEVO/USDT:USDT,0.1085,1518.0,0.10849,2.0,0.10852,1251.0,0.10854,541.0
1753592236107,04:57:16.107,okx,AEVO/USDT:USDT,0.1085,1518.0,0.10849,2.0,0.10852,1251.0,0.10853,816.0
1753592236207,04:57:16.207,okx,AEVO/USDT:USDT,0.1085,1518.0,0.10849,2.0,0.10852,1251.0,0.10853,816.0
1753592237207,04:57:17.207,okx,AEVO/USDT:USDT,0.1085,1518.0,0.10849,2.0,0.10852,1251.0,0.10853,816.0
1753592237907,04:57:17.907,okx,AEVO/USDT:USDT,0.1085,1544.0,0.10849,2.0,0.10852,1251.0,0.10853,816.0
1753592238307,04:57:18.307,okx,AEVO/USDT:USDT,0.1085,1542.0,0.10849,2.0,0.10852,1251.0,0.10853,816.0
1753592238707,04:57:18.707,okx,AEVO/USDT:USDT,0.1085,1542.0,0.10849,2.0,0.10852,1251.0,0.10853,816.0
1753592238807,04:57:18.807,okx,AEVO/USDT:USDT,0.1085,1542.0,0.10849,2.0,0.10852,1251.0,0.10853,816.0
1753592239007,04:57:19.007,okx,AEVO/USDT:USDT,0.1085,1542.0,0.10849,2.0,0.10852,1251.0,0.10853,816.0
1753592239707,04:57:19.707,okx,AEVO/USDT:USDT,0.1085,1542.0,0.10849,2.0,0.10852,1251.0,0.10853,817.0
1753592240707,04:57:20.707,okx,AEVO/USDT:USDT,0.1085,1542.0,0.10849,2.0,0.10852,1251.0,0.10853,817.0
1753592242207,04:57:22.207,okx,AEVO/USDT:USDT,0.1085,1542.0,0.10849,2.0,0.10852,1251.0,0.10853,816.0
1753592242307,04:57:22.307,okx,AEVO/USDT:USDT,0.1085,1542.0,0.10849,2.0,0.10852,1251.0,0.10853,816.0
1753592243107,04:57:23.107,okx,AEVO/USDT:USDT,0.1085,1542.0,0.10849,2.0,0.10852,1251.0,0.10853,816.0
1753592243207,04:57:23.207,okx,AEVO/USDT:USDT,0.1085,1542.0,0.10849,2.0,0.10852,1251.0,0.10853,816.0
1753592243907,04:57:23.907,okx,AEVO/USDT:USDT,0.1085,1542.0,0.10849,2.0,0.10852,1251.0,0.10853,816.0
1753592244007,04:57:24.007,okx,AEVO/USDT:USDT,0.1085,1542.0,0.10849,2.0,0.10852,1251.0,0.10853,816.0
1753592244307,04:57:24.307,okx,AEVO/USDT:USDT,0.1085,1542.0,0.10849,293.0,0.10852,1251.0,0.10853,816.0
1753592245207,04:57:25.207,okx,AEVO/USDT:USDT,0.1085,1542.0,0.10849,2.0,0.10852,1251.0,0.10853,816.0
1753592246007,04:57:26.007,okx,AEVO/USDT:USDT,0.1085,1542.0,0.10849,2.0,0.10852,1251.0,0.10853,816.0
1753592246407,04:57:26.407,okx,AEVO/USDT:USDT,0.1085,1542.0,0.10849,2.0,0.10852,1251.0,0.10853,818.0
1753592246807,04:57:26.807,okx,AEVO/USDT:USDT,0.1085,1542.0,0.10849,2.0,0.10852,1251.0,0.10853,818.0
1753592248007,04:57:28.007,okx,AEVO/USDT:USDT,0.1085,1542.0,0.10849,2.0,0.10852,1251.0,0.10853,818.0
1753592248307,04:57:28.307,okx,AEVO/USDT:USDT,0.1085,1542.0,0.10849,2.0,0.10852,1251.0,0.10853,818.0
1753592248907,04:57:28.907,okx,AEVO/USDT:USDT,0.1085,1542.0,0.10849,2.0,0.10852,1251.0,0.10853,818.0
1753592250107,04:57:30.107,okx,AEVO/USDT:USDT,0.10848,1.0,0.10846,2.0,0.1085,1320.0,0.10851,824.0
1753592250207,04:57:30.207,okx,AEVO/USDT:USDT,0.10848,1.0,0.10846,2.0,0.1085,1320.0,0.10851,824.0
1753592251607,04:57:31.607,okx,AEVO/USDT:USDT,0.10848,1.0,0.10846,2.0,0.1085,1320.0,0.10851,533.0
1753592251707,04:57:31.707,okx,AEVO/USDT:USDT,0.10848,1.0,0.10846,2.0,0.1085,1320.0,0.10851,533.0
1753592251807,04:57:31.807,okx,AEVO/USDT:USDT,0.10848,1.0,0.10846,2.0,0.1085,1320.0,0.10851,533.0
1753592251907,04:57:31.907,okx,AEVO/USDT:USDT,0.10848,1.0,0.10846,2.0,0.1085,1320.0,0.10851,533.0
1753592252907,04:57:32.907,okx,AEVO/USDT:USDT,0.10848,606.0,0.10847,3607.0,0.10852,1251.0,0.10853,818.0
1753592253207,04:57:33.207,okx,AEVO/USDT:USDT,0.10848,272.0,0.10847,2.0,0.10852,1251.0,0.10853,819.0
1753592253307,04:57:33.307,okx,AEVO/USDT:USDT,0.10848,272.0,0.10847,2.0,0.10852,1251.0,0.10853,819.0
1753592253507,04:57:33.507,okx,AEVO/USDT:USDT,0.10848,272.0,0.10847,2.0,0.10852,1251.0,0.10853,819.0
1753592253607,04:57:33.607,okx,AEVO/USDT:USDT,0.10848,272.0,0.10847,2.0,0.10852,1251.0,0.10853,819.0
1753592254407,04:57:34.407,okx,AEVO/USDT:USDT,0.10848,812.0,0.10847,762.0,0.10852,1252.0,0.10853,819.0
1753592254607,04:57:34.607,okx,AEVO/USDT:USDT,0.10848,812.0,0.10847,762.0,0.10852,1252.0,0.10853,819.0
1753592255007,04:57:35.007,okx,AEVO/USDT:USDT,0.10849,1164.0,0.10848,2394.0,0.10852,1251.0,0.10853,819.0
1753592255107,04:57:35.107,okx,AEVO/USDT:USDT,0.10849,291.0,0.10848,1385.0,0.10852,1251.0,0.10853,819.0
1753592255207,04:57:35.207,okx,AEVO/USDT:USDT,0.10849,291.0,0.10848,1385.0,0.10852,1251.0,0.10853,819.0
1753592255907,04:57:35.907,okx,AEVO/USDT:USDT,0.10849,291.0,0.10848,1385.0,0.10852,1251.0,0.10853,819.0
1753592256207,04:57:36.207,okx,AEVO/USDT:USDT,0.10849,291.0,0.10848,1385.0,0.10852,1251.0,0.10853,819.0
1753592256507,04:57:36.507,okx,AEVO/USDT:USDT,0.10849,291.0,0.10848,1385.0,0.10852,1251.0,0.10853,819.0
1753592257007,04:57:37.007,okx,AEVO/USDT:USDT,0.10849,291.0,0.10848,1385.0,0.10852,1251.0,0.10853,819.0
1753592257407,04:57:37.407,okx,AEVO/USDT:USDT,0.10849,291.0,0.10848,1385.0,0.10852,1251.0,0.10853,819.0
1753592257507,04:57:37.507,okx,AEVO/USDT:USDT,0.10849,291.0,0.10848,1385.0,0.10852,1251.0,0.10853,819.0
1753592258507,04:57:38.507,okx,AEVO/USDT:USDT,0.10849,291.0,0.10848,1385.0,0.10852,1251.0,0.10853,819.0
1753592258707,04:57:38.707,okx,AEVO/USDT:USDT,0.10849,291.0,0.10848,1385.0,0.10852,1251.0,0.10853,819.0
1753592259507,04:57:39.507,okx,AEVO/USDT:USDT,0.10849,291.0,0.10848,1385.0,0.10852,1254.0,0.10853,819.0
1753592260407,04:57:40.407,okx,AEVO/USDT:USDT,0.1085,352.0,0.10849,1149.0,0.10852,1254.0,0.10853,3.0
1753592260507,04:57:40.507,okx,AEVO/USDT:USDT,0.1085,352.0,0.10849,1149.0,0.10852,1254.0,0.10853,3.0
1753592260907,04:57:40.907,okx,AEVO/USDT:USDT,0.1085,352.0,0.10849,1149.0,0.10852,1254.0,0.10853,3.0
1753592262107,04:57:42.107,okx,AEVO/USDT:USDT,0.1085,352.0,0.10849,1147.0,0.10852,1254.0,0.10853,2.0
1753592262307,04:57:42.307,okx,AEVO/USDT:USDT,0.1085,352.0,0.10849,1147.0,0.10852,1254.0,0.10853,2.0
1753592263007,04:57:43.007,okx,AEVO/USDT:USDT,0.1085,352.0,0.10849,1147.0,0.10852,1254.0,0.10853,2.0
1753592263207,04:57:43.207,okx,AEVO/USDT:USDT,0.1085,352.0,0.10849,1147.0,0.10852,1254.0,0.10853,2.0
1753592264407,04:57:44.407,okx,AEVO/USDT:USDT,0.10851,1258.0,0.1085,352.0,0.10852,1254.0,0.10853,2.0
1753592265107,04:57:45.107,okx,AEVO/USDT:USDT,0.10851,1267.0,0.1085,354.0,0.10852,1251.0,0.10853,2.0
1753592265307,04:57:45.307,okx,AEVO/USDT:USDT,0.10851,1267.0,0.1085,354.0,0.10852,1251.0,0.10853,2.0
1753592266707,04:57:46.707,okx,AEVO/USDT:USDT,0.10853,1258.0,0.10851,4201.0,0.10854,1.0,0.10855,2.0
1753592266807,04:57:46.807,okx,AEVO/USDT:USDT,0.10853,1258.0,0.10851,4201.0,0.10854,1.0,0.10855,2.0
1753592267707,04:57:47.707,okx,AEVO/USDT:USDT,0.10853,1258.0,0.10851,3868.0,0.10854,1.0,0.10855,2.0
1753592268507,04:57:48.507,okx,AEVO/USDT:USDT,0.10853,1258.0,0.10851,3868.0,0.10854,1.0,0.10855,2.0
1753592268707,04:57:48.707,okx,AEVO/USDT:USDT,0.10851,2867.0,0.1085,354.0,0.10853,1320.0,0.10854,3.0
1753592269307,04:57:49.307,okx,AEVO/USDT:USDT,0.10851,2867.0,0.1085,354.0,0.10853,1320.0,0.10854,3.0
1753592269407,04:57:49.407,okx,AEVO/USDT:USDT,0.10851,2867.0,0.1085,354.0,0.10853,1320.0,0.10854,3.0
1753592270807,04:57:50.807,okx,AEVO/USDT:USDT,0.10851,2867.0,0.1085,645.0,0.10853,1320.0,0.10854,3.0
1753592271007,04:57:51.007,okx,AEVO/USDT:USDT,0.10851,2867.0,0.1085,645.0,0.10853,1320.0,0.10854,3.0
1753592271307,04:57:51.307,okx,AEVO/USDT:USDT,0.10851,2867.0,0.1085,645.0,0.10853,1320.0,0.10854,3.0
1753592271507,04:57:51.507,okx,AEVO/USDT:USDT,0.10853,968.0,0.10851,3386.0,0.10854,1.0,0.10855,2.0
1753592271807,04:57:51.807,okx,AEVO/USDT:USDT,0.10851,3385.0,0.1085,645.0,0.10853,1659.0,0.10854,3.0
1753592271907,04:57:51.907,okx,AEVO/USDT:USDT,0.10851,3385.0,0.1085,645.0,0.10853,1659.0,0.10854,3.0
1753592272807,04:57:52.807,okx,AEVO/USDT:USDT,0.10851,3384.0,0.1085,645.0,0.10853,1659.0,0.10854,3.0
1753592273107,04:57:53.107,okx,AEVO/USDT:USDT,0.10851,3032.0,0.1085,646.0,0.10853,1659.0,0.10854,3.0
1753592273307,04:57:53.307,okx,AEVO/USDT:USDT,0.10851,3032.0,0.1085,355.0,0.10853,1659.0,0.10854,3.0
1753592273407,04:57:53.407,okx,AEVO/USDT:USDT,0.10851,3032.0,0.1085,355.0,0.10853,1659.0,0.10854,3.0
1753592274707,04:57:54.707,okx,AEVO/USDT:USDT,0.1085,352.0,0.10849,3.0,0.10851,2222.0,0.10852,2.0
1753592274807,04:57:54.807,okx,AEVO/USDT:USDT,0.1085,352.0,0.10849,2.0,0.10851,2222.0,0.10852,2.0
1753592275007,04:57:55.007,okx,AEVO/USDT:USDT,0.1085,352.0,0.10849,2.0,0.10851,2222.0,0.10852,2.0
1753592275307,04:57:55.307,okx,AEVO/USDT:USDT,0.1085,352.0,0.10849,2.0,0.10851,2222.0,0.10852,2.0
1753592275407,04:57:55.407,okx,AEVO/USDT:USDT,0.1085,352.0,0.10849,2.0,0.10851,2222.0,0.10852,2.0
1753592275607,04:57:55.607,okx,AEVO/USDT:USDT,0.1085,352.0,0.10849,2.0,0.10851,2222.0,0.10852,2.0
1753592275807,04:57:55.807,okx,AEVO/USDT:USDT,0.1085,352.0,0.10849,2.0,0.10851,2222.0,0.10853,2458.0
1753592276307,04:57:56.307,okx,AEVO/USDT:USDT,0.1085,352.0,0.10849,2.0,0.10851,2222.0,0.10853,2460.0
1753592276607,04:57:56.607,okx,AEVO/USDT:USDT,0.1085,352.0,0.10849,2.0,0.10851,2222.0,0.10853,1662.0
1753592276707,04:57:56.707,okx,AEVO/USDT:USDT,0.1085,352.0,0.10849,2.0,0.10851,2222.0,0.10853,1662.0
1753592276807,04:57:56.807,okx,AEVO/USDT:USDT,0.1085,352.0,0.10849,2.0,0.10851,2222.0,0.10853,1662.0
1753592276907,04:57:56.907,okx,AEVO/USDT:USDT,0.1085,352.0,0.10849,2.0,0.10851,2222.0,0.10853,1662.0
1753592277507,04:57:57.507,okx,AEVO/USDT:USDT,0.1085,352.0,0.10849,2.0,0.10851,2222.0,0.10853,1662.0
1753592278007,04:57:58.007,okx,AEVO/USDT:USDT,0.1085,352.0,0.10849,2.0,0.10851,2222.0,0.10852,1.0
1753592279307,04:57:59.307,okx,AEVO/USDT:USDT,0.1085,5135.0,0.10849,3.0,0.10851,2222.0,0.10852,3.0
1753592280007,04:58:00.007,okx,AEVO/USDT:USDT,0.1085,5135.0,0.10849,3.0,0.10851,2222.0,0.10852,3.0
1753592280207,04:58:00.207,okx,AEVO/USDT:USDT,0.1085,5135.0,0.10849,3.0,0.10851,2222.0,0.10852,3.0
1753592280307,04:58:00.307,okx,AEVO/USDT:USDT,0.1085,5135.0,0.10849,3.0,0.10851,2222.0,0.10852,3.0
1753592280507,04:58:00.507,okx,AEVO/USDT:USDT,0.1085,5135.0,0.10849,3.0,0.10851,2222.0,0.10852,3.0
1753592281307,04:58:01.307,okx,AEVO/USDT:USDT,0.1085,5136.0,0.10849,3.0,0.10851,2222.0,0.10852,16.0
1753592281407,04:58:01.407,okx,AEVO/USDT:USDT,0.10849,1.0,0.10848,3.0,0.1085,806.0,0.10851,3450.0
1753592281907,04:58:01.907,okx,AEVO/USDT:USDT,0.10848,2.0,0.10846,2.0,0.10849,2626.0,0.1085,1670.0
1753592282207,04:58:02.207,okx,AEVO/USDT:USDT,0.10848,1.0,0.10846,3.0,0.10849,2626.0,0.1085,1670.0
1753592282407,04:58:02.407,okx,AEVO/USDT:USDT,0.10848,1.0,0.10846,3.0,0.10849,2627.0,0.1085,1393.0
1753592282607,04:58:02.607,okx,AEVO/USDT:USDT,0.10848,1.0,0.10846,3.0,0.10849,2627.0,0.1085,1393.0
1753592283207,04:58:03.207,okx,AEVO/USDT:USDT,0.10848,1.0,0.10846,3.0,0.10849,2627.0,0.1085,1393.0
1753592283407,04:58:03.407,okx,AEVO/USDT:USDT,0.10848,1.0,0.10846,3.0,0.10849,2627.0,0.1085,1393.0
1753592283607,04:58:03.607,okx,AEVO/USDT:USDT,0.10848,1.0,0.10846,3.0,0.10849,2627.0,0.1085,1393.0
1753592284607,04:58:04.607,okx,AEVO/USDT:USDT,0.10848,1.0,0.10846,3.0,0.10849,2627.0,0.1085,532.0
1753592285207,04:58:05.207,okx,AEVO/USDT:USDT,0.10848,3.0,0.10847,2.0,0.10849,4.0,0.1085,1.0
1753592285407,04:58:05.407,okx,AEVO/USDT:USDT,0.10848,3.0,0.10847,2.0,0.10849,103.0,0.1085,1.0
1753592286607,04:58:06.607,okx,AEVO/USDT:USDT,0.10848,3.0,0.10847,94.0,0.10849,4.0,0.1085,1.0
1753592287207,04:58:07.207,okx,AEVO/USDT:USDT,0.10848,3.0,0.10847,95.0,0.10849,4.0,0.1085,1.0
1753592287307,04:58:07.307,okx,AEVO/USDT:USDT,0.10848,3.0,0.10847,95.0,0.10849,4.0,0.1085,1.0
1753592287507,04:58:07.507,okx,AEVO/USDT:USDT,0.10848,3.0,0.10847,95.0,0.10849,32.0,0.1085,1.0
1753592288007,04:58:08.007,okx,AEVO/USDT:USDT,0.10848,1.0,0.10847,3.0,0.10849,32.0,0.1085,1.0
1753592288807,04:58:08.807,okx,AEVO/USDT:USDT,0.10849,1451.0,0.10848,821.0,0.1085,1.0,0.10851,2.0
1753592289007,04:58:09.007,okx,AEVO/USDT:USDT,0.10851,1.0,0.1085,160.0,0.10854,2.0,0.10855,468.0
1753592289107,04:58:09.107,okx,AEVO/USDT:USDT,0.10851,1.0,0.1085,160.0,0.10854,2.0,0.10855,468.0
1753592290207,04:58:10.207,okx,AEVO/USDT:USDT,0.10851,968.0,0.10849,1315.0,0.10852,1.0,0.10853,3.0
1753592290607,04:58:10.607,okx,AEVO/USDT:USDT,0.10851,968.0,0.1085,1.0,0.10852,3.0,0.10853,3.0
1753592290707,04:58:10.707,okx,AEVO/USDT:USDT,0.10851,968.0,0.1085,1.0,0.10852,3.0,0.10853,3.0
1753592291007,04:58:11.007,okx,AEVO/USDT:USDT,0.10851,968.0,0.1085,1.0,0.10852,2.0,0.10853,3.0
1753592291507,04:58:11.507,okx,AEVO/USDT:USDT,0.10851,968.0,0.1085,1.0,0.10852,2.0,0.10853,3.0
1753592291707,04:58:11.707,okx,AEVO/USDT:USDT,0.10851,968.0,0.1085,1.0,0.10852,2.0,0.10853,3.0
1753592292707,04:58:12.707,okx,AEVO/USDT:USDT,0.10851,968.0,0.1085,1.0,0.10852,2.0,0.10853,3.0
1753592294207,04:58:14.207,okx,AEVO/USDT:USDT,0.10851,969.0,0.1085,1.0,0.10852,2.0,0.10853,3.0
1753592295907,04:58:15.907,okx,AEVO/USDT:USDT,0.10851,969.0,0.1085,292.0,0.10852,2.0,0.10853,3.0
1753592296107,04:58:16.107,okx,AEVO/USDT:USDT,0.10851,969.0,0.1085,292.0,0.10852,2.0,0.10853,3.0
1753592296207,04:58:16.207,okx,AEVO/USDT:USDT,0.10851,969.0,0.1085,292.0,0.10852,2.0,0.10853,3.0
1753592296307,04:58:16.307,okx,AEVO/USDT:USDT,0.10851,969.0,0.1085,292.0,0.10852,2.0,0.10853,3.0
1753592296507,04:58:16.507,okx,AEVO/USDT:USDT,0.10851,969.0,0.1085,292.0,0.10852,2.0,0.10853,3.0
1753592296607,04:58:16.607,okx,AEVO/USDT:USDT,0.10851,969.0,0.1085,292.0,0.10852,2.0,0.10853,3.0
1753592296807,04:58:16.807,okx,AEVO/USDT:USDT,0.10851,969.0,0.1085,292.0,0.10852,2.0,0.10853,3.0
1753592298607,04:58:18.607,okx,AEVO/USDT:USDT,0.10851,1504.0,0.1085,292.0,0.10852,2.0,0.10853,1.0
1753592298707,04:58:18.707,okx,AEVO/USDT:USDT,0.10851,1504.0,0.1085,292.0,0.10852,2.0,0.10853,1.0
1753592298807,04:58:18.807,okx,AEVO/USDT:USDT,0.10851,1504.0,0.1085,294.0,0.10852,2.0,0.10853,1.0
1753592299107,04:58:19.107,okx,AEVO/USDT:USDT,0.10851,1504.0,0.1085,294.0,0.10852,2.0,0.10853,1.0
1753592299507,04:58:19.507,okx,AEVO/USDT:USDT,0.10851,1504.0,0.1085,294.0,0.10852,2.0,0.10853,1.0
1753592300207,04:58:20.207,okx,AEVO/USDT:USDT,0.10851,1504.0,0.1085,294.0,0.10852,2.0,0.10853,1.0
1753592300607,04:58:20.607,okx,AEVO/USDT:USDT,0.10852,1452.0,0.10851,539.0,0.10854,1.0,0.10855,2.0
1753592300907,04:58:20.907,okx,AEVO/USDT:USDT,0.10852,1780.0,0.10851,2952.0,0.10854,1.0,0.10855,2.0
1753592301007,04:58:21.007,okx,AEVO/USDT:USDT,0.10852,1780.0,0.10851,2952.0,0.10854,1.0,0.10855,2.0
1753592301307,04:58:21.307,okx,AEVO/USDT:USDT,0.10852,1780.0,0.10851,3528.0,0.10854,1.0,0.10855,2.0
1753592303307,04:58:23.307,okx,AEVO/USDT:USDT,0.10852,725.0,0.10851,4.0,0.10853,3687.0,0.10854,2.0
1753592303607,04:58:23.607,okx,AEVO/USDT:USDT,0.1085,2.0,0.10849,739.0,0.10852,1.0,0.10853,3690.0
1753592304007,04:58:24.007,okx,AEVO/USDT:USDT,0.1085,2.0,0.10849,739.0,0.10852,1.0,0.10853,3690.0
1753592304407,04:58:24.407,okx,AEVO/USDT:USDT,0.1085,1088.0,0.10849,739.0,0.10853,3690.0,0.10854,4.0
1753592304507,04:58:24.507,okx,AEVO/USDT:USDT,0.1085,1087.0,0.10849,739.0,0.10851,1.0,0.10853,3690.0
1753592304907,04:58:24.907,okx,AEVO/USDT:USDT,0.1085,1087.0,0.10849,739.0,0.10852,1.0,0.10853,3688.0
1753592305007,04:58:25.007,okx,AEVO/USDT:USDT,0.1085,1088.0,0.10849,739.0,0.10853,3688.0,0.10854,4.0
1753592305107,04:58:25.107,okx,AEVO/USDT:USDT,0.1085,1088.0,0.10849,739.0,0.10853,3688.0,0.10854,4.0
1753592305607,04:58:25.607,okx,AEVO/USDT:USDT,0.1085,1088.0,0.10849,739.0,0.10853,3688.0,0.10854,4.0
1753592306107,04:58:26.107,okx,AEVO/USDT:USDT,0.1085,1088.0,0.10849,739.0,0.10853,3690.0,0.10854,4.0
1753592307007,04:58:27.007,okx,AEVO/USDT:USDT,0.1085,1087.0,0.10849,739.0,0.10852,1.0,0.10853,3688.0
1753592307107,04:58:27.107,okx,AEVO/USDT:USDT,0.1085,1088.0,0.10849,739.0,0.10852,1.0,0.10853,3690.0
1753592307707,04:58:27.707,okx,AEVO/USDT:USDT,0.1085,2354.0,0.10849,1606.0,0.10852,1.0,0.10853,3688.0
1753592308007,04:58:28.007,okx,AEVO/USDT:USDT,0.1085,1833.0,0.10849,1606.0,0.10853,3688.0,0.10854,4.0
1753592308307,04:58:28.307,okx,AEVO/USDT:USDT,0.1085,1088.0,0.10849,739.0,0.10853,3688.0,0.10854,4.0
1753592308407,04:58:28.407,okx,AEVO/USDT:USDT,0.1085,1088.0,0.10849,739.0,0.10853,3688.0,0.10854,4.0
1753592308507,04:58:28.507,okx,AEVO/USDT:USDT,0.1085,1088.0,0.10849,1315.0,0.10853,3688.0,0.10854,4.0
1753592308707,04:58:28.707,okx,AEVO/USDT:USDT,0.1085,1087.0,0.10849,739.0,0.10852,1.0,0.10853,3688.0
1753592308907,04:58:28.907,okx,AEVO/USDT:USDT,0.10852,2627.0,0.1085,1379.0,0.10853,3688.0,0.10854,4.0
1753592309007,04:58:29.007,okx,AEVO/USDT:USDT,0.10852,2627.0,0.10851,1.0,0.10853,3688.0,0.10854,4.0
1753592309107,04:58:29.107,okx,AEVO/USDT:USDT,0.10855,968.0,0.10854,2624.0,0.10856,1.0,0.10857,675.0
1753592309207,04:58:29.207,okx,AEVO/USDT:USDT,0.10855,968.0,0.10854,2625.0,0.10856,1.0,0.10857,675.0
1753592309307,04:58:29.307,okx,AEVO/USDT:USDT,0.10855,968.0,0.10854,2625.0,0.10856,1.0,0.10857,675.0
1753592309407,04:58:29.407,okx,AEVO/USDT:USDT,0.10855,968.0,0.10854,2625.0,0.10856,1.0,0.10857,675.0
1753592309507,04:58:29.507,okx,AEVO/USDT:USDT,0.10855,968.0,0.10854,2625.0,0.10856,1.0,0.10857,675.0
1753592310007,04:58:30.007,okx,AEVO/USDT:USDT,0.10855,968.0,0.10854,2625.0,0.10856,1.0,0.10857,675.0
1753592310307,04:58:30.307,okx,AEVO/USDT:USDT,0.10855,968.0,0.10854,2625.0,0.10856,1.0,0.10857,675.0
1753592310407,04:58:30.407,okx,AEVO/USDT:USDT,0.10855,968.0,0.10854,2625.0,0.10856,1.0,0.10857,675.0
1753592312007,04:58:32.007,okx,AEVO/USDT:USDT,0.10855,968.0,0.10854,2625.0,0.10856,1.0,0.10857,674.0
1753592312307,04:58:32.307,okx,AEVO/USDT:USDT,0.10855,968.0,0.10854,2625.0,0.10856,1.0,0.10857,674.0
1753592312407,04:58:32.407,okx,AEVO/USDT:USDT,0.10855,968.0,0.10854,2625.0,0.10856,1.0,0.10857,674.0
1753592313307,04:58:33.307,okx,AEVO/USDT:USDT,0.10855,968.0,0.10854,2625.0,0.10856,1.0,0.10857,674.0
1753592314807,04:58:34.807,okx,AEVO/USDT:USDT,0.10855,968.0,0.10854,2625.0,0.10856,1.0,0.10857,674.0
1753592314907,04:58:34.907,okx,AEVO/USDT:USDT,0.10855,968.0,0.10854,2625.0,0.10856,1.0,0.10857,674.0
1753592315507,04:58:35.507,okx,AEVO/USDT:USDT,0.10855,968.0,0.10854,2625.0,0.10856,1.0,0.10857,674.0
1753592315607,04:58:35.607,okx,AEVO/USDT:USDT,0.10855,968.0,0.10854,2625.0,0.10856,1.0,0.10857,674.0
1753592315707,04:58:35.707,okx,AEVO/USDT:USDT,0.10855,968.0,0.10854,2625.0,0.10856,1.0,0.10857,674.0
1753592316907,04:58:36.907,okx,AEVO/USDT:USDT,0.10855,968.0,0.10854,2625.0,0.10856,1.0,0.10857,674.0
1753592318007,04:58:38.007,okx,AEVO/USDT:USDT,0.10855,968.0,0.10854,2625.0,0.10856,1.0,0.10857,674.0
1753592318307,04:58:38.307,okx,AEVO/USDT:USDT,0.10855,968.0,0.10854,2625.0,0.10856,1.0,0.10857,674.0
1753592318807,04:58:38.807,okx,AEVO/USDT:USDT,0.10855,968.0,0.10854,2625.0,0.10856,1.0,0.10857,674.0
1753592320007,04:58:40.007,okx,AEVO/USDT:USDT,0.10855,968.0,0.10854,2625.0,0.10856,1.0,0.10857,674.0
1753592320807,04:58:40.807,okx,AEVO/USDT:USDT,0.10855,1495.0,0.10854,2625.0,0.10856,1.0,0.10857,674.0
1753592321007,04:58:41.007,okx,AEVO/USDT:USDT,0.10855,968.0,0.10854,2625.0,0.10856,1.0,0.10857,674.0
1753592321307,04:58:41.307,okx,AEVO/USDT:USDT,0.10855,968.0,0.10854,2625.0,0.10856,482.0,0.10857,674.0
1753592321707,04:58:41.707,okx,AEVO/USDT:USDT,0.10855,968.0,0.10854,2625.0,0.10856,482.0,0.10857,674.0
1753592322007,04:58:42.007,okx,AEVO/USDT:USDT,0.10856,1451.0,0.10855,988.0,0.10857,670.0,0.10858,7.0
1753592322107,04:58:42.107,okx,AEVO/USDT:USDT,0.10856,1451.0,0.10855,988.0,0.10857,670.0,0.10858,7.0
1753592322207,04:58:42.207,okx,AEVO/USDT:USDT,0.10856,1451.0,0.10855,1279.0,0.10857,670.0,0.10858,7.0
1753592322507,04:58:42.507,okx,AEVO/USDT:USDT,0.10856,1451.0,0.10855,1279.0,0.10857,670.0,0.10858,7.0
1753592322607,04:58:42.607,okx,AEVO/USDT:USDT,0.10856,1451.0,0.10855,1279.0,0.10857,670.0,0.10858,7.0
1753592323507,04:58:43.507,okx,AEVO/USDT:USDT,0.10855,840.0,0.10854,3977.0,0.10859,1.0,0.1086,4059.0
1753592324007,04:58:44.007,okx,AEVO/USDT:USDT,0.10856,338.0,0.10855,1506.0,0.1086,4059.0,0.10861,10474.0
1753592324207,04:58:44.207,okx,AEVO/USDT:USDT,0.10855,840.0,0.10854,4209.0,0.10859,2.0,0.1086,4059.0
1753592324307,04:58:44.307,okx,AEVO/USDT:USDT,0.10855,840.0,0.10854,3441.0,0.1086,4057.0,0.10861,12648.0
1753592324507,04:58:44.507,okx,AEVO/USDT:USDT,0.10855,840.0,0.10854,4067.0,0.1086,4057.0,0.10861,12648.0
1753592324607,04:58:44.607,okx,AEVO/USDT:USDT,0.10855,839.0,0.10854,4177.0,0.10857,1.0,0.10858,2.0
1753592324707,04:58:44.707,okx,AEVO/USDT:USDT,0.10855,840.0,0.10854,4067.0,0.10859,154.0,0.1086,4059.0
1753592324807,04:58:44.807,okx,AEVO/USDT:USDT,0.10855,840.0,0.10854,4821.0,0.10859,153.0,0.1086,4059.0
1753592324907,04:58:44.907,okx,AEVO/USDT:USDT,0.10856,768.0,0.10855,840.0,0.1086,4059.0,0.10861,12357.0
1753592325207,04:58:45.207,okx,AEVO/USDT:USDT,0.10856,768.0,0.10855,839.0,0.10858,1.0,0.10859,2.0
1753592325707,04:58:45.707,okx,AEVO/USDT:USDT,0.10855,839.0,0.10854,4068.0,0.10859,2130.0,0.1086,4059.0
1753592325807,04:58:45.807,okx,AEVO/USDT:USDT,0.10855,839.0,0.10854,4068.0,0.10859,2132.0,0.1086,4059.0
1753592325907,04:58:45.907,okx,AEVO/USDT:USDT,0.10855,839.0,0.10854,4267.0,0.10859,2132.0,0.1086,4059.0
1753592326407,04:58:46.407,okx,AEVO/USDT:USDT,0.10855,1678.0,0.10854,4266.0,0.10859,2130.0,0.1086,4059.0
1753592326707,04:58:46.707,okx,AEVO/USDT:USDT,0.10855,1678.0,0.10854,4266.0,0.10859,2130.0,0.1086,4059.0
1753592327307,04:58:47.307,okx,AEVO/USDT:USDT,0.10855,1678.0,0.10854,4892.0,0.10859,2130.0,0.1086,4061.0
1753592328707,04:58:48.707,okx,AEVO/USDT:USDT,0.10855,1678.0,0.10854,4892.0,0.10859,2130.0,0.1086,4061.0
