timestamp,time,symbol,bid1_price,bid1_volume,bid2_price,bid2_volume,ask1_price,ask1_volume,ask2_price,ask2_volume
1753546944116,16:22:24.116,ACE/USDT:USDT,0.5775,111.14,0.5774,111.14,0.5778,115.15,0.5779,253.23
1753546944266,16:22:24.266,ACE/USDT:USDT,0.5774,111.14,0.5773,302.8,0.5778,115.15,0.5779,253.23
1753546944416,16:22:24.416,ACE/USDT:USDT,0.5774,111.14,0.5773,216.24,0.5778,115.15,0.5779,253.23
1753546945917,16:22:25.917,ACE/USDT:USDT,0.5774,111.14,0.5773,244.83,0.5778,115.15,0.5779,253.23
1753546946067,16:22:26.067,ACE/USDT:USDT,0.5774,111.14,0.5773,244.83,0.5778,115.15,0.5779,253.23
1753546946367,16:22:26.367,ACE/USDT:USDT,0.5774,111.14,0.5773,244.83,0.5778,115.15,0.5779,253.23
1753546946517,16:22:26.517,ACE/USDT:USDT,0.5774,111.14,0.5773,244.83,0.5778,115.15,0.5779,253.23
1753546946667,16:22:26.667,ACE/USDT:USDT,0.5774,111.14,0.5773,244.83,0.5778,115.15,0.5779,215.15
1753546946817,16:22:26.817,ACE/USDT:USDT,0.5774,111.14,0.5773,244.83,0.5778,115.15,0.5779,215.15
1753546947117,16:22:27.117,ACE/USDT:USDT,0.5774,111.14,0.5773,244.83,0.5778,115.15,0.5779,215.15
1753546947268,16:22:27.268,ACE/USDT:USDT,0.5774,111.14,0.5773,244.83,0.5778,115.15,0.5779,215.15
1753546947418,16:22:27.418,ACE/USDT:USDT,0.5774,111.14,0.5773,244.83,0.5778,115.15,0.5779,215.15
1753546948018,16:22:28.018,ACE/USDT:USDT,0.5774,111.14,0.5773,244.83,0.5778,115.15,0.5779,215.15
1753546948168,16:22:28.168,ACE/USDT:USDT,0.5774,111.14,0.5773,244.83,0.5778,115.15,0.5779,215.15
1753546948318,16:22:28.318,ACE/USDT:USDT,0.5774,111.14,0.5773,244.83,0.5778,115.15,0.5779,215.15
1753546948468,16:22:28.468,ACE/USDT:USDT,0.5774,111.14,0.5773,244.83,0.5778,115.15,0.5779,215.15
1753546948618,16:22:28.618,ACE/USDT:USDT,0.5774,111.14,0.5773,244.83,0.5778,115.15,0.5779,215.15
1753546948769,16:22:28.769,ACE/USDT:USDT,0.5774,111.14,0.5773,244.83,0.5778,115.15,0.5779,215.15
1753546948919,16:22:28.919,ACE/USDT:USDT,0.5774,111.14,0.5773,244.83,0.5778,115.15,0.5779,215.15
1753546949369,16:22:29.369,ACE/USDT:USDT,0.5774,111.14,0.5773,244.83,0.5778,115.15,0.5779,215.15
1753546949669,16:22:29.669,ACE/USDT:USDT,0.5774,111.14,0.5773,244.83,0.5778,115.15,0.5779,215.15
1753546950570,16:22:30.570,ACE/USDT:USDT,0.5774,111.14,0.5773,244.83,0.5778,115.15,0.5779,215.15
1753546950720,16:22:30.720,ACE/USDT:USDT,0.5774,111.14,0.5773,244.83,0.5778,115.15,0.5779,215.15
1753546950870,16:22:30.870,ACE/USDT:USDT,0.5774,111.14,0.5773,244.83,0.5778,115.15,0.5779,215.15
1753546951020,16:22:31.020,ACE/USDT:USDT,0.5774,111.14,0.5773,244.83,0.5778,115.15,0.5779,215.15
1753546952371,16:22:32.371,ACE/USDT:USDT,0.5774,111.14,0.5773,149.22,0.5778,115.15,0.5779,253.52
1753546953121,16:22:33.121,ACE/USDT:USDT,0.5774,111.14,0.5773,149.22,0.5778,115.15,0.5779,253.52
1753546953872,16:22:33.872,ACE/USDT:USDT,0.5774,111.14,0.5773,149.22,0.5778,115.15,0.5779,253.52
1753546954022,16:22:34.022,ACE/USDT:USDT,0.5774,111.14,0.5773,149.22,0.5778,115.15,0.5779,253.52
1753546954172,16:22:34.172,ACE/USDT:USDT,0.5774,111.14,0.5773,149.22,0.5778,115.15,0.5779,253.52
1753546954322,16:22:34.322,ACE/USDT:USDT,0.5774,111.14,0.5773,149.22,0.5778,115.15,0.5779,253.52
1753546954622,16:22:34.622,ACE/USDT:USDT,0.5774,111.14,0.5773,149.22,0.5778,115.15,0.5779,253.52
1753546954772,16:22:34.772,ACE/USDT:USDT,0.5774,111.14,0.5773,149.22,0.5778,115.15,0.5779,253.52
1753546954922,16:22:34.922,ACE/USDT:USDT,0.5774,111.14,0.5773,111.14,0.5778,115.15,0.5779,215.15
1753546955072,16:22:35.072,ACE/USDT:USDT,0.5774,38.43,0.5773,149.57,0.5778,115.15,0.5779,215.15
1753546955222,16:22:35.222,ACE/USDT:USDT,0.5775,113.82,0.5774,38.43,0.5778,115.15,0.5779,215.15
1753546955373,16:22:35.373,ACE/USDT:USDT,0.5775,113.82,0.5774,38.43,0.5778,115.15,0.5779,215.15
1753546955523,16:22:35.523,ACE/USDT:USDT,0.5775,113.82,0.5774,38.43,0.5778,115.15,0.5779,215.15
1753546955823,16:22:35.823,ACE/USDT:USDT,0.5773,111.14,0.5772,276.78,0.5778,115.15,0.5779,253.58
1753546955973,16:22:35.973,ACE/USDT:USDT,0.5773,149.57,0.5772,276.78,0.5778,115.15,0.5779,253.58
1753546956123,16:22:36.123,ACE/USDT:USDT,0.5774,113.82,0.5773,149.57,0.5778,115.15,0.5779,253.58
1753546956273,16:22:36.273,ACE/USDT:USDT,0.5774,113.82,0.5773,149.57,0.5778,115.15,0.5779,253.58
1753546956423,16:22:36.423,ACE/USDT:USDT,0.5774,113.82,0.5773,149.57,0.5778,115.15,0.5779,253.58
1753546956873,16:22:36.873,ACE/USDT:USDT,0.5774,113.82,0.5773,149.57,0.5778,115.15,0.5779,253.58
1753546957024,16:22:37.024,ACE/USDT:USDT,0.5774,113.82,0.5773,149.57,0.5778,115.15,0.5779,253.58
1753546957174,16:22:37.174,ACE/USDT:USDT,0.5774,113.82,0.5773,149.57,0.5778,115.15,0.5779,253.58
1753546957324,16:22:37.324,ACE/USDT:USDT,0.5774,113.82,0.5773,149.57,0.5778,115.15,0.5779,253.58
1753546957474,16:22:37.474,ACE/USDT:USDT,0.5774,113.82,0.5773,149.57,0.5778,115.15,0.5779,253.58
1753546957624,16:22:37.624,ACE/USDT:USDT,0.5774,113.82,0.5773,149.57,0.5778,115.15,0.5779,253.58
1753546957774,16:22:37.774,ACE/USDT:USDT,0.5774,113.82,0.5773,149.57,0.5778,115.15,0.5779,253.58
1753546957924,16:22:37.924,ACE/USDT:USDT,0.5774,113.82,0.5773,149.57,0.5778,115.15,0.5779,253.58
1753546958074,16:22:38.074,ACE/USDT:USDT,0.5774,113.82,0.5773,149.57,0.5778,115.15,0.5779,253.58
1753546958224,16:22:38.224,ACE/USDT:USDT,0.5774,113.82,0.5773,149.57,0.5778,115.15,0.5779,253.58
1753546958375,16:22:38.375,ACE/USDT:USDT,0.5774,113.82,0.5773,149.57,0.5778,115.15,0.5779,253.58
1753546958525,16:22:38.525,ACE/USDT:USDT,0.5774,113.82,0.5773,149.57,0.5778,115.15,0.5779,253.58
1753546958675,16:22:38.675,ACE/USDT:USDT,0.5774,113.82,0.5773,149.57,0.5778,115.15,0.5779,253.58
1753546958825,16:22:38.825,ACE/USDT:USDT,0.5774,113.82,0.5773,149.57,0.5778,115.15,0.5779,253.58
1753546958975,16:22:38.975,ACE/USDT:USDT,0.5774,113.82,0.5773,149.57,0.5778,115.15,0.5779,253.58
1753546959125,16:22:39.125,ACE/USDT:USDT,0.5774,113.82,0.5773,149.57,0.5778,115.15,0.5779,253.58
1753546959275,16:22:39.275,ACE/USDT:USDT,0.5774,113.82,0.5773,149.57,0.5778,115.15,0.5779,253.58
1753546959425,16:22:39.425,ACE/USDT:USDT,0.5774,113.82,0.5773,149.57,0.5778,115.15,0.5779,253.58
1753546959575,16:22:39.575,ACE/USDT:USDT,0.5774,113.82,0.5773,149.57,0.5778,115.15,0.5779,253.58
1753546959725,16:22:39.725,ACE/USDT:USDT,0.5774,113.82,0.5773,149.57,0.5778,115.15,0.5779,253.58
1753546959875,16:22:39.875,ACE/USDT:USDT,0.5774,113.82,0.5773,149.57,0.5778,115.15,0.5779,253.58
1753546960025,16:22:40.025,ACE/USDT:USDT,0.5774,113.82,0.5773,149.57,0.5779,215.15,0.578,213.7
1753546960175,16:22:40.175,ACE/USDT:USDT,0.5774,514.66,0.5773,149.57,0.5778,110.85,0.5779,215.15
1753546960326,16:22:40.326,ACE/USDT:USDT,0.5775,110.85,0.5774,113.82,0.5778,110.85,0.5779,215.15
1753546960476,16:22:40.476,ACE/USDT:USDT,0.5774,403.22,0.5773,149.57,0.5778,110.85,0.5779,215.15
1753546960626,16:22:40.626,ACE/USDT:USDT,0.5775,110.85,0.5774,403.22,0.5778,110.85,0.5779,215.15
1753546960776,16:22:40.776,ACE/USDT:USDT,0.5775,86.56,0.5774,113.82,0.5778,110.85,0.5779,253.58
1753546960926,16:22:40.926,ACE/USDT:USDT,0.5774,200.38,0.5773,245.19,0.5778,110.85,0.5779,215.15
1753546961076,16:22:41.076,ACE/USDT:USDT,0.5775,110.85,0.5774,601.22,0.5779,215.15,0.578,213.7
1753546961226,16:22:41.226,ACE/USDT:USDT,0.5775,110.85,0.5774,601.22,0.5778,110.85,0.5779,215.15
1753546961376,16:22:41.376,ACE/USDT:USDT,0.5775,291.22,0.5774,514.66,0.5778,110.85,0.5779,215.15
1753546961526,16:22:41.526,ACE/USDT:USDT,0.5776,110.85,0.5775,291.22,0.5778,110.85,0.5779,215.15
1753546961677,16:22:41.677,ACE/USDT:USDT,0.5776,110.85,0.5775,291.22,0.5778,110.85,0.5779,215.15
1753546961827,16:22:41.827,ACE/USDT:USDT,0.5776,110.85,0.5775,291.22,0.5778,110.85,0.5779,215.15
1753546961977,16:22:41.977,ACE/USDT:USDT,0.5776,110.85,0.5775,204.66,0.5778,110.85,0.5779,215.15
1753546962127,16:22:42.127,ACE/USDT:USDT,0.5776,110.85,0.5775,204.66,0.5778,110.85,0.5779,215.15
1753546962277,16:22:42.277,ACE/USDT:USDT,0.5776,110.85,0.5775,204.66,0.5778,110.85,0.5779,215.15
1753546962427,16:22:42.427,ACE/USDT:USDT,0.5776,110.85,0.5775,204.66,0.5778,110.85,0.5779,215.15
1753546962577,16:22:42.577,ACE/USDT:USDT,0.5776,110.85,0.5775,204.66,0.5778,110.85,0.5779,215.15
1753546962727,16:22:42.727,ACE/USDT:USDT,0.5776,110.85,0.5775,204.66,0.5778,110.85,0.5779,215.15
1753546962877,16:22:42.877,ACE/USDT:USDT,0.5776,110.85,0.5775,204.66,0.5778,110.85,0.5779,215.15
1753546963027,16:22:43.027,ACE/USDT:USDT,0.5776,110.85,0.5775,204.66,0.5778,110.85,0.5779,215.15
1753546963177,16:22:43.177,ACE/USDT:USDT,0.5776,110.85,0.5775,204.66,0.5778,110.85,0.5779,215.15
1753546963328,16:22:43.328,ACE/USDT:USDT,0.5776,110.85,0.5775,204.66,0.5778,110.85,0.5779,215.15
1753546963478,16:22:43.478,ACE/USDT:USDT,0.5776,110.85,0.5775,204.66,0.5778,110.85,0.5779,215.15
1753546963628,16:22:43.628,ACE/USDT:USDT,0.5776,110.85,0.5775,204.66,0.5778,110.85,0.5779,215.15
1753546963778,16:22:43.778,ACE/USDT:USDT,0.5776,110.85,0.5775,204.66,0.5778,110.85,0.5779,215.15
1753546963928,16:22:43.928,ACE/USDT:USDT,0.5776,149.28,0.5775,243.09,0.5778,110.85,0.5779,215.15
1753546964078,16:22:44.078,ACE/USDT:USDT,0.5776,149.28,0.5775,243.09,0.5778,110.85,0.5779,215.15
1753546964228,16:22:44.228,ACE/USDT:USDT,0.5776,149.28,0.5775,243.09,0.5778,110.85,0.5779,215.15
1753546964378,16:22:44.378,ACE/USDT:USDT,0.5776,149.28,0.5775,243.09,0.5778,110.85,0.5779,215.15
1753546964528,16:22:44.528,ACE/USDT:USDT,0.5776,149.28,0.5775,243.09,0.5778,110.85,0.5779,215.15
1753546964678,16:22:44.678,ACE/USDT:USDT,0.5776,149.28,0.5775,243.09,0.5778,110.85,0.5779,215.15
1753546964828,16:22:44.828,ACE/USDT:USDT,0.5776,149.28,0.5775,243.09,0.5778,110.85,0.5779,215.15
1753546964979,16:22:44.979,ACE/USDT:USDT,0.5776,149.28,0.5775,243.09,0.5778,110.85,0.5779,215.15
1753546965129,16:22:45.129,ACE/USDT:USDT,0.5776,149.28,0.5775,243.09,0.5779,215.15,0.578,252.13
1753546965279,16:22:45.279,ACE/USDT:USDT,0.5777,110.85,0.5776,149.28,0.5779,215.15,0.578,252.13
1753546965429,16:22:45.429,ACE/USDT:USDT,0.5777,110.85,0.5776,149.28,0.5779,100.0,0.578,213.7
1753546965579,16:22:45.579,ACE/USDT:USDT,0.5777,110.85,0.5776,149.28,0.5779,210.85,0.578,213.7
1753546965729,16:22:45.729,ACE/USDT:USDT,0.5777,110.85,0.5776,149.28,0.5779,210.85,0.578,213.7
1753546965879,16:22:45.879,ACE/USDT:USDT,0.5777,110.85,0.5776,149.28,0.5779,210.85,0.578,213.7
1753546966029,16:22:46.029,ACE/USDT:USDT,0.5777,110.85,0.5776,149.28,0.5779,210.85,0.578,213.7
1753546966179,16:22:46.179,ACE/USDT:USDT,0.5777,110.85,0.5776,149.28,0.5779,210.85,0.578,213.7
1753546966329,16:22:46.329,ACE/USDT:USDT,0.5777,110.85,0.5776,149.28,0.5779,210.85,0.578,213.7
1753546966479,16:22:46.479,ACE/USDT:USDT,0.5777,110.85,0.5776,149.28,0.5779,210.85,0.578,213.7
1753546966630,16:22:46.630,ACE/USDT:USDT,0.5777,110.85,0.5776,149.28,0.5779,210.85,0.578,213.7
1753546966780,16:22:46.780,ACE/USDT:USDT,0.5777,110.85,0.5776,149.28,0.5779,210.85,0.578,213.7
1753546966930,16:22:46.930,ACE/USDT:USDT,0.5777,110.85,0.5776,149.28,0.5779,210.85,0.578,213.7
1753546967080,16:22:47.080,ACE/USDT:USDT,0.5777,110.85,0.5776,149.28,0.5779,210.85,0.578,213.7
1753546967230,16:22:47.230,ACE/USDT:USDT,0.5777,110.85,0.5776,149.28,0.5779,210.85,0.578,213.7
1753546967380,16:22:47.380,ACE/USDT:USDT,0.5777,110.85,0.5776,149.28,0.5779,210.85,0.578,213.7
1753546967530,16:22:47.530,ACE/USDT:USDT,0.5777,110.85,0.5776,149.28,0.5779,210.85,0.578,213.7
1753546967680,16:22:47.680,ACE/USDT:USDT,0.5777,110.85,0.5776,149.28,0.5779,210.85,0.578,213.7
1753546967830,16:22:47.830,ACE/USDT:USDT,0.5776,149.28,0.5775,243.09,0.5778,112.56,0.5779,210.85
1753546967980,16:22:47.980,ACE/USDT:USDT,0.5776,149.28,0.5775,243.09,0.5778,112.56,0.5779,210.85
1753546968130,16:22:48.130,ACE/USDT:USDT,0.5776,149.28,0.5775,243.09,0.5778,112.56,0.5779,210.85
1753546968281,16:22:48.281,ACE/USDT:USDT,0.5776,149.28,0.5775,243.09,0.5778,112.56,0.5779,210.85
1753546968431,16:22:48.431,ACE/USDT:USDT,0.5776,149.28,0.5775,243.09,0.5778,112.56,0.5779,210.85
1753546968581,16:22:48.581,ACE/USDT:USDT,0.5776,149.28,0.5775,243.09,0.5778,112.56,0.5779,210.85
1753546968731,16:22:48.731,ACE/USDT:USDT,0.5776,149.28,0.5775,243.09,0.5779,210.85,0.578,213.7
1753546968881,16:22:48.881,ACE/USDT:USDT,0.5777,112.56,0.5776,149.28,0.5779,210.85,0.578,213.7
1753546969031,16:22:49.031,ACE/USDT:USDT,0.5777,112.56,0.5776,149.28,0.5779,210.85,0.578,213.7
1753546969181,16:22:49.181,ACE/USDT:USDT,0.5777,112.56,0.5776,149.28,0.5779,210.85,0.578,213.7
1753546969331,16:22:49.331,ACE/USDT:USDT,0.5777,112.56,0.5776,149.28,0.5779,210.85,0.578,213.7
1753546969481,16:22:49.481,ACE/USDT:USDT,0.5777,112.56,0.5776,149.28,0.5779,210.85,0.578,213.7
1753546969631,16:22:49.631,ACE/USDT:USDT,0.5777,112.56,0.5776,149.28,0.5779,210.85,0.578,213.7
1753546969782,16:22:49.782,ACE/USDT:USDT,0.5777,112.56,0.5776,149.28,0.5779,210.85,0.578,213.7
1753546969932,16:22:49.932,ACE/USDT:USDT,0.5777,112.56,0.5776,149.28,0.5779,210.85,0.578,213.7
1753546970082,16:22:50.082,ACE/USDT:USDT,0.5777,112.56,0.5776,149.28,0.5779,210.85,0.578,213.7
1753546970232,16:22:50.232,ACE/USDT:USDT,0.5776,149.28,0.5775,243.09,0.5779,210.85,0.578,213.7
1753546970382,16:22:50.382,ACE/USDT:USDT,0.5776,149.28,0.5775,243.09,0.5779,210.85,0.578,213.7
1753546970532,16:22:50.532,ACE/USDT:USDT,0.5776,149.28,0.5775,149.28,0.5779,210.85,0.578,213.7
1753546970682,16:22:50.682,ACE/USDT:USDT,0.5776,149.28,0.5775,149.28,0.5779,210.85,0.578,213.7
1753546970832,16:22:50.832,ACE/USDT:USDT,0.5776,149.28,0.5775,149.28,0.5779,210.85,0.578,213.7
1753546970982,16:22:50.982,ACE/USDT:USDT,0.5776,149.28,0.5775,149.28,0.5779,210.85,0.578,213.7
1753546971132,16:22:51.132,ACE/USDT:USDT,0.5776,149.28,0.5775,149.28,0.5779,210.85,0.578,213.7
1753546971282,16:22:51.282,ACE/USDT:USDT,0.5777,112.56,0.5776,149.28,0.5779,210.85,0.578,213.7
1753546971433,16:22:51.433,ACE/USDT:USDT,0.5777,112.56,0.5776,149.28,0.5779,210.85,0.578,213.7
1753546971583,16:22:51.583,ACE/USDT:USDT,0.5777,112.56,0.5776,149.28,0.5779,210.85,0.578,213.7
1753546971733,16:22:51.733,ACE/USDT:USDT,0.5777,112.56,0.5776,149.28,0.5779,210.85,0.578,213.7
1753546971883,16:22:51.883,ACE/USDT:USDT,0.5777,112.56,0.5776,149.28,0.5779,210.85,0.578,213.7
1753546972033,16:22:52.033,ACE/USDT:USDT,0.5777,112.56,0.5776,149.28,0.5779,210.85,0.578,213.7
1753546972183,16:22:52.183,ACE/USDT:USDT,0.5777,112.56,0.5776,149.28,0.5779,210.85,0.578,213.7
1753546972333,16:22:52.333,ACE/USDT:USDT,0.5777,112.56,0.5776,149.28,0.5779,210.85,0.578,213.7
1753546972483,16:22:52.483,ACE/USDT:USDT,0.5777,112.56,0.5776,149.28,0.5779,100.0,0.578,213.7
1753546972633,16:22:52.633,ACE/USDT:USDT,0.5777,112.56,0.5776,149.28,0.5779,100.0,0.578,213.7
1753546972783,16:22:52.783,ACE/USDT:USDT,0.5777,112.56,0.5776,149.28,0.5779,100.0,0.578,213.7
1753546972933,16:22:52.933,ACE/USDT:USDT,0.5777,112.56,0.5776,149.28,0.5779,212.56,0.578,213.7
1753546973084,16:22:53.084,ACE/USDT:USDT,0.5777,112.56,0.5776,149.28,0.5779,212.56,0.578,213.7
1753546973234,16:22:53.234,ACE/USDT:USDT,0.5777,112.56,0.5776,149.28,0.5779,212.56,0.578,213.7
1753546973384,16:22:53.384,ACE/USDT:USDT,0.5777,112.56,0.5776,149.28,0.5779,212.56,0.578,213.7
1753546973534,16:22:53.534,ACE/USDT:USDT,0.5777,112.56,0.5776,149.28,0.5779,212.56,0.578,213.7
1753546973684,16:22:53.684,ACE/USDT:USDT,0.5777,112.56,0.5776,149.28,0.5779,212.56,0.578,213.7
1753546973834,16:22:53.834,ACE/USDT:USDT,0.5777,112.56,0.5776,149.28,0.5779,212.56,0.578,213.7
1753546973984,16:22:53.984,ACE/USDT:USDT,0.5777,112.56,0.5776,149.28,0.5779,212.56,0.578,213.7
1753546974134,16:22:54.134,ACE/USDT:USDT,0.5777,112.56,0.5776,149.28,0.5779,212.56,0.578,213.7
1753546974284,16:22:54.284,ACE/USDT:USDT,0.5777,112.56,0.5776,149.28,0.5779,212.56,0.578,213.7
1753546974434,16:22:54.434,ACE/USDT:USDT,0.5777,112.56,0.5776,149.28,0.5779,212.56,0.578,213.7
1753546974584,16:22:54.584,ACE/USDT:USDT,0.5777,112.56,0.5776,149.28,0.5779,212.56,0.578,213.7
1753546974735,16:22:54.735,ACE/USDT:USDT,0.5777,112.56,0.5776,149.28,0.5779,212.56,0.578,213.7
1753546974885,16:22:54.885,ACE/USDT:USDT,0.5777,112.56,0.5776,149.28,0.5779,212.56,0.578,213.7
1753546975035,16:22:55.035,ACE/USDT:USDT,0.5777,112.56,0.5776,149.28,0.5779,212.56,0.578,213.7
1753546975185,16:22:55.185,ACE/USDT:USDT,0.5777,112.56,0.5776,149.28,0.5779,212.56,0.578,213.7
1753546975335,16:22:55.335,ACE/USDT:USDT,0.5777,112.56,0.5776,149.28,0.5779,212.56,0.578,213.7
1753546975485,16:22:55.485,ACE/USDT:USDT,0.5777,112.56,0.5776,149.28,0.5779,212.56,0.578,213.7
1753546975635,16:22:55.635,ACE/USDT:USDT,0.5777,112.56,0.5776,149.28,0.5779,212.56,0.578,213.7
1753546975785,16:22:55.785,ACE/USDT:USDT,0.5777,112.56,0.5776,149.28,0.5779,212.56,0.578,213.7
1753546975935,16:22:55.935,ACE/USDT:USDT,0.5777,112.56,0.5776,149.28,0.5779,212.56,0.578,213.7
1753546976085,16:22:56.085,ACE/USDT:USDT,0.5777,112.56,0.5776,149.28,0.5779,212.56,0.578,213.7
1753546976236,16:22:56.236,ACE/USDT:USDT,0.5777,112.56,0.5776,149.28,0.5779,212.56,0.578,213.7
1753546976386,16:22:56.386,ACE/USDT:USDT,0.5777,112.56,0.5776,149.28,0.5779,212.56,0.578,213.7
1753546976536,16:22:56.536,ACE/USDT:USDT,0.5777,112.56,0.5776,149.28,0.5779,212.56,0.578,213.7
1753546976686,16:22:56.686,ACE/USDT:USDT,0.5777,112.56,0.5776,149.28,0.5779,212.56,0.578,213.7
1753546976836,16:22:56.836,ACE/USDT:USDT,0.5777,112.56,0.5776,149.28,0.5779,212.56,0.578,213.7
1753546976986,16:22:56.986,ACE/USDT:USDT,0.5777,112.56,0.5776,149.28,0.5779,212.56,0.578,213.7
1753546977136,16:22:57.136,ACE/USDT:USDT,0.5777,112.56,0.5776,149.28,0.5779,212.56,0.578,213.7
1753546977286,16:22:57.286,ACE/USDT:USDT,0.5777,112.56,0.5776,149.28,0.5779,212.56,0.578,213.7
1753546977436,16:22:57.436,ACE/USDT:USDT,0.5777,112.56,0.5776,149.28,0.5779,212.56,0.578,213.7
1753546977586,16:22:57.586,ACE/USDT:USDT,0.5777,112.56,0.5776,149.28,0.5779,212.56,0.578,213.7
1753546977736,16:22:57.736,ACE/USDT:USDT,0.5777,112.56,0.5776,149.28,0.5779,212.56,0.578,213.7
1753546977887,16:22:57.887,ACE/USDT:USDT,0.5777,112.56,0.5776,149.28,0.5779,212.56,0.578,213.7
1753546978037,16:22:58.037,ACE/USDT:USDT,0.5777,112.56,0.5776,149.28,0.5779,212.56,0.578,213.7
1753546978187,16:22:58.187,ACE/USDT:USDT,0.5777,112.56,0.5776,149.28,0.5779,212.56,0.578,213.7
1753546978337,16:22:58.337,ACE/USDT:USDT,0.5777,112.56,0.5776,149.28,0.5779,212.56,0.578,213.7
1753546978487,16:22:58.487,ACE/USDT:USDT,0.5777,112.56,0.5776,149.28,0.5779,212.56,0.578,213.7
1753546978637,16:22:58.637,ACE/USDT:USDT,0.5777,112.56,0.5776,149.28,0.5779,212.56,0.578,213.7
1753546978787,16:22:58.787,ACE/USDT:USDT,0.5777,112.56,0.5776,149.28,0.5779,212.56,0.578,213.7
1753546978937,16:22:58.937,ACE/USDT:USDT,0.5777,112.56,0.5776,149.28,0.5779,212.56,0.578,213.7
1753546979087,16:22:59.087,ACE/USDT:USDT,0.5777,112.56,0.5776,149.28,0.5779,212.56,0.578,213.7
1753546979237,16:22:59.237,ACE/USDT:USDT,0.5777,112.56,0.5776,149.28,0.5779,212.56,0.578,213.7
1753546979387,16:22:59.387,ACE/USDT:USDT,0.5777,112.56,0.5776,149.28,0.5779,212.56,0.578,213.7
1753546979538,16:22:59.538,ACE/USDT:USDT,0.5777,112.56,0.5776,149.28,0.5779,212.56,0.578,213.7
1753546979688,16:22:59.688,ACE/USDT:USDT,0.5777,112.56,0.5776,149.28,0.5779,212.56,0.578,213.7
1753546979838,16:22:59.838,ACE/USDT:USDT,0.5777,112.56,0.5776,149.28,0.5779,212.56,0.578,213.7
1753546979988,16:22:59.988,ACE/USDT:USDT,0.5777,112.56,0.5776,149.28,0.5779,212.56,0.578,213.7
1753546980138,16:23:00.138,ACE/USDT:USDT,0.5777,112.56,0.5776,149.28,0.5779,212.56,0.578,213.7
1753546980288,16:23:00.288,ACE/USDT:USDT,0.5776,149.28,0.5775,149.28,0.5779,212.56,0.578,252.23
1753546980438,16:23:00.438,ACE/USDT:USDT,0.5777,111.08,0.5776,149.28,0.5779,212.56,0.578,252.23
1753546980588,16:23:00.588,ACE/USDT:USDT,0.5777,111.08,0.5776,149.28,0.5779,212.56,0.578,252.23
1753546980738,16:23:00.738,ACE/USDT:USDT,0.5777,111.08,0.5776,149.28,0.5779,212.56,0.578,252.23
1753546980888,16:23:00.888,ACE/USDT:USDT,0.5777,111.08,0.5776,149.28,0.5779,212.56,0.578,252.23
1753546981038,16:23:01.038,ACE/USDT:USDT,0.5777,111.08,0.5776,149.28,0.5779,212.56,0.578,252.23
1753546981189,16:23:01.189,ACE/USDT:USDT,0.5776,149.28,0.5775,149.28,0.5779,212.56,0.578,252.23
1753546981339,16:23:01.339,ACE/USDT:USDT,0.5777,111.08,0.5776,149.28,0.5779,212.56,0.578,252.23
1753546981489,16:23:01.489,ACE/USDT:USDT,0.5777,111.08,0.5776,149.28,0.5779,212.56,0.578,252.23
1753546981639,16:23:01.639,ACE/USDT:USDT,0.5777,111.08,0.5776,149.28,0.5779,212.56,0.578,252.23
1753546981789,16:23:01.789,ACE/USDT:USDT,0.5776,149.28,0.5775,149.28,0.5779,212.56,0.578,252.23
1753546981939,16:23:01.939,ACE/USDT:USDT,0.5776,149.28,0.5775,149.28,0.5778,111.08,0.5779,212.56
1753546982089,16:23:02.089,ACE/USDT:USDT,0.5776,110.85,0.5775,110.85,0.5778,111.08,0.5779,212.56
1753546982239,16:23:02.239,ACE/USDT:USDT,0.5772,532.95,0.5771,855.58,0.5778,111.08,0.5779,212.56
1753546982389,16:23:02.389,ACE/USDT:USDT,0.5774,111.08,0.5773,197.67,0.5778,111.08,0.5779,212.56
1753546982539,16:23:02.539,ACE/USDT:USDT,0.5773,197.65,0.5772,361.92,0.5778,149.61,0.5779,212.56
1753546982689,16:23:02.689,ACE/USDT:USDT,0.5774,111.08,0.5773,111.08,0.5777,111.08,0.5778,149.61
1753546982840,16:23:02.840,ACE/USDT:USDT,0.5773,111.08,0.5772,241.37,0.5777,111.08,0.5778,159.31
1753546982990,16:23:02.990,ACE/USDT:USDT,0.5773,111.08,0.5772,111.14,0.5777,111.08,0.5778,159.31
1753546983140,16:23:03.140,ACE/USDT:USDT,0.5773,38.53,0.5772,111.14,0.5777,111.08,0.5778,159.31
1753546983290,16:23:03.290,ACE/USDT:USDT,0.5774,111.08,0.5773,38.53,0.5777,111.08,0.5778,159.31
1753546983440,16:23:03.440,ACE/USDT:USDT,0.5774,111.08,0.5773,38.53,0.5777,111.08,0.5778,159.31
1753546983590,16:23:03.590,ACE/USDT:USDT,0.5774,111.08,0.5773,38.53,0.5777,111.08,0.5778,159.31
1753546983740,16:23:03.740,ACE/USDT:USDT,0.5774,111.08,0.5773,38.53,0.5777,111.08,0.5778,159.31
1753546983890,16:23:03.890,ACE/USDT:USDT,0.5774,111.08,0.5773,38.53,0.5777,111.08,0.5778,159.31
1753546984040,16:23:04.040,ACE/USDT:USDT,0.5774,111.08,0.5773,38.53,0.5777,111.08,0.5778,159.31
1753546984190,16:23:04.190,ACE/USDT:USDT,0.5774,111.08,0.5773,38.53,0.5777,111.08,0.5778,159.31
1753546984340,16:23:04.340,ACE/USDT:USDT,0.5774,111.08,0.5773,38.53,0.5777,111.08,0.5778,159.31
1753546984491,16:23:04.491,ACE/USDT:USDT,0.5774,111.08,0.5773,38.53,0.5777,111.08,0.5778,159.31
1753546984641,16:23:04.641,ACE/USDT:USDT,0.5774,111.08,0.5773,38.53,0.5777,111.08,0.5778,159.31
1753546984791,16:23:04.791,ACE/USDT:USDT,0.5774,111.08,0.5773,38.53,0.5777,111.08,0.5778,159.31
1753546984941,16:23:04.941,ACE/USDT:USDT,0.5774,111.08,0.5773,38.53,0.5777,111.08,0.5778,159.31
1753546985091,16:23:05.091,ACE/USDT:USDT,0.5774,111.08,0.5773,38.53,0.5777,111.08,0.5778,159.31
1753546985241,16:23:05.241,ACE/USDT:USDT,0.5774,111.08,0.5773,38.53,0.5777,111.08,0.5778,159.31
1753546985391,16:23:05.391,ACE/USDT:USDT,0.5774,111.08,0.5773,38.53,0.5777,111.08,0.5778,159.31
1753546985541,16:23:05.541,ACE/USDT:USDT,0.5774,111.08,0.5773,38.53,0.5777,111.08,0.5778,159.31
1753546985691,16:23:05.691,ACE/USDT:USDT,0.5774,111.08,0.5773,38.53,0.5777,111.08,0.5778,159.31
1753546985841,16:23:05.841,ACE/USDT:USDT,0.5774,111.08,0.5773,38.53,0.5777,111.08,0.5778,159.31
1753546985992,16:23:05.992,ACE/USDT:USDT,0.5774,111.08,0.5773,38.53,0.5777,111.08,0.5778,159.31
1753546986142,16:23:06.142,ACE/USDT:USDT,0.5774,111.08,0.5773,38.53,0.5777,111.08,0.5778,159.31
1753546986292,16:23:06.292,ACE/USDT:USDT,0.5774,111.08,0.5773,38.53,0.5778,159.31,0.5779,212.56
1753546986442,16:23:06.442,ACE/USDT:USDT,0.5774,111.08,0.5773,38.53,0.5778,159.31,0.5779,212.56
1753546986592,16:23:06.592,ACE/USDT:USDT,0.5774,111.08,0.5773,38.53,0.5778,9.7,0.5779,212.56
1753546986742,16:23:06.742,ACE/USDT:USDT,0.5774,111.08,0.5773,38.53,0.5778,9.7,0.5779,212.56
1753546986892,16:23:06.892,ACE/USDT:USDT,0.5774,277.24,0.5773,381.32,0.5778,9.7,0.5779,251.09
1753546987042,16:23:07.042,ACE/USDT:USDT,0.5775,111.08,0.5774,363.81,0.5778,9.7,0.5779,251.09
1753546987192,16:23:07.192,ACE/USDT:USDT,0.5775,111.08,0.5774,197.64,0.5778,122.74,0.5779,251.09
1753546987342,16:23:07.342,ACE/USDT:USDT,0.5775,111.08,0.5774,111.08,0.5778,122.74,0.5779,251.09
1753546987492,16:23:07.492,ACE/USDT:USDT,0.5774,197.64,0.5773,294.76,0.5778,122.74,0.5779,251.09
1753546987643,16:23:07.643,ACE/USDT:USDT,0.5775,113.04,0.5774,197.64,0.5778,9.7,0.5779,251.09
1753546987793,16:23:07.793,ACE/USDT:USDT,0.5775,113.04,0.5774,197.64,0.5778,9.7,0.5779,251.09
1753546987943,16:23:07.943,ACE/USDT:USDT,0.5775,113.04,0.5774,197.64,0.5778,9.7,0.5779,251.09
1753546988093,16:23:08.093,ACE/USDT:USDT,0.5775,113.04,0.5774,111.08,0.5778,9.7,0.5779,251.09
1753546988243,16:23:08.243,ACE/USDT:USDT,0.5774,197.64,0.5773,294.76,0.5778,9.7,0.5779,251.09
1753546988393,16:23:08.393,ACE/USDT:USDT,0.5775,113.04,0.5774,111.08,0.5778,122.74,0.5779,251.09
1753546988543,16:23:08.543,ACE/USDT:USDT,0.5774,111.08,0.5773,256.23,0.5778,122.74,0.5779,251.09
1753546988693,16:23:08.693,ACE/USDT:USDT,0.5774,111.08,0.5773,256.23,0.5778,122.74,0.5779,251.09
1753546988843,16:23:08.843,ACE/USDT:USDT,0.5774,111.08,0.5773,256.23,0.5778,122.74,0.5779,251.09
1753546988993,16:23:08.993,ACE/USDT:USDT,0.5774,111.08,0.5773,256.23,0.5778,122.74,0.5779,251.09
1753546989144,16:23:09.144,ACE/USDT:USDT,0.5774,111.08,0.5773,256.23,0.5778,122.74,0.5779,251.09
1753546989294,16:23:09.294,ACE/USDT:USDT,0.5774,111.08,0.5773,256.23,0.5778,122.74,0.5779,251.09
1753546989444,16:23:09.444,ACE/USDT:USDT,0.5774,111.08,0.5773,256.23,0.5778,122.74,0.5779,251.09
1753546989594,16:23:09.594,ACE/USDT:USDT,0.5774,111.08,0.5773,256.23,0.5778,122.74,0.5779,251.09
1753546989744,16:23:09.744,ACE/USDT:USDT,0.5774,111.08,0.5773,294.76,0.5778,122.74,0.5779,251.09
1753546989894,16:23:09.894,ACE/USDT:USDT,0.5774,111.08,0.5773,38.53,0.5778,122.74,0.5779,251.09
1753546990044,16:23:10.044,ACE/USDT:USDT,0.5774,111.08,0.5773,38.53,0.5778,122.74,0.5779,251.09
1753546990194,16:23:10.194,ACE/USDT:USDT,0.5774,111.08,0.5773,38.53,0.5778,122.74,0.5779,251.09
1753546990344,16:23:10.344,ACE/USDT:USDT,0.5774,111.08,0.5773,38.53,0.5778,122.74,0.5779,251.09
1753546990494,16:23:10.494,ACE/USDT:USDT,0.5774,111.08,0.5773,38.53,0.5778,9.7,0.5779,212.56
1753546990644,16:23:10.644,ACE/USDT:USDT,0.5774,111.08,0.5773,285.75,0.5778,9.7,0.5779,212.56
1753546990795,16:23:10.795,ACE/USDT:USDT,0.5774,111.08,0.5773,285.75,0.5778,9.7,0.5779,212.56
1753546990945,16:23:10.945,ACE/USDT:USDT,0.5774,111.08,0.5773,285.75,0.5778,9.7,0.5779,212.56
1753546991095,16:23:11.095,ACE/USDT:USDT,0.5774,111.08,0.5773,285.75,0.5778,9.7,0.5779,100.0
1753546991245,16:23:11.245,ACE/USDT:USDT,0.5774,111.08,0.5773,285.75,0.5778,9.7,0.5779,213.04
1753546991395,16:23:11.395,ACE/USDT:USDT,0.5774,111.08,0.5773,285.75,0.5778,9.7,0.5779,213.04
1753546991545,16:23:11.545,ACE/USDT:USDT,0.5774,630.56,0.5773,285.75,0.5778,9.7,0.5779,100.0
1753546991695,16:23:11.695,ACE/USDT:USDT,0.5775,302.21,0.5774,630.56,0.578,100.0,0.5781,211.76
1753546991845,16:23:11.845,ACE/USDT:USDT,0.5776,199.59,0.5775,215.64,0.578,213.04,0.5781,211.76
1753546991995,16:23:11.995,ACE/USDT:USDT,0.5777,113.04,0.5776,113.04,0.578,213.04,0.5781,211.76
1753546992145,16:23:12.145,ACE/USDT:USDT,0.5776,113.04,0.5775,215.64,0.578,213.04,0.5781,211.76
1753546992296,16:23:12.296,ACE/USDT:USDT,0.5776,113.04,0.5775,215.64,0.578,213.04,0.5781,211.76
1753546992446,16:23:12.446,ACE/USDT:USDT,0.5776,113.04,0.5775,215.64,0.578,213.04,0.5781,211.76
1753546992596,16:23:12.596,ACE/USDT:USDT,0.5776,113.04,0.5775,215.64,0.578,213.04,0.5781,211.76
1753546992746,16:23:12.746,ACE/USDT:USDT,0.5776,113.04,0.5775,215.64,0.578,213.04,0.5781,211.76
1753546992896,16:23:12.896,ACE/USDT:USDT,0.5776,113.04,0.5775,215.64,0.578,213.04,0.5781,211.76
1753546993046,16:23:13.046,ACE/USDT:USDT,0.5776,113.04,0.5775,215.64,0.578,213.04,0.5781,211.76
1753546993196,16:23:13.196,ACE/USDT:USDT,0.5776,113.04,0.5775,215.64,0.578,213.04,0.5781,211.76
1753546993346,16:23:13.346,ACE/USDT:USDT,0.5776,113.04,0.5775,215.64,0.578,213.04,0.5781,211.76
1753546993496,16:23:13.496,ACE/USDT:USDT,0.5776,113.04,0.5775,215.64,0.578,213.04,0.5781,211.76
1753546993646,16:23:13.646,ACE/USDT:USDT,0.5776,113.04,0.5775,215.64,0.578,213.04,0.5781,211.76
1753546993796,16:23:13.796,ACE/USDT:USDT,0.5776,113.04,0.5775,215.64,0.578,213.04,0.5781,211.76
1753546993947,16:23:13.947,ACE/USDT:USDT,0.5776,113.04,0.5775,215.64,0.578,213.04,0.5781,211.76
1753546994097,16:23:14.097,ACE/USDT:USDT,0.5776,113.04,0.5775,215.64,0.578,213.04,0.5781,211.76
1753546994247,16:23:14.247,ACE/USDT:USDT,0.5776,113.04,0.5775,215.64,0.578,213.04,0.5781,211.76
1753546994397,16:23:14.397,ACE/USDT:USDT,0.5776,113.04,0.5775,215.64,0.578,213.04,0.5781,211.76
1753546994547,16:23:14.547,ACE/USDT:USDT,0.5776,113.04,0.5775,215.64,0.578,213.04,0.5781,211.76
1753546994697,16:23:14.697,ACE/USDT:USDT,0.5776,113.04,0.5775,215.64,0.578,213.04,0.5781,211.76
1753546994847,16:23:14.847,ACE/USDT:USDT,0.5776,113.04,0.5775,215.64,0.578,213.04,0.5781,211.76
1753546994997,16:23:14.997,ACE/USDT:USDT,0.5776,113.04,0.5775,215.64,0.578,213.04,0.5781,211.76
1753546995147,16:23:15.147,ACE/USDT:USDT,0.5776,113.04,0.5775,215.64,0.578,213.04,0.5781,211.76
1753546995297,16:23:15.297,ACE/USDT:USDT,0.5776,113.04,0.5775,215.64,0.578,213.04,0.5781,211.76
1753546995448,16:23:15.448,ACE/USDT:USDT,0.5776,113.04,0.5775,215.64,0.5779,113.04,0.578,213.04
1753546995598,16:23:15.598,ACE/USDT:USDT,0.5776,279.2,0.5775,113.04,0.578,213.04,0.5781,250.41
1753546995748,16:23:15.748,ACE/USDT:USDT,0.5777,113.04,0.5776,279.2,0.578,213.04,0.5781,250.41
1753546995898,16:23:15.898,ACE/USDT:USDT,0.5777,113.04,0.5776,279.2,0.578,213.04,0.5781,250.41
1753546996048,16:23:16.048,ACE/USDT:USDT,0.5777,113.04,0.5776,279.2,0.578,213.04,0.5781,250.41
1753546996198,16:23:16.198,ACE/USDT:USDT,0.5777,113.04,0.5776,279.2,0.578,213.04,0.5781,250.41
1753546996348,16:23:16.348,ACE/USDT:USDT,0.5777,113.04,0.5776,279.2,0.578,213.04,0.5781,250.41
1753546996498,16:23:16.498,ACE/USDT:USDT,0.5777,113.04,0.5776,279.2,0.578,213.04,0.5781,250.41
1753546996648,16:23:16.648,ACE/USDT:USDT,0.5776,151.69,0.5774,111.08,0.5779,113.04,0.578,213.04
1753546996798,16:23:16.798,ACE/USDT:USDT,0.5777,113.04,0.5776,151.69,0.5779,113.04,0.578,213.04
1753546996948,16:23:16.948,ACE/USDT:USDT,0.5777,113.04,0.5776,151.69,0.578,213.04,0.5781,250.41
1753546997099,16:23:17.099,ACE/USDT:USDT,0.5777,113.04,0.5776,151.69,0.578,213.04,0.5781,250.41
1753546997248,16:23:17.248,ACE/USDT:USDT,0.5777,113.04,0.5776,151.69,0.578,213.04,0.5781,250.41
1753546997399,16:23:17.399,ACE/USDT:USDT,0.5777,113.04,0.5776,151.69,0.578,213.04,0.5781,250.41
1753546997549,16:23:17.549,ACE/USDT:USDT,0.5777,279.2,0.5776,151.69,0.578,100.0,0.5781,211.76
1753546997699,16:23:17.699,ACE/USDT:USDT,0.5778,112.38,0.5777,279.2,0.5781,211.76,0.5782,213.7
1753546997849,16:23:17.849,ACE/USDT:USDT,0.5778,112.38,0.5777,279.2,0.5781,211.76,0.5782,213.7
1753546997999,16:23:17.999,ACE/USDT:USDT,0.5778,112.38,0.5777,279.2,0.5781,211.76,0.5782,213.7
1753546998149,16:23:18.149,ACE/USDT:USDT,0.5778,112.38,0.5777,113.04,0.5781,211.76,0.5782,213.7
1753546998299,16:23:18.299,ACE/USDT:USDT,0.5777,113.04,0.5776,238.21,0.5781,211.76,0.5782,252.35
1753546998449,16:23:18.449,ACE/USDT:USDT,0.5777,113.04,0.5776,151.69,0.5781,211.76,0.5782,252.35
1753546998599,16:23:18.599,ACE/USDT:USDT,0.5777,113.04,0.5776,151.69,0.5781,211.76,0.5782,252.35
1753546998750,16:23:18.750,ACE/USDT:USDT,0.5777,113.04,0.5776,151.69,0.5781,211.76,0.5782,252.35
1753546998900,16:23:18.900,ACE/USDT:USDT,0.5777,113.04,0.5776,151.69,0.578,112.38,0.5781,211.76
1753546999050,16:23:19.050,ACE/USDT:USDT,0.5777,113.04,0.5776,151.69,0.5781,211.76,0.5782,252.35
1753546999200,16:23:19.200,ACE/USDT:USDT,0.5777,113.04,0.5776,151.69,0.5781,211.76,0.5782,252.35
1753546999350,16:23:19.350,ACE/USDT:USDT,0.5777,113.04,0.5776,151.69,0.5781,211.76,0.5782,252.35
1753546999500,16:23:19.500,ACE/USDT:USDT,0.5777,113.04,0.5776,151.69,0.5781,211.76,0.5782,252.35
1753546999650,16:23:19.650,ACE/USDT:USDT,0.5777,113.04,0.5776,151.69,0.5781,211.76,0.5782,252.35
1753546999800,16:23:19.800,ACE/USDT:USDT,0.5777,113.04,0.5776,151.69,0.5781,211.76,0.5782,252.35
1753546999950,16:23:19.950,ACE/USDT:USDT,0.5777,113.04,0.5776,238.22,0.5781,211.76,0.5782,252.35
1753547000100,16:23:20.100,ACE/USDT:USDT,0.5777,279.2,0.5776,238.22,0.5781,211.76,0.5782,252.35
1753547000250,16:23:20.250,ACE/USDT:USDT,0.5778,112.38,0.5777,279.2,0.5781,211.76,0.5782,252.35
1753547000401,16:23:20.401,ACE/USDT:USDT,0.5778,112.38,0.5777,113.04,0.5781,211.76,0.5782,252.35
1753547000551,16:23:20.551,ACE/USDT:USDT,0.5777,113.04,0.5776,151.69,0.5781,211.76,0.5782,213.7
1753547000701,16:23:20.701,ACE/USDT:USDT,0.5777,113.04,0.5776,151.69,0.5781,211.76,0.5782,213.7
1753547000851,16:23:20.851,ACE/USDT:USDT,0.5777,113.04,0.5776,151.69,0.5781,211.76,0.5782,213.7
1753547001001,16:23:21.001,ACE/USDT:USDT,0.5777,113.04,0.5776,151.69,0.5781,211.76,0.5782,213.7
1753547001151,16:23:21.151,ACE/USDT:USDT,0.5777,113.04,0.5776,151.69,0.5781,211.76,0.5782,213.7
1753547001301,16:23:21.301,ACE/USDT:USDT,0.5777,113.04,0.5776,151.69,0.5781,211.76,0.5782,213.7
1753547001451,16:23:21.451,ACE/USDT:USDT,0.5777,113.04,0.5776,151.69,0.578,112.38,0.5781,211.76
1753547001601,16:23:21.601,ACE/USDT:USDT,0.5777,113.04,0.5776,151.69,0.578,112.38,0.5781,211.76
1753547001751,16:23:21.751,ACE/USDT:USDT,0.5777,113.04,0.5776,151.69,0.578,112.38,0.5781,211.76
1753547001902,16:23:21.902,ACE/USDT:USDT,0.5777,113.04,0.5776,151.69,0.578,112.38,0.5781,211.76
1753547002052,16:23:22.052,ACE/USDT:USDT,0.5777,113.04,0.5776,151.69,0.578,112.38,0.5781,211.76
1753547002202,16:23:22.202,ACE/USDT:USDT,0.5777,113.04,0.5776,151.69,0.578,112.38,0.5781,211.76
1753547002352,16:23:22.352,ACE/USDT:USDT,0.5777,113.04,0.5776,113.04,0.578,112.38,0.5781,250.41
1753547002502,16:23:22.502,ACE/USDT:USDT,0.5776,113.04,0.5774,111.08,0.578,112.38,0.5781,250.41
1753547002652,16:23:22.652,ACE/USDT:USDT,0.5774,111.08,0.5773,346.72,0.578,112.38,0.5781,250.41
1753547002802,16:23:22.802,ACE/USDT:USDT,0.5774,111.08,0.5773,346.72,0.578,112.38,0.5781,250.41
1753547002952,16:23:22.952,ACE/USDT:USDT,0.5774,111.08,0.5773,346.72,0.578,112.38,0.5781,250.41
1753547003102,16:23:23.102,ACE/USDT:USDT,0.5774,362.52,0.5773,346.72,0.578,112.38,0.5781,250.41
1753547003252,16:23:23.252,ACE/USDT:USDT,0.5775,198.94,0.5774,362.52,0.578,112.38,0.5781,250.41
1753547003402,16:23:23.402,ACE/USDT:USDT,0.5776,112.38,0.5775,198.93,0.578,112.38,0.5781,250.41
1753547003553,16:23:23.553,ACE/USDT:USDT,0.5776,112.38,0.5775,198.92,0.578,112.38,0.5781,250.41
1753547003703,16:23:23.703,ACE/USDT:USDT,0.5776,112.38,0.5775,198.92,0.578,112.38,0.5781,250.41
1753547003853,16:23:23.853,ACE/USDT:USDT,0.5776,112.38,0.5775,198.92,0.578,112.38,0.5781,250.41
1753547004003,16:23:24.003,ACE/USDT:USDT,0.5776,112.38,0.5775,198.92,0.578,112.38,0.5781,250.41
1753547004153,16:23:24.153,ACE/USDT:USDT,0.5776,112.38,0.5775,198.92,0.578,112.38,0.5781,250.41
1753547004303,16:23:24.303,ACE/USDT:USDT,0.5776,112.38,0.5775,198.92,0.578,112.38,0.5781,250.41
1753547004453,16:23:24.453,ACE/USDT:USDT,0.5776,112.38,0.5775,237.57,0.578,112.38,0.5781,250.41
1753547004603,16:23:24.603,ACE/USDT:USDT,0.5776,112.38,0.5775,151.03,0.578,112.38,0.5781,250.41
1753547004753,16:23:24.753,ACE/USDT:USDT,0.5776,112.38,0.5775,151.03,0.578,112.38,0.5781,250.41
1753547005053,16:23:25.053,ACE/USDT:USDT,0.5776,112.38,0.5775,151.03,0.578,112.38,0.5781,250.41
1753547005204,16:23:25.204,ACE/USDT:USDT,0.5776,112.38,0.5775,151.03,0.578,112.38,0.5781,250.41
1753547005354,16:23:25.354,ACE/USDT:USDT,0.5776,112.38,0.5775,151.03,0.578,112.38,0.5781,250.41
1753547005504,16:23:25.504,ACE/USDT:USDT,0.5776,112.38,0.5775,151.03,0.578,112.38,0.5781,250.41
1753547005654,16:23:25.654,ACE/USDT:USDT,0.5776,112.38,0.5775,151.03,0.578,112.38,0.5781,250.41
1753547005804,16:23:25.804,ACE/USDT:USDT,0.5776,112.38,0.5775,151.03,0.578,112.38,0.5781,250.41
1753547005954,16:23:25.954,ACE/USDT:USDT,0.5776,112.38,0.5775,151.03,0.578,112.38,0.5781,250.41
1753547006104,16:23:26.104,ACE/USDT:USDT,0.5776,112.38,0.5775,151.03,0.578,112.38,0.5781,250.41
1753547006254,16:23:26.254,ACE/USDT:USDT,0.5776,112.38,0.5775,151.03,0.578,112.38,0.5781,250.41
1753547006404,16:23:26.404,ACE/USDT:USDT,0.5776,112.38,0.5775,151.03,0.578,112.38,0.5781,250.41
1753547006555,16:23:26.555,ACE/USDT:USDT,0.5776,112.38,0.5775,151.03,0.578,112.38,0.5781,250.41
1753547006705,16:23:26.705,ACE/USDT:USDT,0.5776,112.38,0.5775,151.03,0.578,112.38,0.5781,250.41
1753547006855,16:23:26.855,ACE/USDT:USDT,0.5776,112.38,0.5775,151.03,0.578,112.38,0.5781,250.41
1753547007005,16:23:27.005,ACE/USDT:USDT,0.5776,112.38,0.5775,151.03,0.578,112.38,0.5781,250.41
1753547007155,16:23:27.155,ACE/USDT:USDT,0.5776,112.38,0.5775,151.03,0.578,112.38,0.5781,250.41
1753547007305,16:23:27.305,ACE/USDT:USDT,0.5776,112.38,0.5775,151.03,0.578,112.38,0.5781,250.41
1753547007455,16:23:27.455,ACE/USDT:USDT,0.5776,112.38,0.5775,151.03,0.578,112.38,0.5781,250.41
1753547007605,16:23:27.605,ACE/USDT:USDT,0.5776,112.38,0.5775,151.03,0.578,112.38,0.5781,250.41
1753547007755,16:23:27.755,ACE/USDT:USDT,0.5776,112.38,0.5775,151.03,0.578,112.38,0.5781,250.41
1753547007905,16:23:27.905,ACE/USDT:USDT,0.5776,112.38,0.5775,151.03,0.578,112.38,0.5781,250.41
1753547008055,16:23:28.055,ACE/USDT:USDT,0.5776,112.38,0.5775,151.03,0.578,112.38,0.5781,250.41
1753547008206,16:23:28.206,ACE/USDT:USDT,0.5776,112.38,0.5775,151.03,0.578,112.38,0.5781,250.41
1753547008356,16:23:28.356,ACE/USDT:USDT,0.5776,112.38,0.5775,151.03,0.578,112.38,0.5781,250.41
1753547008506,16:23:28.506,ACE/USDT:USDT,0.5776,112.38,0.5775,151.03,0.578,112.38,0.5781,250.41
1753547008806,16:23:28.806,ACE/USDT:USDT,0.5776,112.38,0.5775,151.03,0.578,112.38,0.5781,250.41
1753547008956,16:23:28.956,ACE/USDT:USDT,0.5776,112.38,0.5775,151.03,0.578,112.38,0.5781,250.41
1753547009106,16:23:29.106,ACE/USDT:USDT,0.5776,112.38,0.5775,151.03,0.578,112.38,0.5781,250.41
1753547009256,16:23:29.256,ACE/USDT:USDT,0.5776,112.38,0.5775,112.38,0.578,112.38,0.5781,250.41
1753547009406,16:23:29.406,ACE/USDT:USDT,0.5775,112.38,0.5774,111.08,0.578,112.38,0.5781,250.41
1753547009556,16:23:29.556,ACE/USDT:USDT,0.5774,111.08,0.5773,346.72,0.578,112.38,0.5781,250.41
1753547009706,16:23:29.706,ACE/USDT:USDT,0.5774,111.08,0.5773,346.72,0.578,112.38,0.5781,250.41
1753547009856,16:23:29.856,ACE/USDT:USDT,0.5774,111.08,0.5773,346.72,0.578,112.38,0.5781,250.41
1753547010007,16:23:30.007,ACE/USDT:USDT,0.5774,111.08,0.5773,212.49,0.578,112.38,0.5781,250.41
1753547010157,16:23:30.157,ACE/USDT:USDT,0.5774,111.08,0.5773,212.49,0.578,112.38,0.5781,250.41
1753547010307,16:23:30.307,ACE/USDT:USDT,0.5774,111.08,0.5773,212.49,0.578,112.38,0.5781,250.41
1753547010457,16:23:30.457,ACE/USDT:USDT,0.5774,233.56,0.5773,212.49,0.578,112.38,0.5781,250.41
1753547010607,16:23:30.607,ACE/USDT:USDT,0.5775,111.83,0.5774,233.56,0.578,112.38,0.5781,250.41
1753547010757,16:23:30.757,ACE/USDT:USDT,0.5775,111.83,0.5774,233.56,0.578,112.38,0.5781,250.41
1753547010907,16:23:30.907,ACE/USDT:USDT,0.5775,111.83,0.5774,233.56,0.578,112.38,0.5781,250.41
1753547011057,16:23:31.057,ACE/USDT:USDT,0.5775,111.83,0.5774,233.56,0.578,112.38,0.5781,250.41
1753547011207,16:23:31.207,ACE/USDT:USDT,0.5775,111.83,0.5774,233.56,0.578,112.38,0.5781,250.41
1753547011357,16:23:31.357,ACE/USDT:USDT,0.5775,111.83,0.5774,233.56,0.578,112.38,0.5781,250.41
1753547011508,16:23:31.508,ACE/USDT:USDT,0.5775,111.83,0.5774,233.56,0.578,112.38,0.5781,250.41
1753547011658,16:23:31.658,ACE/USDT:USDT,0.5775,111.83,0.5774,233.56,0.578,112.38,0.5781,250.41
1753547011808,16:23:31.808,ACE/USDT:USDT,0.5775,111.83,0.5774,233.56,0.578,112.38,0.5781,250.41
1753547011958,16:23:31.958,ACE/USDT:USDT,0.5775,111.83,0.5774,111.08,0.578,112.38,0.5781,250.41
1753547012108,16:23:32.108,ACE/USDT:USDT,0.5774,111.08,0.5773,212.49,0.578,112.38,0.5781,250.41
1753547012258,16:23:32.258,ACE/USDT:USDT,0.5774,111.08,0.5773,212.49,0.578,112.38,0.5781,250.41
1753547012408,16:23:32.408,ACE/USDT:USDT,0.5774,111.08,0.5773,212.49,0.578,112.38,0.5781,250.41
1753547012558,16:23:32.558,ACE/USDT:USDT,0.5774,233.56,0.5773,212.49,0.578,112.38,0.5781,250.41
1753547012708,16:23:32.708,ACE/USDT:USDT,0.5775,111.83,0.5774,233.56,0.578,112.38,0.5781,250.41
1753547012858,16:23:32.858,ACE/USDT:USDT,0.5775,111.83,0.5774,233.56,0.578,112.38,0.5781,250.41
1753547013008,16:23:33.008,ACE/USDT:USDT,0.5775,111.83,0.5774,233.56,0.578,112.38,0.5781,250.41
1753547013309,16:23:33.309,ACE/USDT:USDT,0.5775,111.83,0.5774,233.56,0.578,112.38,0.5781,250.41
1753547013459,16:23:33.459,ACE/USDT:USDT,0.5775,111.83,0.5774,233.56,0.578,112.38,0.5781,250.41
1753547013609,16:23:33.609,ACE/USDT:USDT,0.5775,111.83,0.5774,233.56,0.578,112.38,0.5781,250.41
1753547013759,16:23:33.759,ACE/USDT:USDT,0.5775,111.83,0.5774,233.56,0.578,112.38,0.5781,250.41
1753547013909,16:23:33.909,ACE/USDT:USDT,0.5775,111.83,0.5774,233.56,0.578,112.38,0.5781,250.41
1753547014059,16:23:34.059,ACE/USDT:USDT,0.5775,111.83,0.5774,233.56,0.578,112.38,0.5781,250.41
1753547014209,16:23:34.209,ACE/USDT:USDT,0.5775,111.83,0.5774,233.56,0.578,112.38,0.5781,250.41
1753547014359,16:23:34.359,ACE/USDT:USDT,0.5775,252.51,0.5774,111.08,0.578,112.38,0.5781,250.41
1753547014509,16:23:34.509,ACE/USDT:USDT,0.5776,111.83,0.5775,252.51,0.578,112.38,0.5781,250.41
1753547014659,16:23:34.659,ACE/USDT:USDT,0.5776,111.83,0.5775,252.51,0.578,112.38,0.5781,250.41
1753547014810,16:23:34.810,ACE/USDT:USDT,0.5776,111.83,0.5775,252.51,0.578,112.38,0.5781,250.41
1753547014960,16:23:34.960,ACE/USDT:USDT,0.5776,111.83,0.5775,252.51,0.578,112.38,0.5781,250.41
1753547015110,16:23:35.110,ACE/USDT:USDT,0.5776,111.83,0.5775,252.51,0.578,112.38,0.5781,250.41
1753547015260,16:23:35.260,ACE/USDT:USDT,0.5776,111.83,0.5775,111.83,0.578,112.38,0.5781,250.41
1753547015410,16:23:35.410,ACE/USDT:USDT,0.5775,111.83,0.5774,111.08,0.578,112.38,0.5781,250.41
1753547015560,16:23:35.560,ACE/USDT:USDT,0.5774,111.08,0.5773,212.49,0.578,112.38,0.5781,250.41
1753547015710,16:23:35.710,ACE/USDT:USDT,0.5774,111.08,0.5773,212.49,0.578,112.38,0.5781,250.41
1753547015860,16:23:35.860,ACE/USDT:USDT,0.5774,111.08,0.5773,212.49,0.578,112.38,0.5781,250.41
1753547016010,16:23:36.010,ACE/USDT:USDT,0.5774,111.08,0.5773,212.49,0.578,112.38,0.5781,250.41
1753547016160,16:23:36.160,ACE/USDT:USDT,0.5774,111.08,0.5773,212.49,0.578,112.38,0.5781,250.41
1753547016310,16:23:36.310,ACE/USDT:USDT,0.5774,111.08,0.5773,212.49,0.578,112.38,0.5781,250.41
1753547016461,16:23:36.461,ACE/USDT:USDT,0.5774,111.08,0.5773,212.49,0.578,112.38,0.5781,250.41
1753547016761,16:23:36.761,ACE/USDT:USDT,0.5774,111.08,0.5773,212.49,0.578,112.38,0.5781,250.41
1753547016911,16:23:36.911,ACE/USDT:USDT,0.5774,111.08,0.5773,212.49,0.578,112.38,0.5781,250.41
1753547017061,16:23:37.061,ACE/USDT:USDT,0.5774,111.08,0.5773,212.49,0.578,112.38,0.5781,250.41
1753547017211,16:23:37.211,ACE/USDT:USDT,0.5774,111.08,0.5773,212.49,0.578,112.38,0.5781,250.41
1753547017361,16:23:37.361,ACE/USDT:USDT,0.5774,111.08,0.5773,212.49,0.578,112.38,0.5781,250.41
1753547017511,16:23:37.511,ACE/USDT:USDT,0.5774,111.08,0.5773,212.49,0.578,112.38,0.5781,250.41
1753547017661,16:23:37.661,ACE/USDT:USDT,0.5774,111.08,0.5773,212.49,0.578,112.38,0.5781,250.41
1753547017811,16:23:37.811,ACE/USDT:USDT,0.5774,111.08,0.5773,251.39,0.578,112.38,0.5781,250.41
1753547017961,16:23:37.961,ACE/USDT:USDT,0.5774,111.08,0.5773,251.39,0.578,112.38,0.5781,250.41
1753547018112,16:23:38.112,ACE/USDT:USDT,0.5774,111.08,0.5773,251.39,0.578,112.38,0.5781,250.41
1753547018262,16:23:38.262,ACE/USDT:USDT,0.5774,111.08,0.5773,251.39,0.578,112.38,0.5781,250.41
1753547018412,16:23:38.412,ACE/USDT:USDT,0.5774,111.08,0.5773,251.39,0.578,112.38,0.5781,250.41
1753547018562,16:23:38.562,ACE/USDT:USDT,0.5774,111.08,0.5773,251.39,0.578,112.38,0.5781,250.41
1753547018712,16:23:38.712,ACE/USDT:USDT,0.5774,111.08,0.5773,251.39,0.578,112.38,0.5781,250.41
1753547018862,16:23:38.862,ACE/USDT:USDT,0.5774,111.08,0.5773,251.39,0.578,112.38,0.5781,250.41
1753547019012,16:23:39.012,ACE/USDT:USDT,0.5774,111.08,0.5773,251.39,0.578,112.38,0.5781,250.41
1753547019162,16:23:39.162,ACE/USDT:USDT,0.5774,111.08,0.5773,251.39,0.578,112.38,0.5781,250.41
1753547019312,16:23:39.312,ACE/USDT:USDT,0.5774,111.08,0.5773,251.39,0.578,112.38,0.5781,250.41
1753547019462,16:23:39.462,ACE/USDT:USDT,0.5774,111.08,0.5773,251.39,0.578,112.38,0.5781,250.41
1753547019613,16:23:39.613,ACE/USDT:USDT,0.5774,111.08,0.5773,251.39,0.578,112.38,0.5781,250.41
1753547019763,16:23:39.763,ACE/USDT:USDT,0.5774,111.08,0.5773,251.39,0.578,112.38,0.5781,250.41
1753547020063,16:23:40.063,ACE/USDT:USDT,0.5774,111.08,0.5773,251.39,0.578,112.38,0.5781,250.41
1753547020213,16:23:40.213,ACE/USDT:USDT,0.5774,111.08,0.5773,251.39,0.578,112.38,0.5781,250.41
1753547020363,16:23:40.363,ACE/USDT:USDT,0.5774,111.08,0.5773,212.49,0.578,112.38,0.5781,250.41
1753547020513,16:23:40.513,ACE/USDT:USDT,0.5774,111.08,0.5773,721.08,0.578,112.38,0.5781,250.41
1753547020663,16:23:40.663,ACE/USDT:USDT,0.5774,149.98,0.5773,721.08,0.578,112.38,0.5781,250.41
1753547020813,16:23:40.813,ACE/USDT:USDT,0.5775,114.93,0.5774,149.98,0.578,112.38,0.5781,250.41
1753547020963,16:23:40.963,ACE/USDT:USDT,0.5775,213.89,0.5774,236.58,0.578,112.38,0.5781,250.41
1753547021113,16:23:41.113,ACE/USDT:USDT,0.5776,114.93,0.5775,114.93,0.578,112.38,0.5781,250.41
1753547021264,16:23:41.264,ACE/USDT:USDT,0.5775,114.93,0.5774,236.58,0.578,112.38,0.5781,250.41
1753547021414,16:23:41.414,ACE/USDT:USDT,0.5775,114.93,0.5774,236.58,0.578,112.38,0.5781,250.41
1753547021564,16:23:41.564,ACE/USDT:USDT,0.5775,114.93,0.5774,149.98,0.578,112.38,0.5781,250.41
1753547021714,16:23:41.714,ACE/USDT:USDT,0.5775,114.93,0.5774,149.98,0.578,112.38,0.5781,250.41
1753547021864,16:23:41.864,ACE/USDT:USDT,0.5775,114.93,0.5774,149.98,0.578,112.38,0.5781,250.41
1753547022014,16:23:42.014,ACE/USDT:USDT,0.5775,114.93,0.5774,149.98,0.578,112.38,0.5781,250.41
1753547022164,16:23:42.164,ACE/USDT:USDT,0.5775,114.93,0.5774,149.98,0.578,112.38,0.5781,250.41
1753547022314,16:23:42.314,ACE/USDT:USDT,0.5775,114.93,0.5774,149.98,0.578,112.38,0.5781,250.41
1753547022464,16:23:42.464,ACE/USDT:USDT,0.5775,114.93,0.5774,149.98,0.578,112.38,0.5781,250.41
1753547022614,16:23:42.614,ACE/USDT:USDT,0.5775,114.93,0.5774,149.98,0.578,112.38,0.5781,250.41
1753547022764,16:23:42.764,ACE/USDT:USDT,0.5775,114.93,0.5774,149.98,0.578,112.38,0.5781,250.41
1753547022915,16:23:42.915,ACE/USDT:USDT,0.5775,114.93,0.5774,149.98,0.578,112.38,0.5781,250.41
1753547023065,16:23:43.065,ACE/USDT:USDT,0.5775,114.93,0.5774,149.98,0.578,112.38,0.5781,250.41
1753547023215,16:23:43.215,ACE/USDT:USDT,0.5775,114.93,0.5774,149.98,0.578,112.38,0.5781,250.41
1753547023365,16:23:43.365,ACE/USDT:USDT,0.5775,114.93,0.5774,149.98,0.578,112.38,0.5781,250.41
1753547023515,16:23:43.515,ACE/USDT:USDT,0.5775,114.93,0.5774,149.98,0.578,112.38,0.5781,250.41
1753547023665,16:23:43.665,ACE/USDT:USDT,0.5775,114.93,0.5774,149.98,0.578,112.38,0.5781,250.41
1753547023815,16:23:43.815,ACE/USDT:USDT,0.5775,114.93,0.5774,149.98,0.578,112.38,0.5781,250.41
1753547023965,16:23:43.965,ACE/USDT:USDT,0.5775,114.93,0.5774,149.98,0.578,112.38,0.5781,250.41
1753547024115,16:23:44.115,ACE/USDT:USDT,0.5775,114.93,0.5774,149.98,0.578,112.38,0.5781,250.41
1753547024265,16:23:44.265,ACE/USDT:USDT,0.5775,114.93,0.5774,149.98,0.578,112.38,0.5781,250.41
1753547024415,16:23:44.415,ACE/USDT:USDT,0.5775,114.93,0.5774,149.98,0.578,112.38,0.5781,250.41
1753547024566,16:23:44.566,ACE/USDT:USDT,0.5775,114.93,0.5774,149.98,0.578,112.38,0.5781,250.41
1753547024716,16:23:44.716,ACE/USDT:USDT,0.5775,114.93,0.5774,149.98,0.578,112.38,0.5781,250.41
1753547024866,16:23:44.866,ACE/USDT:USDT,0.5775,114.93,0.5774,149.98,0.578,112.38,0.5781,250.41
1753547025016,16:23:45.016,ACE/USDT:USDT,0.5775,114.93,0.5774,149.98,0.578,112.38,0.5781,250.41
1753547025166,16:23:45.166,ACE/USDT:USDT,0.5775,114.93,0.5774,149.98,0.578,112.38,0.5781,250.41
1753547025316,16:23:45.316,ACE/USDT:USDT,0.5775,114.93,0.5774,149.98,0.578,112.38,0.5781,250.41
1753547025466,16:23:45.466,ACE/USDT:USDT,0.5775,114.93,0.5774,149.98,0.578,112.38,0.5781,250.41
1753547025616,16:23:45.616,ACE/USDT:USDT,0.5775,114.93,0.5774,149.98,0.578,112.38,0.5781,250.41
1753547025766,16:23:45.766,ACE/USDT:USDT,0.5775,114.93,0.5774,149.98,0.578,112.38,0.5781,250.41
1753547025916,16:23:45.916,ACE/USDT:USDT,0.5775,114.93,0.5774,149.98,0.578,112.38,0.5781,250.41
1753547026066,16:23:46.066,ACE/USDT:USDT,0.5775,114.93,0.5774,149.98,0.578,112.38,0.5781,250.41
1753547026216,16:23:46.216,ACE/USDT:USDT,0.5775,114.93,0.5774,149.98,0.578,112.38,0.5781,250.41
1753547026367,16:23:46.367,ACE/USDT:USDT,0.5775,114.93,0.5774,149.98,0.578,112.38,0.5781,250.41
1753547026517,16:23:46.517,ACE/USDT:USDT,0.5775,114.93,0.5774,149.98,0.578,112.38,0.5781,250.41
1753547026667,16:23:46.667,ACE/USDT:USDT,0.5775,114.93,0.5774,149.98,0.578,112.38,0.5781,250.41
1753547026817,16:23:46.817,ACE/USDT:USDT,0.5775,114.93,0.5774,149.98,0.578,112.38,0.5781,250.41
1753547026967,16:23:46.967,ACE/USDT:USDT,0.5775,114.93,0.5774,149.98,0.578,112.38,0.5781,250.41
1753547027117,16:23:47.117,ACE/USDT:USDT,0.5775,114.93,0.5774,149.98,0.578,112.38,0.5781,250.41
1753547027267,16:23:47.267,ACE/USDT:USDT,0.5775,114.93,0.5774,149.98,0.578,112.38,0.5781,250.41
1753547027417,16:23:47.417,ACE/USDT:USDT,0.5775,114.93,0.5774,149.98,0.578,112.38,0.5781,250.41
1753547027567,16:23:47.567,ACE/USDT:USDT,0.5775,114.93,0.5774,149.98,0.578,112.38,0.5781,250.41
1753547027717,16:23:47.717,ACE/USDT:USDT,0.5775,114.93,0.5774,149.98,0.578,112.38,0.5781,250.41
1753547027868,16:23:47.868,ACE/USDT:USDT,0.5775,114.93,0.5774,149.98,0.578,112.38,0.5781,250.41
1753547028018,16:23:48.018,ACE/USDT:USDT,0.5775,114.93,0.5774,149.98,0.578,112.38,0.5781,250.41
1753547028168,16:23:48.168,ACE/USDT:USDT,0.5775,114.93,0.5774,149.98,0.578,112.38,0.5781,250.41
1753547028318,16:23:48.318,ACE/USDT:USDT,0.5775,213.89,0.5774,149.98,0.578,112.38,0.5781,250.41
1753547028468,16:23:48.468,ACE/USDT:USDT,0.5776,113.29,0.5775,114.93,0.578,112.38,0.5781,250.41
1753547028618,16:23:48.618,ACE/USDT:USDT,0.5775,114.93,0.5774,149.98,0.578,112.38,0.5781,250.41
1753547028768,16:23:48.768,ACE/USDT:USDT,0.5775,114.93,0.5774,149.98,0.578,112.38,0.5781,250.41
1753547028918,16:23:48.918,ACE/USDT:USDT,0.5775,114.93,0.5774,149.98,0.578,112.38,0.5781,250.41
1753547029068,16:23:49.068,ACE/USDT:USDT,0.5775,114.93,0.5774,149.98,0.578,112.38,0.5781,250.41
1753547029218,16:23:49.218,ACE/USDT:USDT,0.5775,114.93,0.5774,149.98,0.578,112.38,0.5781,250.41
1753547029368,16:23:49.368,ACE/USDT:USDT,0.5775,114.93,0.5774,149.98,0.578,112.38,0.5781,250.41
1753547029519,16:23:49.519,ACE/USDT:USDT,0.5775,114.93,0.5774,149.98,0.578,112.38,0.5781,250.41
1753547029669,16:23:49.669,ACE/USDT:USDT,0.5775,114.93,0.5774,149.98,0.578,112.38,0.5781,250.41
1753547029819,16:23:49.819,ACE/USDT:USDT,0.5775,114.93,0.5774,149.98,0.578,112.38,0.5781,250.41
1753547029969,16:23:49.969,ACE/USDT:USDT,0.5775,114.93,0.5774,149.98,0.578,112.38,0.5781,250.41
1753547030119,16:23:50.119,ACE/USDT:USDT,0.5775,114.93,0.5774,149.98,0.578,112.38,0.5781,250.41
1753547030269,16:23:50.269,ACE/USDT:USDT,0.5775,114.93,0.5774,149.98,0.578,112.38,0.5781,250.41
1753547030419,16:23:50.419,ACE/USDT:USDT,0.5775,114.93,0.5774,149.98,0.578,112.38,0.5781,250.41
1753547030569,16:23:50.569,ACE/USDT:USDT,0.5775,114.93,0.5774,149.98,0.578,112.38,0.5781,250.41
1753547030719,16:23:50.719,ACE/USDT:USDT,0.5775,114.93,0.5774,149.98,0.578,112.38,0.5781,250.41
1753547030869,16:23:50.869,ACE/USDT:USDT,0.5775,114.93,0.5774,149.98,0.578,112.38,0.5781,250.41
1753547031019,16:23:51.019,ACE/USDT:USDT,0.5775,114.93,0.5774,149.98,0.578,112.38,0.5781,250.41
1753547031170,16:23:51.170,ACE/USDT:USDT,0.5775,114.93,0.5774,149.98,0.578,112.38,0.5781,250.41
1753547031320,16:23:51.320,ACE/USDT:USDT,0.5775,114.93,0.5774,149.98,0.578,112.38,0.5781,250.41
1753547031470,16:23:51.470,ACE/USDT:USDT,0.5775,114.93,0.5774,149.98,0.578,112.38,0.5781,250.41
1753547031620,16:23:51.620,ACE/USDT:USDT,0.5775,114.93,0.5774,149.98,0.578,112.38,0.5781,250.41
1753547031770,16:23:51.770,ACE/USDT:USDT,0.5775,114.93,0.5774,149.98,0.578,112.38,0.5781,250.41
1753547031920,16:23:51.920,ACE/USDT:USDT,0.5775,114.93,0.5774,149.98,0.578,112.38,0.5781,250.41
1753547032070,16:23:52.070,ACE/USDT:USDT,0.5775,114.93,0.5774,149.98,0.578,112.38,0.5781,250.41
1753547032220,16:23:52.220,ACE/USDT:USDT,0.5775,114.93,0.5774,149.98,0.578,112.38,0.5781,250.41
1753547032370,16:23:52.370,ACE/USDT:USDT,0.5775,114.93,0.5774,149.98,0.578,112.38,0.5781,250.41
1753547032520,16:23:52.520,ACE/USDT:USDT,0.5775,114.93,0.5774,149.98,0.578,112.38,0.5781,250.41
1753547032670,16:23:52.670,ACE/USDT:USDT,0.5775,114.93,0.5774,149.98,0.578,112.38,0.5781,250.41
1753547032821,16:23:52.821,ACE/USDT:USDT,0.5775,114.93,0.5774,149.98,0.578,112.38,0.5781,250.41
1753547032971,16:23:52.971,ACE/USDT:USDT,0.5775,114.93,0.5774,149.98,0.578,112.38,0.5781,250.41
1753547033121,16:23:53.121,ACE/USDT:USDT,0.5775,114.93,0.5774,149.98,0.578,112.38,0.5781,250.41
1753547033271,16:23:53.271,ACE/USDT:USDT,0.5775,114.93,0.5774,149.98,0.578,112.38,0.5781,250.41
1753547033421,16:23:53.421,ACE/USDT:USDT,0.5775,114.93,0.5774,149.98,0.578,112.38,0.5781,250.41
1753547033571,16:23:53.571,ACE/USDT:USDT,0.5775,114.93,0.5774,149.98,0.578,112.38,0.5781,250.41
1753547033721,16:23:53.721,ACE/USDT:USDT,0.5775,114.93,0.5774,149.98,0.578,112.38,0.5781,250.41
1753547033871,16:23:53.871,ACE/USDT:USDT,0.5775,114.93,0.5774,149.98,0.578,112.38,0.5781,250.41
1753547034021,16:23:54.021,ACE/USDT:USDT,0.5775,114.93,0.5774,149.98,0.578,112.38,0.5781,250.41
1753547034171,16:23:54.171,ACE/USDT:USDT,0.5775,114.93,0.5774,149.98,0.578,112.38,0.5781,250.41
1753547034321,16:23:54.321,ACE/USDT:USDT,0.5775,114.93,0.5774,149.98,0.578,112.38,0.5781,250.41
1753547034472,16:23:54.472,ACE/USDT:USDT,0.5775,114.93,0.5774,149.98,0.578,112.38,0.5781,250.41
1753547034622,16:23:54.622,ACE/USDT:USDT,0.5775,114.93,0.5774,149.98,0.578,112.38,0.5781,250.41
1753547034772,16:23:54.772,ACE/USDT:USDT,0.5775,114.93,0.5774,149.98,0.578,112.38,0.5781,250.41
1753547034922,16:23:54.922,ACE/USDT:USDT,0.5775,114.93,0.5774,149.98,0.578,112.38,0.5781,250.41
1753547035072,16:23:55.072,ACE/USDT:USDT,0.5775,114.93,0.5774,149.98,0.578,112.38,0.5781,250.41
1753547035222,16:23:55.222,ACE/USDT:USDT,0.5775,114.93,0.5774,149.98,0.578,112.38,0.5781,250.41
1753547035372,16:23:55.372,ACE/USDT:USDT,0.5775,114.93,0.5774,149.98,0.578,112.38,0.5781,250.41
1753547035522,16:23:55.522,ACE/USDT:USDT,0.5775,114.93,0.5774,149.98,0.578,112.38,0.5781,250.41
1753547035672,16:23:55.672,ACE/USDT:USDT,0.5775,114.93,0.5774,149.98,0.578,112.38,0.5781,250.41
1753547035822,16:23:55.822,ACE/USDT:USDT,0.5775,114.93,0.5774,149.98,0.578,112.38,0.5781,250.41
1753547035973,16:23:55.973,ACE/USDT:USDT,0.5775,114.93,0.5774,149.98,0.578,112.38,0.5781,250.41
1753547036123,16:23:56.123,ACE/USDT:USDT,0.5775,114.93,0.5774,149.98,0.578,112.38,0.5781,250.41
1753547036273,16:23:56.273,ACE/USDT:USDT,0.5775,114.93,0.5774,149.98,0.578,112.38,0.5781,250.41
1753547036423,16:23:56.423,ACE/USDT:USDT,0.5775,114.93,0.5774,149.98,0.578,112.38,0.5781,250.41
1753547036573,16:23:56.573,ACE/USDT:USDT,0.5775,114.93,0.5774,149.98,0.578,112.38,0.5781,250.41
1753547036723,16:23:56.723,ACE/USDT:USDT,0.5775,114.93,0.5774,149.98,0.578,112.38,0.5781,250.41
1753547036873,16:23:56.873,ACE/USDT:USDT,0.5775,114.93,0.5774,149.98,0.578,112.38,0.5781,250.41
1753547037023,16:23:57.023,ACE/USDT:USDT,0.5775,114.93,0.5774,149.98,0.578,112.38,0.5781,250.41
1753547037173,16:23:57.173,ACE/USDT:USDT,0.5775,114.93,0.5774,149.98,0.578,112.38,0.5781,250.41
1753547037323,16:23:57.323,ACE/USDT:USDT,0.5775,114.93,0.5774,149.98,0.578,112.38,0.5781,250.41
1753547037473,16:23:57.473,ACE/USDT:USDT,0.5775,114.93,0.5774,149.98,0.578,112.38,0.5781,250.41
1753547037623,16:23:57.623,ACE/USDT:USDT,0.5775,114.93,0.5774,149.98,0.578,112.38,0.5781,250.41
1753547037774,16:23:57.774,ACE/USDT:USDT,0.5775,114.93,0.5774,149.98,0.578,112.38,0.5781,250.41
1753547037924,16:23:57.924,ACE/USDT:USDT,0.5775,114.93,0.5774,149.98,0.578,112.38,0.5781,250.41
1753547038074,16:23:58.074,ACE/USDT:USDT,0.5775,114.93,0.5774,149.98,0.578,112.38,0.5781,250.41
1753547038224,16:23:58.224,ACE/USDT:USDT,0.5775,114.93,0.5774,149.98,0.578,112.38,0.5781,250.41
1753547038374,16:23:58.374,ACE/USDT:USDT,0.5775,114.93,0.5774,149.98,0.578,112.38,0.5781,250.41
1753547038524,16:23:58.524,ACE/USDT:USDT,0.5776,114.9,0.5775,252.97,0.578,112.38,0.5781,250.41
1753547038674,16:23:58.674,ACE/USDT:USDT,0.5776,114.9,0.5775,252.97,0.578,112.38,0.5781,250.41
1753547038824,16:23:58.824,ACE/USDT:USDT,0.5776,114.9,0.5775,252.97,0.578,112.38,0.5781,250.41
1753547038974,16:23:58.974,ACE/USDT:USDT,0.5776,114.9,0.5775,252.97,0.578,112.38,0.5781,250.41
1753547039124,16:23:59.124,ACE/USDT:USDT,0.5776,114.9,0.5775,114.93,0.578,112.38,0.5781,250.41
1753547039274,16:23:59.274,ACE/USDT:USDT,0.5775,252.97,0.5774,149.98,0.578,112.38,0.5781,250.41
1753547039425,16:23:59.425,ACE/USDT:USDT,0.5776,114.9,0.5775,252.97,0.578,112.38,0.5781,250.41
1753547039725,16:23:59.725,ACE/USDT:USDT,0.5776,114.9,0.5775,252.97,0.578,112.38,0.5781,250.41
1753547039875,16:23:59.875,ACE/USDT:USDT,0.5776,114.9,0.5775,252.97,0.578,112.38,0.5781,250.41
1753547040025,16:24:00.025,ACE/USDT:USDT,0.5776,114.9,0.5775,252.97,0.578,112.38,0.5781,250.41
1753547040175,16:24:00.175,ACE/USDT:USDT,0.5776,114.9,0.5775,114.93,0.578,112.38,0.5781,250.41
1753547040325,16:24:00.325,ACE/USDT:USDT,0.5775,114.93,0.5774,149.98,0.578,112.38,0.5781,250.41
1753547040475,16:24:00.475,ACE/USDT:USDT,0.5775,114.93,0.5774,149.98,0.578,112.38,0.5781,250.41
1753547040625,16:24:00.625,ACE/USDT:USDT,0.5775,114.93,0.5774,149.98,0.578,112.38,0.5781,250.41
1753547040775,16:24:00.775,ACE/USDT:USDT,0.5775,114.93,0.5774,149.98,0.578,112.38,0.5781,250.41
1753547040926,16:24:00.926,ACE/USDT:USDT,0.5775,114.93,0.5774,149.98,0.578,112.38,0.5781,250.41
1753547041076,16:24:01.076,ACE/USDT:USDT,0.5775,114.93,0.5774,149.98,0.578,112.38,0.5781,250.41
1753547041226,16:24:01.226,ACE/USDT:USDT,0.5775,114.93,0.5774,149.98,0.578,112.38,0.5781,250.41
1753547041376,16:24:01.376,ACE/USDT:USDT,0.5775,114.93,0.5774,149.98,0.578,112.38,0.5781,250.41
1753547041526,16:24:01.526,ACE/USDT:USDT,0.5775,114.93,0.5774,149.98,0.578,112.38,0.5781,250.41
1753547041676,16:24:01.676,ACE/USDT:USDT,0.5775,114.93,0.5774,149.98,0.578,112.38,0.5781,250.41
1753547041826,16:24:01.826,ACE/USDT:USDT,0.5775,114.93,0.5774,149.98,0.578,112.38,0.5781,250.41
1753547041976,16:24:01.976,ACE/USDT:USDT,0.5775,114.93,0.5774,149.98,0.578,112.38,0.5781,250.41
1753547042126,16:24:02.126,ACE/USDT:USDT,0.5775,114.93,0.5774,149.98,0.578,112.38,0.5781,250.41
1753547042276,16:24:02.276,ACE/USDT:USDT,0.5775,114.93,0.5774,149.98,0.578,112.38,0.5781,250.41
1753547042426,16:24:02.426,ACE/USDT:USDT,0.5775,114.93,0.5774,149.98,0.578,112.38,0.5781,250.41
1753547042577,16:24:02.577,ACE/USDT:USDT,0.5775,114.93,0.5774,149.98,0.578,112.38,0.5781,250.41
1753547042727,16:24:02.727,ACE/USDT:USDT,0.5775,183.71,0.5774,149.98,0.578,112.38,0.5781,250.41
1753547042877,16:24:02.877,ACE/USDT:USDT,0.5776,114.9,0.5775,183.71,0.578,112.38,0.5781,251.02
1753547043027,16:24:03.027,ACE/USDT:USDT,0.5776,114.9,0.5775,183.71,0.578,112.38,0.5781,251.02
1753547043177,16:24:03.177,ACE/USDT:USDT,0.5776,114.9,0.5775,183.71,0.578,112.38,0.5781,251.02
1753547043327,16:24:03.327,ACE/USDT:USDT,0.5776,114.9,0.5775,183.71,0.578,112.38,0.5781,251.02
1753547043477,16:24:03.477,ACE/USDT:USDT,0.5776,114.9,0.5775,183.71,0.578,112.38,0.5781,251.02
1753547043627,16:24:03.627,ACE/USDT:USDT,0.5776,114.9,0.5775,114.93,0.578,112.38,0.5781,251.02
1753547043777,16:24:03.777,ACE/USDT:USDT,0.5775,114.93,0.5774,149.98,0.578,112.38,0.5781,251.02
1753547043927,16:24:03.927,ACE/USDT:USDT,0.5775,183.71,0.5774,149.98,0.578,112.38,0.5781,251.02
1753547044077,16:24:04.077,ACE/USDT:USDT,0.5776,114.9,0.5775,183.71,0.578,112.38,0.5781,251.02
1753547044228,16:24:04.228,ACE/USDT:USDT,0.5776,114.9,0.5775,183.71,0.578,112.38,0.5781,251.02
1753547044378,16:24:04.378,ACE/USDT:USDT,0.5776,114.9,0.5775,183.71,0.578,112.38,0.5781,251.02
1753547044528,16:24:04.528,ACE/USDT:USDT,0.5776,114.9,0.5775,183.71,0.578,112.38,0.5781,251.02
1753547044678,16:24:04.678,ACE/USDT:USDT,0.5776,114.9,0.5775,183.71,0.578,112.38,0.5781,251.02
1753547044828,16:24:04.828,ACE/USDT:USDT,0.5776,114.9,0.5775,183.71,0.578,112.38,0.5781,251.02
1753547044978,16:24:04.978,ACE/USDT:USDT,0.5776,114.9,0.5775,183.71,0.578,112.38,0.5781,251.02
1753547045128,16:24:05.128,ACE/USDT:USDT,0.5776,114.9,0.5775,183.71,0.578,112.38,0.5781,251.02
1753547045278,16:24:05.278,ACE/USDT:USDT,0.5776,114.9,0.5775,183.71,0.578,112.38,0.5781,251.02
1753547045428,16:24:05.428,ACE/USDT:USDT,0.5776,114.9,0.5775,114.93,0.578,112.38,0.5781,251.02
1753547045579,16:24:05.579,ACE/USDT:USDT,0.5775,114.93,0.5774,396.91,0.578,112.38,0.5781,251.02
1753547045729,16:24:05.729,ACE/USDT:USDT,0.5775,114.93,0.5774,396.91,0.578,112.38,0.5781,251.02
1753547045879,16:24:05.879,ACE/USDT:USDT,0.5775,114.93,0.5774,396.91,0.578,112.38,0.5781,251.02
1753547046029,16:24:06.029,ACE/USDT:USDT,0.5775,114.93,0.5774,396.91,0.578,112.38,0.5781,251.02
1753547046179,16:24:06.179,ACE/USDT:USDT,0.5775,114.93,0.5774,396.91,0.578,112.38,0.5781,251.02
1753547046329,16:24:06.329,ACE/USDT:USDT,0.5775,114.93,0.5774,396.91,0.578,112.38,0.5781,251.02
1753547046479,16:24:06.479,ACE/USDT:USDT,0.5775,114.93,0.5774,396.91,0.578,112.38,0.5781,251.02
1753547046629,16:24:06.629,ACE/USDT:USDT,0.5775,114.93,0.5774,396.91,0.578,112.38,0.5781,251.02
1753547046779,16:24:06.779,ACE/USDT:USDT,0.5775,252.97,0.5774,396.91,0.578,112.38,0.5781,211.76
1753547046929,16:24:06.929,ACE/USDT:USDT,0.5775,252.97,0.5774,396.91,0.578,112.38,0.5781,211.76
1753547047079,16:24:07.079,ACE/USDT:USDT,0.5776,114.9,0.5775,252.97,0.578,112.38,0.5781,211.76
1753547047230,16:24:07.230,ACE/USDT:USDT,0.5776,114.9,0.5775,252.97,0.578,112.38,0.5781,211.76
1753547047380,16:24:07.380,ACE/USDT:USDT,0.5776,114.9,0.5775,252.97,0.578,112.38,0.5781,211.76
1753547047530,16:24:07.530,ACE/USDT:USDT,0.5776,114.9,0.5775,252.97,0.578,112.38,0.5781,211.76
1753547047680,16:24:07.680,ACE/USDT:USDT,0.5776,114.9,0.5775,252.97,0.578,112.38,0.5781,211.76
1753547047830,16:24:07.830,ACE/USDT:USDT,0.5776,114.9,0.5775,252.97,0.578,112.38,0.5781,211.76
1753547047980,16:24:07.980,ACE/USDT:USDT,0.5776,114.9,0.5775,252.97,0.578,112.38,0.5781,211.76
1753547048130,16:24:08.130,ACE/USDT:USDT,0.5776,114.9,0.5775,252.97,0.578,112.38,0.5781,211.76
1753547048280,16:24:08.280,ACE/USDT:USDT,0.5776,114.9,0.5775,252.97,0.578,112.38,0.5781,211.76
1753547048430,16:24:08.430,ACE/USDT:USDT,0.5776,114.9,0.5775,252.97,0.578,112.38,0.5781,211.76
1753547048580,16:24:08.580,ACE/USDT:USDT,0.5776,114.9,0.5775,252.97,0.578,112.38,0.5781,211.76
1753547048731,16:24:08.731,ACE/USDT:USDT,0.5776,114.9,0.5775,252.97,0.578,112.38,0.5781,211.76
1753547048881,16:24:08.881,ACE/USDT:USDT,0.5776,114.9,0.5775,252.97,0.578,112.38,0.5781,211.76
1753547049031,16:24:09.031,ACE/USDT:USDT,0.5776,114.9,0.5775,252.97,0.578,112.38,0.5781,211.76
1753547049181,16:24:09.181,ACE/USDT:USDT,0.5776,114.9,0.5775,252.97,0.578,112.38,0.5781,211.76
1753547049331,16:24:09.331,ACE/USDT:USDT,0.5776,114.9,0.5775,252.97,0.578,112.38,0.5781,211.76
1753547049481,16:24:09.481,ACE/USDT:USDT,0.5776,114.9,0.5775,252.97,0.578,112.38,0.5781,211.76
1753547049631,16:24:09.631,ACE/USDT:USDT,0.5776,114.9,0.5775,252.97,0.578,112.38,0.5781,211.76
1753547049781,16:24:09.781,ACE/USDT:USDT,0.5776,114.9,0.5775,252.97,0.578,112.38,0.5781,211.76
1753547049931,16:24:09.931,ACE/USDT:USDT,0.5776,114.9,0.5775,252.97,0.578,112.38,0.5781,211.76
1753547050081,16:24:10.081,ACE/USDT:USDT,0.5776,114.9,0.5775,114.93,0.578,112.38,0.5781,211.76
1753547050232,16:24:10.232,ACE/USDT:USDT,0.5775,114.93,0.5774,396.91,0.578,112.38,0.5781,211.76
1753547050382,16:24:10.382,ACE/USDT:USDT,0.5775,114.93,0.5774,396.91,0.578,112.38,0.5781,211.76
1753547050532,16:24:10.532,ACE/USDT:USDT,0.5775,114.93,0.5774,396.91,0.578,112.38,0.5781,211.76
1753547050682,16:24:10.682,ACE/USDT:USDT,0.5775,252.97,0.5774,396.91,0.5781,211.76,0.5782,213.7
1753547050832,16:24:10.832,ACE/USDT:USDT,0.5776,109.77,0.5775,252.97,0.5781,211.76,0.5782,213.7
1753547050982,16:24:10.982,ACE/USDT:USDT,0.5776,109.77,0.5775,252.97,0.5781,211.76,0.5782,213.7
1753547051132,16:24:11.132,ACE/USDT:USDT,0.5776,109.77,0.5775,252.97,0.5781,211.76,0.5782,213.7
1753547051282,16:24:11.282,ACE/USDT:USDT,0.5776,109.77,0.5775,252.97,0.5781,211.76,0.5782,213.7
1753547051582,16:24:11.582,ACE/USDT:USDT,0.5776,180.64,0.5775,114.93,0.5781,211.76,0.5782,254.63
1753547051732,16:24:11.732,ACE/USDT:USDT,0.5777,109.77,0.5776,180.64,0.5781,211.76,0.5782,254.63
1753547051883,16:24:11.883,ACE/USDT:USDT,0.5777,109.77,0.5776,180.64,0.5781,211.76,0.5782,254.63
1753547052033,16:24:12.033,ACE/USDT:USDT,0.5777,109.77,0.5776,180.64,0.5781,211.76,0.5782,254.63
1753547052183,16:24:12.183,ACE/USDT:USDT,0.5777,109.77,0.5776,180.64,0.5781,211.76,0.5782,254.63
1753547052333,16:24:12.333,ACE/USDT:USDT,0.5777,109.77,0.5776,180.64,0.5781,211.76,0.5782,254.63
1753547052483,16:24:12.483,ACE/USDT:USDT,0.5777,109.77,0.5776,180.64,0.5781,211.76,0.5782,254.63
1753547052633,16:24:12.633,ACE/USDT:USDT,0.5777,109.77,0.5776,180.64,0.5781,211.76,0.5782,254.63
1753547052783,16:24:12.783,ACE/USDT:USDT,0.5777,109.77,0.5775,114.93,0.5781,211.76,0.5782,254.63
1753547052933,16:24:12.933,ACE/USDT:USDT,0.5775,114.93,0.5774,394.13,0.5781,211.76,0.5782,254.63
1753547053083,16:24:13.083,ACE/USDT:USDT,0.5775,114.93,0.5774,394.13,0.5781,211.76,0.5782,254.63
1753547053233,16:24:13.233,ACE/USDT:USDT,0.5775,114.93,0.5774,394.13,0.5781,211.76,0.5782,254.63
1753547053383,16:24:13.383,ACE/USDT:USDT,0.5775,114.93,0.5774,394.13,0.578,109.77,0.5781,211.76
1753547053534,16:24:13.534,ACE/USDT:USDT,0.5775,114.93,0.5774,394.13,0.578,109.77,0.5781,211.76
1753547053684,16:24:13.684,ACE/USDT:USDT,0.5775,114.93,0.5774,394.13,0.578,109.77,0.5781,211.76
1753547053834,16:24:13.834,ACE/USDT:USDT,0.5775,114.93,0.5774,394.13,0.578,109.77,0.5781,211.76
1753547053984,16:24:13.984,ACE/USDT:USDT,0.5775,114.93,0.5774,394.13,0.578,109.77,0.5781,211.76
1753547054134,16:24:14.134,ACE/USDT:USDT,0.5775,114.93,0.5774,394.13,0.578,109.77,0.5781,211.76
1753547054284,16:24:14.284,ACE/USDT:USDT,0.5775,114.93,0.5774,394.13,0.578,109.77,0.5781,211.76
1753547054434,16:24:14.434,ACE/USDT:USDT,0.5775,114.93,0.5774,394.13,0.578,109.77,0.5781,211.76
1753547054584,16:24:14.584,ACE/USDT:USDT,0.5775,114.93,0.5774,394.13,0.578,109.77,0.5781,211.76
1753547054734,16:24:14.734,ACE/USDT:USDT,0.5775,114.93,0.5774,394.13,0.578,109.77,0.5781,211.76
1753547054884,16:24:14.884,ACE/USDT:USDT,0.5775,114.93,0.5774,394.13,0.578,109.77,0.5781,211.76
1753547055035,16:24:15.035,ACE/USDT:USDT,0.5775,114.93,0.5774,394.13,0.578,109.77,0.5781,211.76
1753547055185,16:24:15.185,ACE/USDT:USDT,0.5775,114.93,0.5774,394.13,0.578,109.77,0.5781,211.76
1753547055335,16:24:15.335,ACE/USDT:USDT,0.5775,114.93,0.5774,394.13,0.578,109.77,0.5781,211.76
1753547055485,16:24:15.485,ACE/USDT:USDT,0.5775,226.31,0.5774,394.13,0.578,109.77,0.5781,211.76
1753547055635,16:24:15.635,ACE/USDT:USDT,0.5776,109.77,0.5775,226.31,0.578,109.77,0.5781,211.76
1753547055785,16:24:15.785,ACE/USDT:USDT,0.5776,109.77,0.5775,226.31,0.578,109.77,0.5781,211.76
1753547055935,16:24:15.935,ACE/USDT:USDT,0.5776,109.77,0.5775,226.31,0.578,109.77,0.5781,211.76
1753547056085,16:24:16.085,ACE/USDT:USDT,0.5776,109.77,0.5775,226.31,0.578,109.77,0.5781,211.76
1753547056235,16:24:16.235,ACE/USDT:USDT,0.5776,109.77,0.5775,114.93,0.578,109.77,0.5781,211.76
1753547056385,16:24:16.385,ACE/USDT:USDT,0.5775,114.93,0.5774,441.01,0.578,109.77,0.5781,211.76
1753547056535,16:24:16.535,ACE/USDT:USDT,0.5775,114.93,0.5774,441.01,0.578,109.77,0.5781,211.76
1753547056686,16:24:16.686,ACE/USDT:USDT,0.5775,114.93,0.5774,441.01,0.578,109.77,0.5781,211.76
1753547056836,16:24:16.836,ACE/USDT:USDT,0.5775,382.55,0.5774,441.01,0.578,109.77,0.5781,211.76
1753547056986,16:24:16.986,ACE/USDT:USDT,0.5776,109.77,0.5775,382.55,0.578,109.77,0.5781,211.76
1753547057136,16:24:17.136,ACE/USDT:USDT,0.5776,109.77,0.5775,382.55,0.578,109.77,0.5781,211.76
1753547057286,16:24:17.286,ACE/USDT:USDT,0.5776,109.77,0.5775,382.55,0.578,109.77,0.5781,211.76
1753547057436,16:24:17.436,ACE/USDT:USDT,0.5776,109.77,0.5775,382.55,0.578,109.77,0.5781,211.76
1753547057586,16:24:17.586,ACE/USDT:USDT,0.5776,109.77,0.5775,382.55,0.578,109.77,0.5781,211.76
1753547057736,16:24:17.736,ACE/USDT:USDT,0.5776,109.77,0.5775,382.55,0.578,109.77,0.5781,211.76
1753547057886,16:24:17.886,ACE/USDT:USDT,0.5776,109.77,0.5775,382.55,0.578,109.77,0.5781,211.76
1753547058036,16:24:18.036,ACE/USDT:USDT,0.5776,109.77,0.5775,382.55,0.578,109.77,0.5781,211.76
1753547058186,16:24:18.186,ACE/USDT:USDT,0.5776,109.77,0.5775,114.93,0.578,109.77,0.5781,211.76
1753547058337,16:24:18.337,ACE/USDT:USDT,0.5775,114.93,0.5774,461.78,0.578,109.77,0.5781,211.76
1753547058487,16:24:18.487,ACE/USDT:USDT,0.5775,114.93,0.5774,461.78,0.578,109.77,0.5781,211.76
1753547058637,16:24:18.637,ACE/USDT:USDT,0.5775,114.93,0.5774,461.78,0.578,109.77,0.5781,211.76
1753547058787,16:24:18.787,ACE/USDT:USDT,0.5775,114.93,0.5774,461.78,0.578,109.77,0.5781,211.76
1753547058937,16:24:18.937,ACE/USDT:USDT,0.5775,114.93,0.5774,461.78,0.578,109.77,0.5781,211.76
1753547059087,16:24:19.087,ACE/USDT:USDT,0.5775,114.93,0.5774,461.78,0.578,109.77,0.5781,211.76
1753547059237,16:24:19.237,ACE/USDT:USDT,0.5775,295.55,0.5774,461.78,0.578,109.77,0.5781,211.76
1753547059387,16:24:19.387,ACE/USDT:USDT,0.5776,113.42,0.5775,295.55,0.578,109.77,0.5781,211.76
1753547059537,16:24:19.537,ACE/USDT:USDT,0.5776,113.42,0.5775,295.55,0.5781,211.76,0.5782,213.7
1753547059687,16:24:19.687,ACE/USDT:USDT,0.5776,113.42,0.5775,295.55,0.5781,211.76,0.5782,213.7
1753547059837,16:24:19.837,ACE/USDT:USDT,0.5776,113.42,0.5775,114.93,0.5781,211.76,0.5782,213.7
1753547059988,16:24:19.988,ACE/USDT:USDT,0.5776,32.52,0.5775,114.93,0.5781,211.76,0.5782,213.7
1753547060138,16:24:20.138,ACE/USDT:USDT,0.5776,32.52,0.5775,114.93,0.5781,211.76,0.5782,213.7
1753547060288,16:24:20.288,ACE/USDT:USDT,0.5777,152.71,0.5776,377.16,0.5781,211.76,0.5782,213.7
1753547060438,16:24:20.438,ACE/USDT:USDT,0.5778,113.42,0.5777,152.71,0.5781,211.76,0.5782,213.7
1753547060588,16:24:20.588,ACE/USDT:USDT,0.5778,113.42,0.5777,152.71,0.5781,211.76,0.5782,213.7
1753547060738,16:24:20.738,ACE/USDT:USDT,0.5778,113.42,0.5777,152.71,0.5781,211.76,0.5782,213.7
1753547060888,16:24:20.888,ACE/USDT:USDT,0.5778,113.42,0.5777,152.71,0.5781,211.76,0.5782,213.7
1753547061038,16:24:21.038,ACE/USDT:USDT,0.5778,113.42,0.5777,152.71,0.5781,211.76,0.5782,213.7
1753547061188,16:24:21.188,ACE/USDT:USDT,0.5778,113.42,0.5777,152.71,0.5781,211.76,0.5782,213.7
1753547061338,16:24:21.338,ACE/USDT:USDT,0.5778,113.42,0.5777,152.71,0.5781,211.76,0.5782,213.7
1753547061488,16:24:21.488,ACE/USDT:USDT,0.5778,113.42,0.5777,152.71,0.5781,211.76,0.5782,213.7
1753547061789,16:24:21.789,ACE/USDT:USDT,0.5778,113.42,0.5777,152.71,0.5781,211.76,0.5782,213.7
1753547061939,16:24:21.939,ACE/USDT:USDT,0.5778,113.42,0.5777,152.71,0.5781,211.76,0.5782,213.7
1753547062089,16:24:22.089,ACE/USDT:USDT,0.5778,113.42,0.5777,152.71,0.5781,211.76,0.5782,213.7
1753547062239,16:24:22.239,ACE/USDT:USDT,0.5778,113.42,0.5777,152.71,0.5781,211.76,0.5782,213.7
1753547062389,16:24:22.389,ACE/USDT:USDT,0.5778,113.42,0.5777,152.71,0.5781,211.76,0.5782,213.7
1753547062539,16:24:22.539,ACE/USDT:USDT,0.5778,113.42,0.5777,152.71,0.5781,211.76,0.5782,213.7
1753547062689,16:24:22.689,ACE/USDT:USDT,0.5778,113.42,0.5777,152.71,0.5781,211.76,0.5782,213.7
1753547062839,16:24:22.839,ACE/USDT:USDT,0.5778,113.42,0.5777,152.71,0.5781,211.76,0.5782,213.7
1753547062989,16:24:22.989,ACE/USDT:USDT,0.5778,113.42,0.5777,152.71,0.5781,211.76,0.5782,213.7
1753547063140,16:24:23.140,ACE/USDT:USDT,0.5778,113.42,0.5777,152.71,0.5781,211.76,0.5782,213.7
1753547063290,16:24:23.290,ACE/USDT:USDT,0.5778,113.42,0.5777,152.71,0.5781,211.76,0.5782,213.7
1753547063440,16:24:23.440,ACE/USDT:USDT,0.5778,113.42,0.5777,152.71,0.5781,211.76,0.5782,213.7
1753547063590,16:24:23.590,ACE/USDT:USDT,0.5778,113.42,0.5777,152.71,0.5781,211.76,0.5782,213.7
1753547063740,16:24:23.740,ACE/USDT:USDT,0.5778,113.42,0.5777,152.71,0.5781,211.76,0.5782,213.7
1753547063890,16:24:23.890,ACE/USDT:USDT,0.5778,113.42,0.5777,152.71,0.5781,211.76,0.5782,213.7
1753547064040,16:24:24.040,ACE/USDT:USDT,0.5778,113.42,0.5777,152.71,0.5781,211.76,0.5782,213.7
1753547064190,16:24:24.190,ACE/USDT:USDT,0.5778,113.42,0.5777,152.71,0.5781,211.76,0.5782,213.7
1753547064340,16:24:24.340,ACE/USDT:USDT,0.5778,113.42,0.5777,152.71,0.5781,211.76,0.5782,213.7
1753547064490,16:24:24.490,ACE/USDT:USDT,0.5778,113.42,0.5777,152.71,0.5781,211.76,0.5782,213.7
1753547064640,16:24:24.640,ACE/USDT:USDT,0.5778,113.42,0.5777,152.71,0.5781,211.76,0.5782,213.7
1753547064791,16:24:24.791,ACE/USDT:USDT,0.5778,113.42,0.5777,152.71,0.5781,211.76,0.5782,213.7
1753547064941,16:24:24.941,ACE/USDT:USDT,0.5778,113.42,0.5777,152.71,0.5781,211.76,0.5782,213.7
1753547065091,16:24:25.091,ACE/USDT:USDT,0.5778,113.42,0.5777,152.71,0.5781,211.76,0.5782,213.7
1753547065241,16:24:25.241,ACE/USDT:USDT,0.5778,113.42,0.5777,152.71,0.5781,211.76,0.5782,213.7
1753547065391,16:24:25.391,ACE/USDT:USDT,0.5778,113.42,0.5777,152.71,0.5781,211.76,0.5782,213.7
1753547065541,16:24:25.541,ACE/USDT:USDT,0.5778,113.42,0.5777,152.71,0.5781,211.76,0.5782,213.7
1753547065691,16:24:25.691,ACE/USDT:USDT,0.5778,113.42,0.5777,152.71,0.578,113.42,0.5781,211.76
1753547065991,16:24:25.991,ACE/USDT:USDT,0.5778,113.42,0.5777,152.71,0.578,113.42,0.5781,211.76
1753547066141,16:24:26.141,ACE/USDT:USDT,0.5778,113.42,0.5777,152.71,0.578,113.42,0.5781,211.76
1753547066292,16:24:26.292,ACE/USDT:USDT,0.5778,113.42,0.5777,152.71,0.578,113.42,0.5781,211.76
1753547066442,16:24:26.442,ACE/USDT:USDT,0.5778,113.42,0.5777,152.71,0.578,113.42,0.5781,211.76
1753547066592,16:24:26.592,ACE/USDT:USDT,0.5778,113.42,0.5777,152.71,0.578,113.42,0.5781,211.76
1753547066742,16:24:26.742,ACE/USDT:USDT,0.5778,113.42,0.5777,113.42,0.578,113.42,0.5781,211.76
1753547066892,16:24:26.892,ACE/USDT:USDT,0.5777,113.42,0.5775,369.18,0.578,113.42,0.5781,211.76
1753547067042,16:24:27.042,ACE/USDT:USDT,0.5777,113.42,0.5775,369.18,0.578,113.42,0.5781,211.76
1753547067192,16:24:27.192,ACE/USDT:USDT,0.5777,113.42,0.5775,369.18,0.578,113.42,0.5781,211.76
1753547067342,16:24:27.342,ACE/USDT:USDT,0.5777,113.42,0.5775,369.18,0.578,113.42,0.5781,211.76
1753547067642,16:24:27.642,ACE/USDT:USDT,0.5777,113.42,0.5775,369.18,0.578,113.42,0.5781,211.76
1753547067792,16:24:27.792,ACE/USDT:USDT,0.5777,113.42,0.5775,369.18,0.578,113.42,0.5781,211.76
1753547067943,16:24:27.943,ACE/USDT:USDT,0.5777,113.42,0.5776,710.4,0.578,113.42,0.5781,211.76
1753547068093,16:24:28.093,ACE/USDT:USDT,0.5777,113.42,0.5776,710.4,0.578,113.42,0.5781,211.76
1753547068243,16:24:28.243,ACE/USDT:USDT,0.5777,113.42,0.5776,710.4,0.578,113.42,0.5781,211.76
1753547068393,16:24:28.393,ACE/USDT:USDT,0.5777,113.42,0.5776,710.4,0.578,113.42,0.5781,211.76
1753547068543,16:24:28.543,ACE/USDT:USDT,0.5777,113.42,0.5776,710.4,0.578,113.42,0.5781,211.76
1753547068693,16:24:28.693,ACE/USDT:USDT,0.5777,113.42,0.5776,710.4,0.578,113.42,0.5781,211.76
1753547068993,16:24:28.993,ACE/USDT:USDT,0.5777,113.42,0.5776,710.4,0.5781,211.76,0.5782,213.7
1753547069143,16:24:29.143,ACE/USDT:USDT,0.5777,113.42,0.5776,710.4,0.5781,211.76,0.5782,213.7
1753547069293,16:24:29.293,ACE/USDT:USDT,0.5777,391.42,0.5776,710.4,0.5781,211.76,0.5782,213.7
1753547069444,16:24:29.444,ACE/USDT:USDT,0.5778,109.92,0.5777,391.42,0.5781,211.76,0.5782,213.7
1753547069594,16:24:29.594,ACE/USDT:USDT,0.5778,109.92,0.5777,391.42,0.5781,211.76,0.5782,213.7
1753547069744,16:24:29.744,ACE/USDT:USDT,0.5778,109.92,0.5777,391.42,0.5781,211.76,0.5782,213.7
1753547069894,16:24:29.894,ACE/USDT:USDT,0.5778,109.92,0.5777,391.42,0.5781,211.76,0.5782,213.7
1753547070044,16:24:30.044,ACE/USDT:USDT,0.5778,109.92,0.5777,391.42,0.5781,211.76,0.5782,213.7
1753547070344,16:24:30.344,ACE/USDT:USDT,0.5778,109.92,0.5777,391.42,0.5781,211.76,0.5782,213.7
1753547070494,16:24:30.494,ACE/USDT:USDT,0.5778,109.92,0.5777,391.42,0.5781,211.76,0.5782,254.65
1753547070644,16:24:30.644,ACE/USDT:USDT,0.5778,109.92,0.5777,391.42,0.5781,211.76,0.5782,254.65
1753547070794,16:24:30.794,ACE/USDT:USDT,0.5778,109.92,0.5777,391.42,0.5781,211.76,0.5782,254.65
1753547070944,16:24:30.944,ACE/USDT:USDT,0.5778,109.92,0.5777,391.42,0.5781,211.76,0.5782,254.65
1753547071095,16:24:31.095,ACE/USDT:USDT,0.5778,109.92,0.5777,391.42,0.5781,211.76,0.5782,254.65
1753547071245,16:24:31.245,ACE/USDT:USDT,0.5778,109.92,0.5777,391.42,0.5781,211.76,0.5782,254.65
1753547071395,16:24:31.395,ACE/USDT:USDT,0.5778,109.92,0.5777,391.42,0.5781,211.76,0.5782,254.65
1753547071545,16:24:31.545,ACE/USDT:USDT,0.5778,196.44,0.5777,391.42,0.5781,211.76,0.5782,254.65
1753547071695,16:24:31.695,ACE/USDT:USDT,0.5779,109.92,0.5778,196.44,0.5781,211.76,0.5782,254.65
1753547071845,16:24:31.845,ACE/USDT:USDT,0.5779,109.92,0.5778,196.44,0.5781,100.0,0.5782,254.65
1753547071995,16:24:31.995,ACE/USDT:USDT,0.5779,109.92,0.5778,196.43,0.5781,100.0,0.5782,254.65
1753547072145,16:24:32.145,ACE/USDT:USDT,0.5779,109.92,0.5778,196.43,0.5781,100.0,0.5782,254.65
1753547072295,16:24:32.295,ACE/USDT:USDT,0.5779,109.92,0.5778,196.43,0.5781,100.0,0.5782,254.65
1753547072445,16:24:32.445,ACE/USDT:USDT,0.5779,109.92,0.5778,196.43,0.5781,100.0,0.5782,254.65
1753547072746,16:24:32.746,ACE/USDT:USDT,0.5779,109.92,0.5778,196.43,0.5781,100.0,0.5782,254.65
1753547072896,16:24:32.896,ACE/USDT:USDT,0.5779,109.92,0.5778,196.43,0.5781,100.0,0.5782,254.65
1753547073046,16:24:33.046,ACE/USDT:USDT,0.5779,109.92,0.5778,196.43,0.5781,100.0,0.5782,254.65
1753547073196,16:24:33.196,ACE/USDT:USDT,0.5779,109.92,0.5778,196.43,0.5782,254.65,0.5783,210.03
1753547073346,16:24:33.346,ACE/USDT:USDT,0.5779,148.58,0.5778,239.66,0.5783,100.0,0.5784,209.93
1753547073496,16:24:33.496,ACE/USDT:USDT,0.578,109.92,0.5779,251.17,0.5784,209.93,0.5785,211.76
1753547073646,16:24:33.646,ACE/USDT:USDT,0.5781,709.56,0.578,411.89,0.5784,100.0,0.5785,211.76
1753547073796,16:24:33.796,ACE/USDT:USDT,0.5782,322.79,0.5781,709.56,0.5784,100.0,0.5785,211.76
1753547073946,16:24:33.946,ACE/USDT:USDT,0.5783,109.92,0.5782,322.79,0.5784,100.0,0.5785,100.0
1753547074096,16:24:34.096,ACE/USDT:USDT,0.5783,109.92,0.5782,236.32,0.5784,100.0,0.5785,209.92
1753547074246,16:24:34.246,ACE/USDT:USDT,0.5783,109.92,0.5782,236.32,0.5784,100.0,0.5785,209.92
1753547074397,16:24:34.397,ACE/USDT:USDT,0.5783,109.92,0.5782,236.32,0.5784,100.0,0.5785,209.92
1753547074547,16:24:34.547,ACE/USDT:USDT,0.5783,109.92,0.5782,236.32,0.5784,100.0,0.5785,209.92
1753547074697,16:24:34.697,ACE/USDT:USDT,0.5783,109.92,0.5782,236.32,0.5784,100.0,0.5785,209.92
1753547074847,16:24:34.847,ACE/USDT:USDT,0.5783,109.92,0.5782,109.92,0.5784,100.0,0.5785,209.92
1753547074997,16:24:34.997,ACE/USDT:USDT,0.5782,109.92,0.5781,240.66,0.5785,209.92,0.5786,252.81
1753547075147,16:24:35.147,ACE/USDT:USDT,0.5782,109.92,0.5781,240.66,0.5785,209.92,0.5786,252.81
1753547075297,16:24:35.297,ACE/USDT:USDT,0.5782,109.92,0.5781,240.66,0.5785,209.92,0.5786,252.81
1753547075447,16:24:35.447,ACE/USDT:USDT,0.5782,345.26,0.5781,240.66,0.5785,209.92,0.5786,252.81
1753547075597,16:24:35.597,ACE/USDT:USDT,0.5783,109.92,0.5782,109.92,0.5786,252.81,0.5787,212.98
1753547075747,16:24:35.747,ACE/USDT:USDT,0.5782,283.57,0.5781,709.56,0.5786,252.81,0.5787,212.98
1753547075898,16:24:35.898,ACE/USDT:USDT,0.5783,109.92,0.5782,283.57,0.5786,252.81,0.5787,212.98
1753547076048,16:24:36.048,ACE/USDT:USDT,0.5783,109.92,0.5782,283.57,0.5786,252.81,0.5787,212.98
1753547076198,16:24:36.198,ACE/USDT:USDT,0.5783,109.92,0.5782,283.57,0.5786,252.81,0.5787,212.98
1753547076348,16:24:36.348,ACE/USDT:USDT,0.5783,109.92,0.5782,283.57,0.5786,252.81,0.5787,212.98
1753547076498,16:24:36.498,ACE/USDT:USDT,0.5783,109.92,0.5782,283.57,0.5785,109.92,0.5786,252.81
1753547076648,16:24:36.648,ACE/USDT:USDT,0.5783,109.92,0.5782,324.52,0.5785,109.92,0.5786,252.81
1753547076798,16:24:36.798,ACE/USDT:USDT,0.5783,109.92,0.5782,324.52,0.5785,109.92,0.5786,252.81
1753547076948,16:24:36.948,ACE/USDT:USDT,0.5783,109.92,0.5782,324.52,0.5785,109.92,0.5786,252.81
1753547077098,16:24:37.098,ACE/USDT:USDT,0.5783,109.92,0.5782,324.52,0.5786,252.81,0.5787,212.98
1753547077248,16:24:37.248,ACE/USDT:USDT,0.5783,109.92,0.5782,324.52,0.5786,252.81,0.5787,212.98
1753547077398,16:24:37.398,ACE/USDT:USDT,0.5783,109.92,0.5782,324.52,0.5786,252.81,0.5787,212.98
1753547077549,16:24:37.549,ACE/USDT:USDT,0.5783,109.92,0.5782,324.52,0.5786,252.81,0.5787,212.98
1753547077699,16:24:37.699,ACE/USDT:USDT,0.5783,109.92,0.5782,324.52,0.5786,252.81,0.5787,212.98
1753547077849,16:24:37.849,ACE/USDT:USDT,0.5783,109.92,0.5782,324.52,0.5786,252.81,0.5787,212.98
1753547077999,16:24:37.999,ACE/USDT:USDT,0.5783,109.92,0.5782,324.52,0.5786,252.81,0.5787,212.98
1753547078149,16:24:38.149,ACE/USDT:USDT,0.5783,109.92,0.5782,324.52,0.5786,252.81,0.5787,212.98
1753547078299,16:24:38.299,ACE/USDT:USDT,0.5783,109.92,0.5782,324.52,0.5786,252.81,0.5787,212.98
1753547078449,16:24:38.449,ACE/USDT:USDT,0.5783,109.92,0.5782,324.52,0.5786,252.81,0.5787,212.98
1753547078599,16:24:38.599,ACE/USDT:USDT,0.5783,109.92,0.5782,324.52,0.5786,252.81,0.5787,212.98
1753547078749,16:24:38.749,ACE/USDT:USDT,0.5783,109.92,0.5782,324.52,0.5786,252.81,0.5787,212.98
1753547078899,16:24:38.899,ACE/USDT:USDT,0.5783,109.92,0.5782,324.52,0.5786,252.81,0.5787,212.98
1753547079050,16:24:39.050,ACE/USDT:USDT,0.5783,109.92,0.5782,324.52,0.5786,252.81,0.5787,212.98
1753547079200,16:24:39.200,ACE/USDT:USDT,0.5783,109.92,0.5782,324.52,0.5786,252.81,0.5787,212.98
1753547079350,16:24:39.350,ACE/USDT:USDT,0.5783,109.92,0.5782,324.52,0.5786,252.81,0.5787,212.98
1753547079500,16:24:39.500,ACE/USDT:USDT,0.5783,109.92,0.5782,324.52,0.5786,252.81,0.5787,212.98
1753547079800,16:24:39.800,ACE/USDT:USDT,0.5783,109.92,0.5782,324.52,0.5786,252.81,0.5787,212.98
1753547080100,16:24:40.100,ACE/USDT:USDT,0.5783,109.92,0.5782,324.52,0.5786,252.81,0.5787,212.98
1753547080250,16:24:40.250,ACE/USDT:USDT,0.5783,109.92,0.5782,324.52,0.5786,252.81,0.5787,212.98
1753547080400,16:24:40.400,ACE/USDT:USDT,0.5783,109.92,0.5782,324.52,0.5786,252.81,0.5787,212.98
1753547080550,16:24:40.550,ACE/USDT:USDT,0.5783,109.92,0.5782,324.52,0.5786,252.81,0.5787,212.98
1753547080701,16:24:40.701,ACE/USDT:USDT,0.5783,109.92,0.5782,324.52,0.5786,252.81,0.5787,212.98
1753547080851,16:24:40.851,ACE/USDT:USDT,0.5783,109.92,0.5782,324.52,0.5786,252.81,0.5787,212.98
1753547081001,16:24:41.001,ACE/USDT:USDT,0.5783,109.92,0.5782,324.52,0.5786,252.81,0.5787,212.98
1753547081151,16:24:41.151,ACE/USDT:USDT,0.5783,109.92,0.5782,324.52,0.5786,252.81,0.5787,212.98
1753547081301,16:24:41.301,ACE/USDT:USDT,0.5783,109.92,0.5782,324.52,0.5786,252.81,0.5787,212.98
1753547081451,16:24:41.451,ACE/USDT:USDT,0.5783,109.92,0.5782,324.52,0.5786,252.81,0.5787,212.98
1753547081601,16:24:41.601,ACE/USDT:USDT,0.5783,109.92,0.5782,324.52,0.5786,252.81,0.5787,212.98
1753547081751,16:24:41.751,ACE/USDT:USDT,0.5783,109.92,0.5782,324.52,0.5786,252.81,0.5787,212.98
1753547082051,16:24:42.051,ACE/USDT:USDT,0.5783,109.92,0.5782,324.52,0.5786,252.81,0.5787,212.98
1753547082201,16:24:42.201,ACE/USDT:USDT,0.5783,109.92,0.5782,324.52,0.5786,252.81,0.5787,212.98
1753547082352,16:24:42.352,ACE/USDT:USDT,0.5783,109.92,0.5782,324.52,0.5786,252.81,0.5787,212.98
1753547082502,16:24:42.502,ACE/USDT:USDT,0.5783,109.92,0.5782,324.52,0.5786,252.81,0.5787,212.98
1753547082652,16:24:42.652,ACE/USDT:USDT,0.5783,109.92,0.5782,324.52,0.5786,252.81,0.5787,212.98
1753547082802,16:24:42.802,ACE/USDT:USDT,0.5783,109.92,0.5782,324.52,0.5786,252.81,0.5787,212.98
1753547082952,16:24:42.952,ACE/USDT:USDT,0.5783,109.92,0.5782,324.52,0.5786,252.81,0.5787,212.98
1753547083102,16:24:43.102,ACE/USDT:USDT,0.5783,109.92,0.5782,324.52,0.5786,252.81,0.5787,212.98
1753547083252,16:24:43.252,ACE/USDT:USDT,0.5783,109.92,0.5782,324.52,0.5786,252.81,0.5787,212.98
1753547083402,16:24:43.402,ACE/USDT:USDT,0.5783,109.92,0.5782,324.52,0.5786,252.81,0.5787,212.98
1753547083552,16:24:43.552,ACE/USDT:USDT,0.5783,109.92,0.5782,324.52,0.5786,211.86,0.5787,212.98
1753547083702,16:24:43.702,ACE/USDT:USDT,0.5783,109.92,0.5782,324.52,0.5786,100.0,0.5787,212.98
1753547083852,16:24:43.852,ACE/USDT:USDT,0.5783,109.92,0.5782,324.52,0.5786,100.0,0.5787,212.98
1753547084003,16:24:44.003,ACE/USDT:USDT,0.5783,109.92,0.5782,324.52,0.5786,100.0,0.5787,212.98
1753547084153,16:24:44.153,ACE/USDT:USDT,0.5783,109.92,0.5782,324.52,0.5786,100.0,0.5787,212.98
1753547084303,16:24:44.303,ACE/USDT:USDT,0.5783,109.92,0.5782,324.52,0.5786,100.0,0.5787,212.98
1753547084453,16:24:44.453,ACE/USDT:USDT,0.5783,109.92,0.5782,324.52,0.5786,100.0,0.5787,212.98
1753547084603,16:24:44.603,ACE/USDT:USDT,0.5783,109.92,0.5782,324.52,0.5786,100.0,0.5787,212.98
1753547084753,16:24:44.753,ACE/USDT:USDT,0.5783,109.92,0.5782,324.52,0.5786,100.0,0.5787,212.98
1753547084903,16:24:44.903,ACE/USDT:USDT,0.5783,109.92,0.5782,324.52,0.5786,100.0,0.5787,212.98
1753547085053,16:24:45.053,ACE/USDT:USDT,0.5783,109.92,0.5782,324.52,0.5786,100.0,0.5787,212.98
1753547085203,16:24:45.203,ACE/USDT:USDT,0.5783,109.92,0.5782,324.52,0.5786,100.0,0.5787,212.98
1753547085353,16:24:45.353,ACE/USDT:USDT,0.5783,109.92,0.5782,324.52,0.5786,100.0,0.5787,212.98
1753547085504,16:24:45.504,ACE/USDT:USDT,0.5783,109.92,0.5782,324.52,0.5786,100.0,0.5787,212.98
1753547085654,16:24:45.654,ACE/USDT:USDT,0.5783,109.92,0.5782,324.52,0.5786,100.0,0.5787,212.98
1753547085804,16:24:45.804,ACE/USDT:USDT,0.5783,109.92,0.5782,324.52,0.5786,100.0,0.5787,212.98
1753547085954,16:24:45.954,ACE/USDT:USDT,0.5783,109.92,0.5782,324.52,0.5786,100.0,0.5787,212.98
1753547086104,16:24:46.104,ACE/USDT:USDT,0.5783,109.92,0.5782,324.52,0.5786,100.0,0.5787,212.98
1753547086254,16:24:46.254,ACE/USDT:USDT,0.5783,109.92,0.5782,324.52,0.5786,100.0,0.5787,212.98
1753547086404,16:24:46.404,ACE/USDT:USDT,0.5783,109.92,0.5782,324.52,0.5786,100.0,0.5787,212.98
1753547086554,16:24:46.554,ACE/USDT:USDT,0.5783,109.92,0.5782,324.52,0.5786,213.33,0.5787,212.98
1753547086704,16:24:46.704,ACE/USDT:USDT,0.5783,109.92,0.5782,324.52,0.5786,213.33,0.5787,212.98
1753547086854,16:24:46.854,ACE/USDT:USDT,0.5783,109.92,0.5782,150.87,0.5786,213.33,0.5787,212.98
1753547087004,16:24:47.004,ACE/USDT:USDT,0.5783,109.92,0.5782,150.87,0.5786,213.33,0.5787,212.98
1753547087155,16:24:47.155,ACE/USDT:USDT,0.5783,109.92,0.5782,150.87,0.5786,213.33,0.5787,212.98
1753547087305,16:24:47.305,ACE/USDT:USDT,0.5783,109.92,0.5782,150.87,0.5786,213.33,0.5787,212.98
1753547087455,16:24:47.455,ACE/USDT:USDT,0.5783,109.92,0.5782,150.87,0.5786,213.33,0.5787,212.98
1753547087605,16:24:47.605,ACE/USDT:USDT,0.5783,109.92,0.5782,150.87,0.5786,213.33,0.5787,212.98
1753547087755,16:24:47.755,ACE/USDT:USDT,0.5783,109.92,0.5782,150.87,0.5786,213.33,0.5787,212.98
1753547087905,16:24:47.905,ACE/USDT:USDT,0.5783,109.92,0.5782,150.87,0.5785,115.0,0.5786,213.33
1753547088055,16:24:48.055,ACE/USDT:USDT,0.5783,109.92,0.5782,150.87,0.5785,115.0,0.5786,213.33
1753547088205,16:24:48.205,ACE/USDT:USDT,0.5783,109.92,0.5782,150.87,0.5785,115.0,0.5786,213.33
1753547088355,16:24:48.355,ACE/USDT:USDT,0.5783,109.92,0.5782,150.87,0.5785,115.0,0.5786,213.33
1753547088505,16:24:48.505,ACE/USDT:USDT,0.5783,109.92,0.5782,150.87,0.5786,213.33,0.5787,212.98
1753547088655,16:24:48.655,ACE/USDT:USDT,0.5783,109.92,0.5782,150.87,0.5786,213.33,0.5787,212.98
1753547088806,16:24:48.806,ACE/USDT:USDT,0.5783,109.92,0.5782,150.87,0.5786,213.33,0.5787,212.98
1753547088956,16:24:48.956,ACE/USDT:USDT,0.5783,109.92,0.5782,150.87,0.5786,213.33,0.5787,212.98
1753547089106,16:24:49.106,ACE/USDT:USDT,0.5783,109.92,0.5782,150.87,0.5786,213.33,0.5787,212.98
1753547089256,16:24:49.256,ACE/USDT:USDT,0.5783,109.92,0.5782,150.87,0.5785,115.0,0.5786,213.33
1753547089406,16:24:49.406,ACE/USDT:USDT,0.5783,109.92,0.5782,150.87,0.5785,115.0,0.5786,213.33
1753547089556,16:24:49.556,ACE/USDT:USDT,0.5783,109.92,0.5782,150.87,0.5785,115.0,0.5786,213.33
1753547089706,16:24:49.706,ACE/USDT:USDT,0.5783,109.92,0.5782,150.87,0.5785,115.0,0.5786,213.33
1753547089856,16:24:49.856,ACE/USDT:USDT,0.5783,109.92,0.5782,150.87,0.5785,115.0,0.5786,213.33
1753547090006,16:24:50.006,ACE/USDT:USDT,0.5783,109.92,0.5782,150.87,0.5785,115.0,0.5786,213.33
1753547090156,16:24:50.156,ACE/USDT:USDT,0.5783,109.92,0.5782,150.87,0.5785,115.0,0.5786,213.33
1753547090307,16:24:50.307,ACE/USDT:USDT,0.5783,109.92,0.5782,150.87,0.5785,115.0,0.5786,213.33
1753547090457,16:24:50.457,ACE/USDT:USDT,0.5783,109.92,0.5782,150.87,0.5786,100.0,0.5787,212.98
1753547090607,16:24:50.607,ACE/USDT:USDT,0.5783,109.92,0.5782,150.87,0.5786,215.0,0.5787,212.98
1753547090757,16:24:50.757,ACE/USDT:USDT,0.5783,109.92,0.5782,150.87,0.5786,215.0,0.5787,212.98
1753547090907,16:24:50.907,ACE/USDT:USDT,0.5783,109.92,0.5782,150.87,0.5786,215.0,0.5787,212.98
1753547091057,16:24:51.057,ACE/USDT:USDT,0.5783,109.92,0.5782,150.87,0.5786,215.0,0.5787,212.98
1753547091207,16:24:51.207,ACE/USDT:USDT,0.5783,109.92,0.5782,150.87,0.5786,215.0,0.5787,212.98
1753547091357,16:24:51.357,ACE/USDT:USDT,0.5783,109.92,0.5782,150.87,0.5786,215.0,0.5787,212.98
1753547091507,16:24:51.507,ACE/USDT:USDT,0.5783,109.92,0.5782,150.87,0.5786,215.0,0.5787,212.98
1753547091657,16:24:51.657,ACE/USDT:USDT,0.5783,109.92,0.5782,150.87,0.5786,215.0,0.5787,212.98
1753547091807,16:24:51.807,ACE/USDT:USDT,0.5783,109.92,0.5782,150.87,0.5786,215.0,0.5787,212.98
1753547091958,16:24:51.958,ACE/USDT:USDT,0.5783,109.92,0.5782,150.87,0.5786,215.0,0.5787,212.98
1753547092108,16:24:52.108,ACE/USDT:USDT,0.5783,109.92,0.5782,150.87,0.5786,215.0,0.5787,212.98
1753547092258,16:24:52.258,ACE/USDT:USDT,0.5783,109.92,0.5782,150.87,0.5786,215.0,0.5787,212.98
1753547092408,16:24:52.408,ACE/USDT:USDT,0.5783,109.92,0.5782,150.87,0.5786,215.0,0.5787,212.98
1753547092558,16:24:52.558,ACE/USDT:USDT,0.5783,109.92,0.5782,150.87,0.5786,215.0,0.5787,212.98
1753547092708,16:24:52.708,ACE/USDT:USDT,0.5783,109.92,0.5782,150.87,0.5786,215.0,0.5787,212.98
1753547092858,16:24:52.858,ACE/USDT:USDT,0.5783,109.92,0.5782,150.87,0.5786,215.0,0.5787,212.98
1753547093008,16:24:53.008,ACE/USDT:USDT,0.5783,109.92,0.5782,150.87,0.5786,215.0,0.5787,212.98
1753547093158,16:24:53.158,ACE/USDT:USDT,0.5783,109.92,0.5782,150.87,0.5786,215.0,0.5787,212.98
1753547093308,16:24:53.308,ACE/USDT:USDT,0.5783,109.92,0.5782,150.87,0.5786,215.0,0.5787,212.98
1753547093458,16:24:53.458,ACE/USDT:USDT,0.5783,109.92,0.5782,150.87,0.5786,215.0,0.5787,212.98
1753547093609,16:24:53.609,ACE/USDT:USDT,0.5783,109.92,0.5782,150.87,0.5786,215.0,0.5787,212.98
1753547093759,16:24:53.759,ACE/USDT:USDT,0.5783,109.92,0.5782,150.87,0.5786,215.0,0.5787,212.98
1753547093909,16:24:53.909,ACE/USDT:USDT,0.5783,109.92,0.5782,150.87,0.5786,215.0,0.5787,212.98
1753547094059,16:24:54.059,ACE/USDT:USDT,0.5783,109.92,0.5782,336.91,0.5786,215.0,0.5787,212.98
1753547094209,16:24:54.209,ACE/USDT:USDT,0.5783,196.36,0.5782,250.47,0.5786,215.0,0.5787,212.98
1753547094359,16:24:54.359,ACE/USDT:USDT,0.5784,115.0,0.5783,196.36,0.5786,215.0,0.5787,212.98
1753547094509,16:24:54.509,ACE/USDT:USDT,0.5784,115.0,0.5783,196.36,0.5786,215.0,0.5787,212.98
1753547094659,16:24:54.659,ACE/USDT:USDT,0.5784,115.0,0.5783,196.36,0.5786,215.0,0.5787,212.98
1753547094809,16:24:54.809,ACE/USDT:USDT,0.5784,115.0,0.5783,196.36,0.5786,215.0,0.5787,212.98
1753547094959,16:24:54.959,ACE/USDT:USDT,0.5784,115.0,0.5783,196.36,0.5786,215.0,0.5787,212.98
1753547095109,16:24:55.109,ACE/USDT:USDT,0.5784,115.0,0.5783,196.36,0.5786,215.0,0.5787,212.98
1753547095260,16:24:55.260,ACE/USDT:USDT,0.5784,115.0,0.5783,109.92,0.5786,215.0,0.5787,212.98
1753547095410,16:24:55.410,ACE/USDT:USDT,0.5783,109.92,0.5782,336.91,0.5786,215.0,0.5787,212.98
1753547095560,16:24:55.560,ACE/USDT:USDT,0.5783,109.92,0.5782,336.91,0.5786,215.0,0.5787,212.98
1753547095710,16:24:55.710,ACE/USDT:USDT,0.5783,109.92,0.5782,336.91,0.5786,215.0,0.5787,212.98
1753547095860,16:24:55.860,ACE/USDT:USDT,0.5783,109.92,0.5782,336.91,0.5786,215.0,0.5787,212.98
1753547096010,16:24:56.010,ACE/USDT:USDT,0.5783,109.92,0.5782,336.91,0.5786,215.0,0.5787,212.98
1753547096160,16:24:56.160,ACE/USDT:USDT,0.5783,109.92,0.5782,336.91,0.5786,215.0,0.5787,212.98
1753547096310,16:24:56.310,ACE/USDT:USDT,0.5783,109.92,0.5782,336.91,0.5786,215.0,0.5787,212.98
1753547096460,16:24:56.460,ACE/USDT:USDT,0.5783,109.92,0.5782,336.91,0.5786,215.0,0.5787,212.98
1753547096610,16:24:56.610,ACE/USDT:USDT,0.5783,109.92,0.5782,336.91,0.5786,215.0,0.5787,212.98
1753547096911,16:24:56.911,ACE/USDT:USDT,0.5783,109.92,0.5782,336.91,0.5786,215.0,0.5787,212.98
1753547097061,16:24:57.061,ACE/USDT:USDT,0.5783,109.92,0.5782,336.91,0.5786,215.0,0.5787,212.98
1753547097211,16:24:57.211,ACE/USDT:USDT,0.5783,109.92,0.5782,336.91,0.5786,215.0,0.5787,212.98
1753547097361,16:24:57.361,ACE/USDT:USDT,0.5783,109.92,0.5782,336.91,0.5786,215.0,0.5787,212.98
1753547097511,16:24:57.511,ACE/USDT:USDT,0.5783,109.92,0.5782,336.91,0.5786,215.0,0.5787,212.98
1753547097661,16:24:57.661,ACE/USDT:USDT,0.5783,109.92,0.5782,336.91,0.5786,215.0,0.5787,212.98
1753547097811,16:24:57.811,ACE/USDT:USDT,0.5783,109.92,0.5782,336.91,0.5786,215.0,0.5787,212.98
1753547097961,16:24:57.961,ACE/USDT:USDT,0.5783,109.92,0.5782,336.91,0.5786,215.0,0.5787,212.98
1753547098111,16:24:58.111,ACE/USDT:USDT,0.5783,109.92,0.5782,336.91,0.5786,215.0,0.5787,212.98
1753547098261,16:24:58.261,ACE/USDT:USDT,0.5783,109.92,0.5782,336.91,0.5786,215.0,0.5787,212.98
1753547098412,16:24:58.412,ACE/USDT:USDT,0.5783,109.92,0.5782,336.91,0.5786,215.0,0.5787,212.98
1753547098562,16:24:58.562,ACE/USDT:USDT,0.5783,109.92,0.5782,336.91,0.5786,215.0,0.5787,212.98
1753547098712,16:24:58.712,ACE/USDT:USDT,0.5783,109.92,0.5782,336.91,0.5786,215.0,0.5787,212.98
1753547098862,16:24:58.862,ACE/USDT:USDT,0.5783,109.92,0.5782,336.91,0.5786,215.0,0.5787,212.98
1753547099012,16:24:59.012,ACE/USDT:USDT,0.5783,109.92,0.5782,336.91,0.5786,215.0,0.5787,212.98
1753547099162,16:24:59.162,ACE/USDT:USDT,0.5783,109.92,0.5782,336.91,0.5786,215.0,0.5787,212.98
1753547099312,16:24:59.312,ACE/USDT:USDT,0.5783,109.92,0.5782,336.91,0.5786,215.0,0.5787,212.98
1753547099462,16:24:59.462,ACE/USDT:USDT,0.5783,109.92,0.5782,336.91,0.5786,215.0,0.5787,212.98
1753547099612,16:24:59.612,ACE/USDT:USDT,0.5783,109.92,0.5782,336.91,0.5786,215.0,0.5787,212.98
1753547099762,16:24:59.762,ACE/USDT:USDT,0.5783,109.92,0.5782,336.91,0.5786,215.0,0.5787,212.98
1753547099912,16:24:59.912,ACE/USDT:USDT,0.5783,109.92,0.5782,336.91,0.5786,215.0,0.5787,212.98
1753547100063,16:25:00.063,ACE/USDT:USDT,0.5783,109.92,0.5782,336.91,0.5786,215.0,0.5787,212.98
1753547100213,16:25:00.213,ACE/USDT:USDT,0.5783,109.92,0.5782,336.91,0.5785,114.12,0.5786,215.0
1753547100363,16:25:00.363,ACE/USDT:USDT,0.5782,336.91,0.5781,706.56,0.5785,114.12,0.5786,215.0
1753547100513,16:25:00.513,ACE/USDT:USDT,0.5783,114.12,0.5782,648.49,0.5785,114.12,0.5786,215.0
1753547100663,16:25:00.663,ACE/USDT:USDT,0.5783,200.57,0.5782,562.05,0.5785,114.12,0.5786,215.0
1753547100813,16:25:00.813,ACE/USDT:USDT,0.5783,200.57,0.5782,562.05,0.5785,114.12,0.5786,215.0
1753547100963,16:25:00.963,ACE/USDT:USDT,0.5783,200.57,0.5782,562.05,0.5785,114.12,0.5786,215.0
1753547101113,16:25:01.113,ACE/USDT:USDT,0.5783,200.57,0.5782,562.05,0.5785,114.12,0.5786,215.0
1753547101263,16:25:01.263,ACE/USDT:USDT,0.5783,200.57,0.5782,562.05,0.5786,215.0,0.5787,212.98
1753547101413,16:25:01.413,ACE/USDT:USDT,0.5784,114.12,0.5783,200.56,0.5786,215.0,0.5787,212.98
1753547101563,16:25:01.563,ACE/USDT:USDT,0.5784,114.12,0.5783,200.56,0.5786,215.0,0.5787,212.98
1753547101714,16:25:01.714,ACE/USDT:USDT,0.5783,200.56,0.5782,250.47,0.5786,215.0,0.5787,212.98
1753547101864,16:25:01.864,ACE/USDT:USDT,0.5783,114.12,0.5782,250.47,0.5786,215.0,0.5787,212.98
1753547102014,16:25:02.014,ACE/USDT:USDT,0.5783,114.12,0.5782,250.47,0.5786,215.0,0.5787,212.98
1753547102314,16:25:02.314,ACE/USDT:USDT,0.5783,114.12,0.5782,250.47,0.5785,114.12,0.5786,215.0
1753547102464,16:25:02.464,ACE/USDT:USDT,0.5783,114.12,0.5782,250.47,0.5785,114.12,0.5786,215.0
1753547102614,16:25:02.614,ACE/USDT:USDT,0.5783,114.12,0.5782,250.47,0.5785,114.12,0.5786,215.0
1753547102764,16:25:02.764,ACE/USDT:USDT,0.5783,114.12,0.5782,250.47,0.5785,114.12,0.5786,215.0
1753547102914,16:25:02.914,ACE/USDT:USDT,0.5783,114.12,0.5782,250.47,0.5785,114.12,0.5786,215.0
1753547103064,16:25:03.064,ACE/USDT:USDT,0.5783,114.12,0.5782,250.47,0.5786,215.0,0.5787,212.98
1753547103214,16:25:03.214,ACE/USDT:USDT,0.5783,114.12,0.5782,251.54,0.5786,257.02,0.5787,255.0
1753547103365,16:25:03.365,ACE/USDT:USDT,0.5783,114.12,0.5782,209.52,0.5786,257.02,0.5787,255.0
1753547103515,16:25:03.515,ACE/USDT:USDT,0.5783,114.12,0.5782,209.52,0.5786,257.02,0.5787,255.0
1753547103665,16:25:03.665,ACE/USDT:USDT,0.5783,114.12,0.5782,209.52,0.5785,114.12,0.5786,257.02
1753547103815,16:25:03.815,ACE/USDT:USDT,0.5783,114.12,0.5782,109.92,0.5786,257.02,0.5787,255.0
1753547103965,16:25:03.965,ACE/USDT:USDT,0.5782,109.92,0.5781,109.92,0.5785,114.12,0.5786,257.02
1753547104115,16:25:04.115,ACE/USDT:USDT,0.5781,109.92,0.578,375.64,0.5785,114.12,0.5786,257.02
1753547104265,16:25:04.265,ACE/USDT:USDT,0.5781,109.92,0.578,375.64,0.5785,114.12,0.5786,257.02
1753547104415,16:25:04.415,ACE/USDT:USDT,0.5781,109.92,0.578,375.64,0.5785,114.12,0.5786,257.02
1753547104565,16:25:04.565,ACE/USDT:USDT,0.5781,109.92,0.578,375.64,0.5785,114.12,0.5786,257.02
1753547104715,16:25:04.715,ACE/USDT:USDT,0.5781,109.92,0.578,375.64,0.5785,114.12,0.5786,257.02
1753547104866,16:25:04.866,ACE/USDT:USDT,0.5781,109.92,0.578,375.64,0.5785,114.12,0.5786,257.02
1753547105016,16:25:05.016,ACE/USDT:USDT,0.5781,109.92,0.578,375.64,0.5785,114.12,0.5786,257.02
1753547105166,16:25:05.166,ACE/USDT:USDT,0.5781,109.92,0.578,1030.9,0.5785,114.12,0.5786,257.02
1753547105316,16:25:05.316,ACE/USDT:USDT,0.5781,247.15,0.578,230.55,0.5785,114.12,0.5786,257.02
1753547105466,16:25:05.466,ACE/USDT:USDT,0.578,230.55,0.5779,726.24,0.5785,114.12,0.5786,257.02
1753547105616,16:25:05.616,ACE/USDT:USDT,0.5781,114.12,0.578,436.43,0.5785,114.12,0.5786,257.02
1753547105766,16:25:05.766,ACE/USDT:USDT,0.5781,114.12,0.578,436.43,0.5785,114.12,0.5786,257.02
1753547105916,16:25:05.916,ACE/USDT:USDT,0.5781,114.12,0.578,436.43,0.5785,114.12,0.5786,257.02
1753547106066,16:25:06.066,ACE/USDT:USDT,0.5781,114.12,0.578,436.43,0.5785,114.12,0.5786,257.02
1753547106216,16:25:06.216,ACE/USDT:USDT,0.578,436.43,0.5779,726.24,0.5785,114.12,0.5786,257.02
1753547106366,16:25:06.366,ACE/USDT:USDT,0.578,436.43,0.5779,726.24,0.5785,114.12,0.5786,257.02
1753547106517,16:25:06.517,ACE/USDT:USDT,0.578,120.63,0.5779,109.92,0.5785,114.12,0.5786,257.02
1753547106667,16:25:06.667,ACE/USDT:USDT,0.5779,291.52,0.5778,200.83,0.5785,114.12,0.5786,257.02
1753547106817,16:25:06.817,ACE/USDT:USDT,0.578,114.12,0.5779,291.52,0.5785,114.12,0.5786,257.02
1753547106967,16:25:06.967,ACE/USDT:USDT,0.578,200.59,0.5779,291.52,0.5785,114.12,0.5786,257.02
1753547107117,16:25:07.117,ACE/USDT:USDT,0.578,200.59,0.5779,291.52,0.5785,114.12,0.5786,257.02
1753547107267,16:25:07.267,ACE/USDT:USDT,0.578,200.59,0.5779,291.52,0.5785,114.12,0.5786,257.02
1753547107417,16:25:07.417,ACE/USDT:USDT,0.578,200.59,0.5779,291.52,0.5785,114.12,0.5786,257.02
