timestamp,time,exchange,symbol,bid1_price,bid1_volume,bid2_price,bid2_volume,ask1_price,ask1_volume,ask2_price,ask2_volume
1753591853298,04:50:53.298,blofin,ACT/USDT:USDT,0.04575,668.0,0.04573,5275.0,0.04578,102.0,0.04582,5545.0
1753591853799,04:50:53.799,blofin,ACT/USDT:USDT,0.04575,667.0,0.04573,9271.0,0.04578,102.0,0.04583,4529.0
1753591854299,04:50:54.299,blofin,ACT/USDT:USDT,0.04575,666.0,0.04573,9271.0,0.04578,102.0,0.04583,4529.0
1753591854802,04:50:54.802,blofin,ACT/USDT:USDT,0.04575,679.0,0.04573,5275.0,0.04578,10.0,0.0458,5969.0
1753591855302,04:50:55.302,blofin,ACT/USDT:USDT,0.04575,678.0,0.04573,5275.0,0.04578,10.0,0.0458,5969.0
1753591855803,04:50:55.803,blofin,ACT/USDT:USDT,0.04575,678.0,0.04573,5275.0,0.04578,11.0,0.04582,2223.0
1753591856305,04:50:56.305,blofin,ACT/USDT:USDT,0.04575,678.0,0.04573,5275.0,0.04578,12.0,0.04582,2223.0
1753591856805,04:50:56.805,blofin,ACT/USDT:USDT,0.04575,680.0,0.04574,4121.0,0.04578,14.0,0.0458,7907.0
1753591857308,04:50:57.308,blofin,ACT/USDT:USDT,0.04575,680.0,0.04574,4121.0,0.04578,10.0,0.0458,7907.0
1753591857808,04:50:57.808,blofin,ACT/USDT:USDT,0.04575,680.0,0.04573,7636.0,0.04578,10.0,0.04582,1505.0
1753591858310,04:50:58.310,blofin,ACT/USDT:USDT,0.04575,680.0,0.04574,6101.0,0.04578,10.0,0.04582,1505.0
1753591858809,04:50:58.809,blofin,ACT/USDT:USDT,0.04575,680.0,0.04574,6101.0,0.04578,11.0,0.04582,6453.0
1753591859311,04:50:59.311,blofin,ACT/USDT:USDT,0.04575,680.0,0.04573,5275.0,0.04578,11.0,0.04582,6453.0
1753591859811,04:50:59.811,blofin,ACT/USDT:USDT,0.04575,680.0,0.04573,5275.0,0.04578,11.0,0.04583,2094.0
1753591860311,04:51:00.311,blofin,ACT/USDT:USDT,0.04575,680.0,0.04573,5275.0,0.04578,12.0,0.04583,2094.0
1753591860812,04:51:00.812,blofin,ACT/USDT:USDT,0.04575,680.0,0.04573,6761.0,0.04578,14.0,0.04579,2843.0
1753591861313,04:51:01.313,blofin,ACT/USDT:USDT,0.04575,679.0,0.04573,6761.0,0.04578,14.0,0.04579,2843.0
1753591861813,04:51:01.813,blofin,ACT/USDT:USDT,0.04575,616.0,0.04573,5275.0,0.04577,4.0,0.04578,8.0
1753591960717,04:52:40.717,blofin,ACT/USDT:USDT,0.04579,23.0,0.04578,5351.0,0.04577,4.0,0.04578,8.0
1753591960962,04:52:40.962,blofin,ACT/USDT:USDT,0.04579,23.0,0.04578,5351.0,0.04577,4.0,0.04578,8.0
1753591961717,04:52:41.717,blofin,ACT/USDT:USDT,0.04578,31.0,0.04576,8762.0,0.04577,4.0,0.04578,8.0
1753591961960,04:52:41.960,blofin,ACT/USDT:USDT,0.04578,2723.0,0.04575,5200.0,0.04577,4.0,0.04578,8.0
1753591962720,04:52:42.720,blofin,ACT/USDT:USDT,0.04578,2750.0,0.04575,7537.0,0.04577,4.0,0.04578,8.0
1753591962962,04:52:42.962,blofin,ACT/USDT:USDT,0.04578,2750.0,0.04575,7537.0,0.04577,4.0,0.04578,8.0
1753591963479,04:52:43.479,blofin,ACT/USDT:USDT,0.04578,2746.0,0.04575,7537.0,0.04577,4.0,0.04578,8.0
1753591964721,04:52:44.721,blofin,ACT/USDT:USDT,0.04578,2750.0,0.04576,6546.0,0.04577,4.0,0.04578,8.0
1753591964968,04:52:44.968,blofin,ACT/USDT:USDT,0.04578,2748.0,0.04576,6546.0,0.04577,4.0,0.04578,8.0
1753591965721,04:52:45.721,blofin,ACT/USDT:USDT,0.04578,2748.0,0.04575,7253.0,0.04577,4.0,0.04578,8.0
1753591965968,04:52:45.968,blofin,ACT/USDT:USDT,0.04578,2748.0,0.04575,7253.0,0.04577,4.0,0.04578,8.0
1753591966730,04:52:46.730,blofin,ACT/USDT:USDT,0.04579,689.0,0.04578,3311.0,0.04577,4.0,0.04578,8.0
1753591966970,04:52:46.970,blofin,ACT/USDT:USDT,0.04579,694.0,0.04578,3304.0,0.04577,4.0,0.04578,8.0
1753591967722,04:52:47.722,blofin,ACT/USDT:USDT,0.04579,694.0,0.04576,4392.0,0.04577,4.0,0.04578,8.0
1753591967971,04:52:47.971,blofin,ACT/USDT:USDT,0.04579,694.0,0.04576,10555.0,0.04577,4.0,0.04578,8.0
1753591968723,04:52:48.723,blofin,ACT/USDT:USDT,0.04579,694.0,0.04576,6163.0,0.04577,4.0,0.04578,8.0
1753591969726,04:52:49.726,blofin,ACT/USDT:USDT,0.04579,703.0,0.04576,6163.0,0.04577,4.0,0.04578,8.0
1753592055795,04:54:15.795,blofin,ACT/USDT:USDT,0.04579,703.0,0.04578,1259.0,0.04577,4.0,0.04578,8.0
1753592056111,04:54:16.111,blofin,ACT/USDT:USDT,0.04579,703.0,0.04578,1259.0,0.04577,4.0,0.04578,8.0
1753592056800,04:54:16.800,blofin,ACT/USDT:USDT,0.04583,188.0,0.0458,5029.0,0.04577,4.0,0.04578,8.0
1753592057792,04:54:17.792,blofin,ACT/USDT:USDT,0.04583,150.0,0.04581,4647.0,0.04577,4.0,0.04578,8.0
1753592058113,04:54:18.113,blofin,ACT/USDT:USDT,0.04583,150.0,0.04581,4647.0,0.04577,4.0,0.04578,8.0
1753592058795,04:54:18.795,blofin,ACT/USDT:USDT,0.04583,150.0,0.0458,11681.0,0.04577,4.0,0.04578,8.0
1753592059796,04:54:19.796,blofin,ACT/USDT:USDT,0.04583,148.0,0.0458,10148.0,0.04577,4.0,0.04578,8.0
1753592060116,04:54:20.116,blofin,ACT/USDT:USDT,0.04583,148.0,0.0458,10148.0,0.04577,4.0,0.04578,8.0
1753592060797,04:54:20.797,blofin,ACT/USDT:USDT,0.04583,202.0,0.0458,16856.0,0.04577,4.0,0.04578,8.0
1753592061117,04:54:21.117,blofin,ACT/USDT:USDT,0.04583,202.0,0.0458,16856.0,0.04577,4.0,0.04578,8.0
1753592061797,04:54:21.797,blofin,ACT/USDT:USDT,0.04583,206.0,0.04581,7210.0,0.04577,4.0,0.04578,8.0
1753592062121,04:54:22.121,blofin,ACT/USDT:USDT,0.04583,206.0,0.0458,5555.0,0.04577,4.0,0.04578,8.0
1753592062798,04:54:22.798,blofin,ACT/USDT:USDT,0.04583,222.0,0.0458,5555.0,0.04577,4.0,0.04578,8.0
1753592063121,04:54:23.121,blofin,ACT/USDT:USDT,0.04583,222.0,0.0458,5555.0,0.04577,4.0,0.04578,8.0
1753592063815,04:54:23.815,blofin,ACT/USDT:USDT,0.04583,204.0,0.0458,5555.0,0.04577,4.0,0.04578,8.0
1753592064625,04:54:24.625,blofin,ACT/USDT:USDT,0.04583,200.0,0.0458,5555.0,0.04577,4.0,0.04578,8.0
1753592065125,04:54:25.125,blofin,ACT/USDT:USDT,0.04583,186.0,0.0458,5555.0,0.04577,4.0,0.04578,8.0
1753592151862,04:55:51.862,blofin,ACT/USDT:USDT,0.04583,186.0,0.04581,581.0,0.04577,4.0,0.04578,8.0
1753592152255,04:55:52.255,blofin,ACT/USDT:USDT,0.04583,186.0,0.04581,581.0,0.04577,4.0,0.04578,8.0
1753592152865,04:55:52.865,blofin,ACT/USDT:USDT,0.04583,186.0,0.04581,582.0,0.04577,4.0,0.04578,8.0
1753592153255,04:55:53.255,blofin,ACT/USDT:USDT,0.04583,186.0,0.04581,582.0,0.04577,4.0,0.04578,8.0
1753592153864,04:55:53.864,blofin,ACT/USDT:USDT,0.04583,186.0,0.04581,583.0,0.04577,4.0,0.04578,8.0
1753592154257,04:55:54.257,blofin,ACT/USDT:USDT,0.04583,186.0,0.04581,584.0,0.04577,4.0,0.04578,8.0
1753592154757,04:55:54.757,blofin,ACT/USDT:USDT,0.04583,186.0,0.04581,584.0,0.04577,4.0,0.04578,8.0
1753592155260,04:55:55.260,blofin,ACT/USDT:USDT,0.04583,186.0,0.04581,584.0,0.04577,4.0,0.04578,8.0
1753592155763,04:55:55.763,blofin,ACT/USDT:USDT,0.04584,24.0,0.04583,186.0,0.04577,4.0,0.04578,8.0
1753592156258,04:55:56.258,blofin,ACT/USDT:USDT,0.04585,1151.0,0.04584,2.0,0.04577,4.0,0.04578,8.0
1753592156865,04:55:56.865,blofin,ACT/USDT:USDT,0.04585,1152.0,0.04583,7028.0,0.04577,4.0,0.04578,8.0
1753592157260,04:55:57.260,blofin,ACT/USDT:USDT,0.04585,668.0,0.04581,8986.0,0.04577,4.0,0.04578,8.0
1753592157865,04:55:57.865,blofin,ACT/USDT:USDT,0.04585,691.0,0.04581,8156.0,0.04577,4.0,0.04578,8.0
1753592158382,04:55:58.382,blofin,ACT/USDT:USDT,0.04586,690.0,0.04585,1.0,0.04577,4.0,0.04578,8.0
1753592158866,04:55:58.866,blofin,ACT/USDT:USDT,0.04586,1175.0,0.04585,1.0,0.04577,4.0,0.04578,8.0
1753592159264,04:55:59.264,blofin,ACT/USDT:USDT,0.04586,1175.0,0.04585,1.0,0.04577,4.0,0.04578,8.0
1753592159867,04:55:59.867,blofin,ACT/USDT:USDT,0.04586,1159.0,0.04582,4656.0,0.04577,4.0,0.04578,8.0
1753592245959,04:57:25.959,blofin,ACT/USDT:USDT,0.04586,1159.0,0.04582,4404.0,0.04577,4.0,0.04578,8.0
1753592246403,04:57:26.403,blofin,ACT/USDT:USDT,0.04587,2528.0,0.04586,1159.0,0.04577,4.0,0.04578,8.0
1753592246959,04:57:26.959,blofin,ACT/USDT:USDT,0.04587,2531.0,0.04586,1159.0,0.04577,4.0,0.04578,8.0
1753592247410,04:57:27.410,blofin,ACT/USDT:USDT,0.04587,2529.0,0.04586,1159.0,0.04577,4.0,0.04578,8.0
1753592247960,04:57:27.960,blofin,ACT/USDT:USDT,0.04587,2529.0,0.04586,1159.0,0.04577,4.0,0.04578,8.0
1753592248406,04:57:28.406,blofin,ACT/USDT:USDT,0.04587,2529.0,0.04586,1159.0,0.04577,4.0,0.04578,8.0
1753592248959,04:57:28.959,blofin,ACT/USDT:USDT,0.04587,2529.0,0.04586,1331.0,0.04577,4.0,0.04578,8.0
1753592249409,04:57:29.409,blofin,ACT/USDT:USDT,0.04587,2532.0,0.04586,1331.0,0.04577,4.0,0.04578,8.0
1753592249960,04:57:29.960,blofin,ACT/USDT:USDT,0.04587,2532.0,0.04584,2637.0,0.04577,4.0,0.04578,8.0
1753592250962,04:57:30.962,blofin,ACT/USDT:USDT,0.04587,2532.0,0.04584,3428.0,0.04577,4.0,0.04578,8.0
1753592251964,04:57:31.964,blofin,ACT/USDT:USDT,0.04587,2532.0,0.04586,3360.0,0.04577,4.0,0.04578,8.0
1753592252412,04:57:32.412,blofin,ACT/USDT:USDT,0.04587,2532.0,0.04586,3360.0,0.04577,4.0,0.04578,8.0
1753592252913,04:57:32.913,blofin,ACT/USDT:USDT,0.04587,2532.0,0.04586,3360.0,0.04577,4.0,0.04578,8.0
1753592253414,04:57:33.414,blofin,ACT/USDT:USDT,0.04587,2532.0,0.04584,5980.0,0.04577,4.0,0.04578,8.0
1753592253915,04:57:33.915,blofin,ACT/USDT:USDT,0.04587,2529.0,0.04584,5980.0,0.04577,4.0,0.04578,8.0
1753592254417,04:57:34.417,blofin,ACT/USDT:USDT,0.04587,2528.0,0.04584,5980.0,0.04577,4.0,0.04578,8.0
1753592254917,04:57:34.917,blofin,ACT/USDT:USDT,0.04587,2532.0,0.04584,5980.0,0.04577,4.0,0.04578,8.0
1753592255417,04:57:35.417,blofin,ACT/USDT:USDT,0.04587,2533.0,0.04584,12922.0,0.04577,4.0,0.04578,8.0
1753592256418,04:57:36.418,blofin,ACT/USDT:USDT,0.04587,2532.0,0.04584,7869.0,0.04577,4.0,0.04578,8.0
1753592256919,04:57:36.919,blofin,ACT/USDT:USDT,0.04587,2529.0,0.04584,7869.0,0.04577,4.0,0.04578,8.0
1753592257419,04:57:37.419,blofin,ACT/USDT:USDT,0.04587,2531.0,0.04585,1146.0,0.04577,4.0,0.04578,8.0
1753592367060,04:59:27.060,blofin,ACT/USDT:USDT,0.0459,2537.0,0.04587,2531.0,0.04577,4.0,0.04578,8.0
1753592367593,04:59:27.593,blofin,ACT/USDT:USDT,0.0459,2537.0,0.04589,1974.0,0.04577,4.0,0.04578,8.0
1753592368060,04:59:28.060,blofin,ACT/USDT:USDT,0.0459,2537.0,0.04585,6918.0,0.04577,4.0,0.04578,8.0
1753592368596,04:59:28.596,blofin,ACT/USDT:USDT,0.0459,2537.0,0.04585,6918.0,0.04577,4.0,0.04578,8.0
1753592369063,04:59:29.063,blofin,ACT/USDT:USDT,0.0459,2554.0,0.04585,9584.0,0.04577,4.0,0.04578,8.0
1753592369597,04:59:29.597,blofin,ACT/USDT:USDT,0.0459,2552.0,0.04585,9584.0,0.04577,4.0,0.04578,8.0
1753592370063,04:59:30.063,blofin,ACT/USDT:USDT,0.0459,2552.0,0.04588,5484.0,0.04577,4.0,0.04578,8.0
1753592371064,04:59:31.064,blofin,ACT/USDT:USDT,0.0459,2555.0,0.04586,373.0,0.04577,4.0,0.04578,8.0
1753592372067,04:59:32.067,blofin,ACT/USDT:USDT,0.0459,2552.0,0.04586,7278.0,0.04577,4.0,0.04578,8.0
1753592372601,04:59:32.601,blofin,ACT/USDT:USDT,0.0459,2556.0,0.04589,2621.0,0.04577,4.0,0.04578,8.0
1753592373064,04:59:33.064,blofin,ACT/USDT:USDT,0.0459,2556.0,0.04586,5709.0,0.04577,4.0,0.04578,8.0
1753592373603,04:59:33.603,blofin,ACT/USDT:USDT,0.0459,2555.0,0.04586,5709.0,0.04577,4.0,0.04578,8.0
1753592374073,04:59:34.073,blofin,ACT/USDT:USDT,0.0459,2555.0,0.04585,6000.0,0.04577,4.0,0.04578,8.0
1753592374605,04:59:34.605,blofin,ACT/USDT:USDT,0.0459,2555.0,0.04585,6000.0,0.04577,4.0,0.04578,8.0
1753592375066,04:59:35.066,blofin,ACT/USDT:USDT,0.0459,2555.0,0.04585,6252.0,0.04577,4.0,0.04578,8.0
1753592375614,04:59:35.614,blofin,ACT/USDT:USDT,0.0459,2555.0,0.04585,3909.0,0.04577,4.0,0.04578,8.0
1753592376066,04:59:36.066,blofin,ACT/USDT:USDT,0.0459,2555.0,0.04586,387.0,0.04577,4.0,0.04578,8.0
1753592376607,04:59:36.607,blofin,ACT/USDT:USDT,0.0459,2556.0,0.04586,387.0,0.04577,4.0,0.04578,8.0
1753592377067,04:59:37.067,blofin,ACT/USDT:USDT,0.0459,2552.0,0.04586,387.0,0.04577,4.0,0.04578,8.0
1753592377608,04:59:37.608,blofin,ACT/USDT:USDT,0.0459,2552.0,0.04585,803.0,0.04577,4.0,0.04578,8.0
1753592378069,04:59:38.069,blofin,ACT/USDT:USDT,0.0459,2552.0,0.04589,1360.0,0.04577,4.0,0.04578,8.0
1753592378609,04:59:38.609,blofin,ACT/USDT:USDT,0.0459,2553.0,0.04589,1360.0,0.04577,4.0,0.04578,8.0
1753592484267,05:01:24.267,blofin,ACT/USDT:USDT,0.04591,358.0,0.0459,2553.0,0.04577,4.0,0.04578,8.0
1753592485270,05:01:25.270,blofin,ACT/USDT:USDT,0.04591,358.0,0.0459,2553.0,0.04577,4.0,0.04578,8.0
1753592485770,05:01:25.770,blofin,ACT/USDT:USDT,0.04591,358.0,0.0459,2553.0,0.04577,4.0,0.04578,8.0
1753592486270,05:01:26.270,blofin,ACT/USDT:USDT,0.04591,358.0,0.0459,2553.0,0.04577,4.0,0.04578,8.0
1753592486774,05:01:26.774,blofin,ACT/USDT:USDT,0.04591,358.0,0.0459,2553.0,0.04577,4.0,0.04578,8.0
1753592487288,05:01:27.288,blofin,ACT/USDT:USDT,0.04591,359.0,0.0459,702.0,0.04577,4.0,0.04578,8.0
1753592487776,05:01:27.776,blofin,ACT/USDT:USDT,0.04591,359.0,0.0459,702.0,0.04577,4.0,0.04578,8.0
1753592488273,05:01:28.273,blofin,ACT/USDT:USDT,0.04591,338.0,0.04589,1.0,0.04577,4.0,0.04578,8.0
1753592488772,05:01:28.772,blofin,ACT/USDT:USDT,0.04591,334.0,0.04589,1.0,0.04577,4.0,0.04578,8.0
1753592489275,05:01:29.275,blofin,ACT/USDT:USDT,0.04591,334.0,0.04589,1.0,0.04577,4.0,0.04578,8.0
1753592490277,05:01:30.277,blofin,ACT/USDT:USDT,0.04591,338.0,0.04589,2076.0,0.04577,4.0,0.04578,8.0
1753592490775,05:01:30.775,blofin,ACT/USDT:USDT,0.04591,338.0,0.04589,2076.0,0.04577,4.0,0.04578,8.0
1753592491339,05:01:31.339,blofin,ACT/USDT:USDT,0.04592,300.0,0.04591,5.0,0.04577,4.0,0.04578,8.0
1753592491777,05:01:31.777,blofin,ACT/USDT:USDT,0.04592,300.0,0.04591,5.0,0.04577,4.0,0.04578,8.0
1753592492277,05:01:32.277,blofin,ACT/USDT:USDT,0.04592,677.0,0.04591,1331.0,0.04577,4.0,0.04578,8.0
1753592492777,05:01:32.777,blofin,ACT/USDT:USDT,0.04592,681.0,0.04591,1331.0,0.04577,4.0,0.04578,8.0
1753592569391,05:02:49.391,blofin,ACT/USDT:USDT,0.04592,681.0,0.04591,1331.0,0.04577,4.0,0.04578,8.0
1753592570238,05:02:50.238,blofin,ACT/USDT:USDT,0.04592,681.0,0.04591,1331.0,0.04577,4.0,0.04578,8.0
1753592570392,05:02:50.392,blofin,ACT/USDT:USDT,0.04592,681.0,0.04591,1331.0,0.04577,4.0,0.04578,8.0
1753592571239,05:02:51.239,blofin,ACT/USDT:USDT,0.04592,681.0,0.04591,1331.0,0.04577,4.0,0.04578,8.0
1753592571393,05:02:51.393,blofin,ACT/USDT:USDT,0.04592,681.0,0.04591,1331.0,0.04577,4.0,0.04578,8.0
1753592572237,05:02:52.237,blofin,ACT/USDT:USDT,0.04592,681.0,0.04591,1331.0,0.04577,4.0,0.04578,8.0
1753592572395,05:02:52.395,blofin,ACT/USDT:USDT,0.04592,681.0,0.04591,1331.0,0.04577,4.0,0.04578,8.0
1753592573238,05:02:53.238,blofin,ACT/USDT:USDT,0.04592,681.0,0.04591,1331.0,0.04577,4.0,0.04578,8.0
1753592573399,05:02:53.399,blofin,ACT/USDT:USDT,0.04592,681.0,0.04591,1331.0,0.04577,4.0,0.04578,8.0
1753592574240,05:02:54.240,blofin,ACT/USDT:USDT,0.04592,681.0,0.04591,1331.0,0.04577,4.0,0.04578,8.0
1753592574399,05:02:54.399,blofin,ACT/USDT:USDT,0.04592,681.0,0.04591,1331.0,0.04577,4.0,0.04578,8.0
1753592575242,05:02:55.242,blofin,ACT/USDT:USDT,0.04592,681.0,0.04591,1331.0,0.04577,4.0,0.04578,8.0
1753592575899,05:02:55.899,blofin,ACT/USDT:USDT,0.04592,681.0,0.04591,1331.0,0.04577,4.0,0.04578,8.0
1753592576401,05:02:56.401,blofin,ACT/USDT:USDT,0.04592,681.0,0.04591,1331.0,0.04577,4.0,0.04578,8.0
1753592576902,05:02:56.902,blofin,ACT/USDT:USDT,0.04592,681.0,0.04591,1331.0,0.04577,4.0,0.04578,8.0
1753592577403,05:02:57.403,blofin,ACT/USDT:USDT,0.04592,681.0,0.04591,1331.0,0.04577,4.0,0.04578,8.0
1753592578403,05:02:58.403,blofin,ACT/USDT:USDT,0.04592,681.0,0.04591,1331.0,0.04577,4.0,0.04578,8.0
1753592578905,05:02:58.905,blofin,ACT/USDT:USDT,0.04592,681.0,0.04591,1331.0,0.04577,4.0,0.04578,8.0
1753592579404,05:02:59.404,blofin,ACT/USDT:USDT,0.04592,681.0,0.04591,1331.0,0.04577,4.0,0.04578,8.0
1753592579907,05:02:59.907,blofin,ACT/USDT:USDT,0.04592,681.0,0.04591,1331.0,0.04577,4.0,0.04578,8.0
1753592580407,05:03:00.407,blofin,ACT/USDT:USDT,0.04592,681.0,0.04591,1331.0,0.04577,4.0,0.04578,8.0
1753592581246,05:03:01.246,blofin,ACT/USDT:USDT,0.04592,681.0,0.04591,1331.0,0.04577,4.0,0.04578,8.0
1753592684063,05:04:44.063,blofin,ACT/USDT:USDT,0.04592,681.0,0.04591,1331.0,0.04577,4.0,0.04578,8.0
1753592684563,05:04:44.563,blofin,ACT/USDT:USDT,0.04592,681.0,0.04591,1331.0,0.04577,4.0,0.04578,8.0
1753592685332,05:04:45.332,blofin,ACT/USDT:USDT,0.04592,681.0,0.04591,1331.0,0.04577,4.0,0.04578,8.0
1753592685566,05:04:45.566,blofin,ACT/USDT:USDT,0.04592,681.0,0.04591,1331.0,0.04577,4.0,0.04578,8.0
1753592686333,05:04:46.333,blofin,ACT/USDT:USDT,0.04592,681.0,0.04591,1331.0,0.04577,4.0,0.04578,8.0
1753592687067,05:04:47.067,blofin,ACT/USDT:USDT,0.04592,681.0,0.04591,1331.0,0.04577,4.0,0.04578,8.0
1753592687572,05:04:47.572,blofin,ACT/USDT:USDT,0.04592,681.0,0.04591,1331.0,0.04577,4.0,0.04578,8.0
1753592688071,05:04:48.071,blofin,ACT/USDT:USDT,0.04592,681.0,0.04591,1331.0,0.04577,4.0,0.04578,8.0
1753592688570,05:04:48.570,blofin,ACT/USDT:USDT,0.04592,681.0,0.04591,1331.0,0.04577,4.0,0.04578,8.0
1753592689071,05:04:49.071,blofin,ACT/USDT:USDT,0.04592,681.0,0.04591,1331.0,0.04577,4.0,0.04578,8.0
1753592689572,05:04:49.572,blofin,ACT/USDT:USDT,0.04592,681.0,0.04591,1331.0,0.04577,4.0,0.04578,8.0
1753592690336,05:04:50.336,blofin,ACT/USDT:USDT,0.04592,681.0,0.04591,1331.0,0.04577,4.0,0.04578,8.0
1753592691075,05:04:51.075,blofin,ACT/USDT:USDT,0.04592,681.0,0.04591,1331.0,0.04577,4.0,0.04578,8.0
1753592691575,05:04:51.575,blofin,ACT/USDT:USDT,0.04592,681.0,0.04591,1331.0,0.04577,4.0,0.04578,8.0
1753592692075,05:04:52.075,blofin,ACT/USDT:USDT,0.04592,681.0,0.04591,1331.0,0.04577,4.0,0.04578,8.0
1753592692576,05:04:52.576,blofin,ACT/USDT:USDT,0.04592,681.0,0.04591,1331.0,0.04577,4.0,0.04578,8.0
1753592693077,05:04:53.077,blofin,ACT/USDT:USDT,0.04592,681.0,0.04591,1331.0,0.04577,4.0,0.04578,8.0
1753592693577,05:04:53.577,blofin,ACT/USDT:USDT,0.04592,681.0,0.04591,1331.0,0.04577,4.0,0.04578,8.0
1753592694337,05:04:54.337,blofin,ACT/USDT:USDT,0.04592,681.0,0.04591,1331.0,0.04577,4.0,0.04578,8.0
1753592695338,05:04:55.338,blofin,ACT/USDT:USDT,0.04592,681.0,0.04591,1331.0,0.04577,4.0,0.04578,8.0
1753592798416,05:06:38.416,blofin,ACT/USDT:USDT,0.04592,681.0,0.04591,1331.0,0.04577,4.0,0.04578,8.0
1753592798894,05:06:38.894,blofin,ACT/USDT:USDT,0.04592,681.0,0.04591,1331.0,0.04577,4.0,0.04578,8.0
1753592799417,05:06:39.417,blofin,ACT/USDT:USDT,0.04592,681.0,0.04591,1331.0,0.04577,4.0,0.04578,8.0
1753592799738,05:06:39.738,blofin,ACT/USDT:USDT,0.04592,681.0,0.04591,1331.0,0.04577,4.0,0.04578,8.0
1753592800421,05:06:40.421,blofin,ACT/USDT:USDT,0.04592,681.0,0.04591,1331.0,0.04577,4.0,0.04578,8.0
1753592800738,05:06:40.738,blofin,ACT/USDT:USDT,0.04592,681.0,0.04591,1331.0,0.04577,4.0,0.04578,8.0
1753592801420,05:06:41.420,blofin,ACT/USDT:USDT,0.04592,681.0,0.04591,1331.0,0.04577,4.0,0.04578,8.0
1753592801741,05:06:41.741,blofin,ACT/USDT:USDT,0.04592,681.0,0.04591,1331.0,0.04577,4.0,0.04578,8.0
1753592802240,05:06:42.240,blofin,ACT/USDT:USDT,0.04592,681.0,0.04591,1331.0,0.04577,4.0,0.04578,8.0
1753592802742,05:06:42.742,blofin,ACT/USDT:USDT,0.04592,681.0,0.04591,1331.0,0.04577,4.0,0.04578,8.0
1753592803906,05:06:43.906,blofin,ACT/USDT:USDT,0.04592,681.0,0.04591,1331.0,0.04577,4.0,0.04578,8.0
1753592804423,05:06:44.423,blofin,ACT/USDT:USDT,0.04592,681.0,0.04591,1331.0,0.04577,4.0,0.04578,8.0
1753592804745,05:06:44.745,blofin,ACT/USDT:USDT,0.04592,681.0,0.04591,1331.0,0.04577,4.0,0.04578,8.0
1753592805579,05:06:45.579,blofin,ACT/USDT:USDT,0.04592,681.0,0.04591,1331.0,0.04577,4.0,0.04578,8.0
1753592805755,05:06:45.755,blofin,ACT/USDT:USDT,0.04592,681.0,0.04591,1331.0,0.04577,4.0,0.04578,8.0
1753592806603,05:06:46.603,blofin,ACT/USDT:USDT,0.04592,681.0,0.04591,1331.0,0.04577,4.0,0.04578,8.0
1753592806748,05:06:46.748,blofin,ACT/USDT:USDT,0.04592,681.0,0.04591,1331.0,0.04577,4.0,0.04578,8.0
1753592807432,05:06:47.432,blofin,ACT/USDT:USDT,0.04592,681.0,0.04591,1331.0,0.04577,4.0,0.04578,8.0
1753592808250,05:06:48.250,blofin,ACT/USDT:USDT,0.04592,681.0,0.04591,1331.0,0.04577,4.0,0.04578,8.0
1753592808750,05:06:48.750,blofin,ACT/USDT:USDT,0.04592,681.0,0.04591,1331.0,0.04577,4.0,0.04578,8.0
1753592809752,05:06:49.752,blofin,ACT/USDT:USDT,0.04592,681.0,0.04591,1331.0,0.04577,4.0,0.04578,8.0
1753592810235,05:06:50.235,blofin,ACT/USDT:USDT,0.04592,681.0,0.04591,1331.0,0.04577,4.0,0.04578,8.0
1753592810754,05:06:50.754,blofin,ACT/USDT:USDT,0.04592,681.0,0.04591,1331.0,0.04577,4.0,0.04578,8.0
1753592811254,05:06:51.254,blofin,ACT/USDT:USDT,0.04592,681.0,0.04591,1331.0,0.04577,4.0,0.04578,8.0
1753592811755,05:06:51.755,blofin,ACT/USDT:USDT,0.04592,681.0,0.04591,1331.0,0.04577,4.0,0.04578,8.0
1753592812256,05:06:52.256,blofin,ACT/USDT:USDT,0.04592,681.0,0.04591,1331.0,0.04577,4.0,0.04578,8.0
1753592812756,05:06:52.756,blofin,ACT/USDT:USDT,0.04592,681.0,0.04591,1331.0,0.04577,4.0,0.04578,8.0
1753592939531,05:08:59.531,blofin,ACT/USDT:USDT,0.04592,681.0,0.04591,1331.0,0.04577,4.0,0.04578,8.0
1753592939966,05:08:59.966,blofin,ACT/USDT:USDT,0.04592,681.0,0.04591,1331.0,0.04577,4.0,0.04578,8.0
1753592940532,05:09:00.532,blofin,ACT/USDT:USDT,0.04592,681.0,0.04591,1331.0,0.04577,4.0,0.04578,8.0
1753592940966,05:09:00.966,blofin,ACT/USDT:USDT,0.04592,681.0,0.04591,1331.0,0.04577,4.0,0.04578,8.0
1753592941535,05:09:01.535,blofin,ACT/USDT:USDT,0.04592,681.0,0.04591,1331.0,0.04577,4.0,0.04578,8.0
1753592942468,05:09:02.468,blofin,ACT/USDT:USDT,0.04592,681.0,0.04591,1331.0,0.04577,4.0,0.04578,8.0
1753592942967,05:09:02.967,blofin,ACT/USDT:USDT,0.04592,681.0,0.04591,1331.0,0.04577,4.0,0.04578,8.0
1753592943534,05:09:03.534,blofin,ACT/USDT:USDT,0.04592,681.0,0.04591,1331.0,0.04577,4.0,0.04578,8.0
1753592944536,05:09:04.536,blofin,ACT/USDT:USDT,0.04592,681.0,0.04591,1331.0,0.04577,4.0,0.04578,8.0
1753592944971,05:09:04.971,blofin,ACT/USDT:USDT,0.04592,681.0,0.04591,1331.0,0.04577,4.0,0.04578,8.0
1753592945536,05:09:05.536,blofin,ACT/USDT:USDT,0.04592,681.0,0.04591,1331.0,0.04577,4.0,0.04578,8.0
1753592945972,05:09:05.972,blofin,ACT/USDT:USDT,0.04592,681.0,0.04591,1331.0,0.04577,4.0,0.04578,8.0
1753592946535,05:09:06.535,blofin,ACT/USDT:USDT,0.04592,681.0,0.04591,1331.0,0.04577,4.0,0.04578,8.0
1753592946972,05:09:06.972,blofin,ACT/USDT:USDT,0.04592,681.0,0.04591,1331.0,0.04577,4.0,0.04578,8.0
1753592947537,05:09:07.537,blofin,ACT/USDT:USDT,0.04592,681.0,0.04591,1331.0,0.04577,4.0,0.04578,8.0
1753592947973,05:09:07.973,blofin,ACT/USDT:USDT,0.04592,681.0,0.04591,1331.0,0.04577,4.0,0.04578,8.0
1753592948537,05:09:08.537,blofin,ACT/USDT:USDT,0.04592,681.0,0.04591,1331.0,0.04577,4.0,0.04578,8.0
1753593038602,05:10:38.602,blofin,ACT/USDT:USDT,0.04592,681.0,0.04591,1331.0,0.04577,4.0,0.04578,8.0
1753593039601,05:10:39.601,blofin,ACT/USDT:USDT,0.04592,681.0,0.04591,1331.0,0.04577,4.0,0.04578,8.0
1753593040111,05:10:40.111,blofin,ACT/USDT:USDT,0.04592,681.0,0.04591,1331.0,0.04577,4.0,0.04578,8.0
1753593040605,05:10:40.605,blofin,ACT/USDT:USDT,0.04592,681.0,0.04591,1331.0,0.04577,4.0,0.04578,8.0
1753593041606,05:10:41.606,blofin,ACT/USDT:USDT,0.04592,681.0,0.04591,1331.0,0.04577,4.0,0.04578,8.0
1753593042112,05:10:42.112,blofin,ACT/USDT:USDT,0.04592,681.0,0.04591,1331.0,0.04577,4.0,0.04578,8.0
1753593042605,05:10:42.605,blofin,ACT/USDT:USDT,0.04592,681.0,0.04591,1331.0,0.04577,4.0,0.04578,8.0
1753593043200,05:10:43.200,blofin,ACT/USDT:USDT,0.04592,681.0,0.04591,1331.0,0.04577,4.0,0.04578,8.0
1753593043607,05:10:43.607,blofin,ACT/USDT:USDT,0.04592,681.0,0.04591,1331.0,0.04577,4.0,0.04578,8.0
1753593044217,05:10:44.217,blofin,ACT/USDT:USDT,0.04592,681.0,0.04591,1331.0,0.04577,4.0,0.04578,8.0
1753593044607,05:10:44.607,blofin,ACT/USDT:USDT,0.04592,681.0,0.04591,1331.0,0.04577,4.0,0.04578,8.0
1753593045114,05:10:45.114,blofin,ACT/USDT:USDT,0.04592,681.0,0.04591,1331.0,0.04577,4.0,0.04578,8.0
1753593045610,05:10:45.610,blofin,ACT/USDT:USDT,0.04592,681.0,0.04591,1331.0,0.04577,4.0,0.04578,8.0
1753593046119,05:10:46.119,blofin,ACT/USDT:USDT,0.04592,681.0,0.04591,1331.0,0.04577,4.0,0.04578,8.0
1753593046609,05:10:46.609,blofin,ACT/USDT:USDT,0.04592,681.0,0.04591,1331.0,0.04577,4.0,0.04578,8.0
1753593047118,05:10:47.118,blofin,ACT/USDT:USDT,0.04592,681.0,0.04591,1331.0,0.04577,4.0,0.04578,8.0
1753593132761,05:12:12.761,blofin,ACT/USDT:USDT,0.04592,681.0,0.04591,1331.0,0.04577,4.0,0.04578,8.0
1753593133263,05:12:13.263,blofin,ACT/USDT:USDT,0.04592,681.0,0.04591,1331.0,0.04577,4.0,0.04578,8.0
1753593133764,05:12:13.764,blofin,ACT/USDT:USDT,0.04592,681.0,0.04591,1331.0,0.04577,4.0,0.04578,8.0
1753593134265,05:12:14.265,blofin,ACT/USDT:USDT,0.04592,681.0,0.04591,1331.0,0.04577,4.0,0.04578,8.0
1753593134766,05:12:14.766,blofin,ACT/USDT:USDT,0.04592,681.0,0.04591,1331.0,0.04577,4.0,0.04578,8.0
1753593135266,05:12:15.266,blofin,ACT/USDT:USDT,0.04592,681.0,0.04591,1331.0,0.04577,4.0,0.04578,8.0
1753593135767,05:12:15.767,blofin,ACT/USDT:USDT,0.04592,681.0,0.04591,1331.0,0.04577,4.0,0.04578,8.0
1753593136328,05:12:16.328,blofin,ACT/USDT:USDT,0.04592,681.0,0.04591,1331.0,0.04577,4.0,0.04578,8.0
1753593136771,05:12:16.771,blofin,ACT/USDT:USDT,0.04592,681.0,0.04591,1331.0,0.04577,4.0,0.04578,8.0
1753593137270,05:12:17.270,blofin,ACT/USDT:USDT,0.04592,681.0,0.04591,1331.0,0.04577,4.0,0.04578,8.0
1753593137771,05:12:17.771,blofin,ACT/USDT:USDT,0.04592,681.0,0.04591,1331.0,0.04577,4.0,0.04578,8.0
1753593138271,05:12:18.271,blofin,ACT/USDT:USDT,0.04592,681.0,0.04591,1331.0,0.04577,4.0,0.04578,8.0
1753593138773,05:12:18.773,blofin,ACT/USDT:USDT,0.04592,681.0,0.04591,1331.0,0.04577,4.0,0.04578,8.0
1753593139273,05:12:19.273,blofin,ACT/USDT:USDT,0.04592,681.0,0.04591,1331.0,0.04577,4.0,0.04578,8.0
1753593139773,05:12:19.773,blofin,ACT/USDT:USDT,0.04592,681.0,0.04591,1331.0,0.04577,4.0,0.04578,8.0
1753593140275,05:12:20.275,blofin,ACT/USDT:USDT,0.04592,681.0,0.04591,1331.0,0.04577,4.0,0.04578,8.0
1753593140776,05:12:20.776,blofin,ACT/USDT:USDT,0.04592,681.0,0.04591,1331.0,0.04577,4.0,0.04578,8.0
1753593141276,05:12:21.276,blofin,ACT/USDT:USDT,0.04592,681.0,0.04591,1331.0,0.04577,4.0,0.04578,8.0
1753593229119,05:13:49.119,blofin,ACT/USDT:USDT,0.04592,681.0,0.04591,1331.0,0.04577,4.0,0.04578,8.0
1753593229761,05:13:49.761,blofin,ACT/USDT:USDT,0.04592,681.0,0.04591,1331.0,0.04577,4.0,0.04578,8.0
1753593229906,05:13:49.906,blofin,ACT/USDT:USDT,0.04592,681.0,0.04591,1331.0,0.04577,4.0,0.04578,8.0
1753593230763,05:13:50.763,blofin,ACT/USDT:USDT,0.04592,681.0,0.04591,1331.0,0.04577,4.0,0.04578,8.0
1753593231764,05:13:51.764,blofin,ACT/USDT:USDT,0.04592,681.0,0.04591,1331.0,0.04577,4.0,0.04578,8.0
1753593231911,05:13:51.911,blofin,ACT/USDT:USDT,0.04592,681.0,0.04591,1331.0,0.04577,4.0,0.04578,8.0
1753593232915,05:13:52.915,blofin,ACT/USDT:USDT,0.04592,681.0,0.04591,1331.0,0.04577,4.0,0.04578,8.0
1753593233412,05:13:53.412,blofin,ACT/USDT:USDT,0.04592,681.0,0.04591,1331.0,0.04577,4.0,0.04578,8.0
1753593233913,05:13:53.913,blofin,ACT/USDT:USDT,0.04592,681.0,0.04591,1331.0,0.04577,4.0,0.04578,8.0
1753593234416,05:13:54.416,blofin,ACT/USDT:USDT,0.04592,681.0,0.04591,1331.0,0.04577,4.0,0.04578,8.0
1753593234916,05:13:54.916,blofin,ACT/USDT:USDT,0.04592,681.0,0.04591,1331.0,0.04577,4.0,0.04578,8.0
1753593235766,05:13:55.766,blofin,ACT/USDT:USDT,0.04592,681.0,0.04591,1331.0,0.04577,4.0,0.04578,8.0
1753593236420,05:13:56.420,blofin,ACT/USDT:USDT,0.04592,681.0,0.04591,1331.0,0.04577,4.0,0.04578,8.0
1753593236988,05:13:56.988,blofin,ACT/USDT:USDT,0.04592,681.0,0.04591,1331.0,0.04577,4.0,0.04578,8.0
1753593237421,05:13:57.421,blofin,ACT/USDT:USDT,0.04592,681.0,0.04591,1331.0,0.04577,4.0,0.04578,8.0
1753593237922,05:13:57.922,blofin,ACT/USDT:USDT,0.04592,681.0,0.04591,1331.0,0.04577,4.0,0.04578,8.0
1753593238924,05:13:58.924,blofin,ACT/USDT:USDT,0.04592,681.0,0.04591,1331.0,0.04577,4.0,0.04578,8.0
1753593239929,05:13:59.929,blofin,ACT/USDT:USDT,0.04592,681.0,0.04591,1331.0,0.04577,4.0,0.04578,8.0
1753593240437,05:14:00.437,blofin,ACT/USDT:USDT,0.04592,681.0,0.04591,1331.0,0.04577,4.0,0.04578,8.0
1753593240927,05:14:00.927,blofin,ACT/USDT:USDT,0.04592,681.0,0.04591,1331.0,0.04577,4.0,0.04578,8.0
1753593352089,05:15:52.089,blofin,ACT/USDT:USDT,0.04592,681.0,0.04591,1331.0,0.04577,4.0,0.04578,8.0
1753593352860,05:15:52.860,blofin,ACT/USDT:USDT,0.04592,681.0,0.04591,1331.0,0.04577,72.0,0.04578,8.0
1753593353470,05:15:53.470,blofin,ACT/USDT:USDT,0.04592,681.0,0.04591,1331.0,0.04575,786.0,0.04577,5.0
1753593354093,05:15:54.093,blofin,ACT/USDT:USDT,0.04592,681.0,0.04591,1331.0,0.04576,166.0,0.04577,5.0
1753593355094,05:15:55.094,blofin,ACT/USDT:USDT,0.04592,681.0,0.04591,1331.0,0.04576,836.0,0.04577,5.0
1753593355596,05:15:55.596,blofin,ACT/USDT:USDT,0.04592,681.0,0.04591,1331.0,0.04576,836.0,0.04577,5.0
1753593356096,05:15:56.096,blofin,ACT/USDT:USDT,0.04592,681.0,0.04591,1331.0,0.04576,836.0,0.04577,5.0
1753593356597,05:15:56.597,blofin,ACT/USDT:USDT,0.04592,681.0,0.04591,1331.0,0.04576,837.0,0.04577,4.0
1753593357096,05:15:57.096,blofin,ACT/USDT:USDT,0.04592,681.0,0.04591,1331.0,0.04576,837.0,0.04577,535.0
1753593357597,05:15:57.597,blofin,ACT/USDT:USDT,0.04592,681.0,0.04591,1331.0,0.04576,837.0,0.04577,535.0
1753593358098,05:15:58.098,blofin,ACT/USDT:USDT,0.04592,681.0,0.04591,1331.0,0.04575,841.0,0.04577,4.0
1753593358599,05:15:58.599,blofin,ACT/USDT:USDT,0.04592,681.0,0.04591,1331.0,0.04575,841.0,0.04577,4.0
1753593359099,05:15:59.099,blofin,ACT/USDT:USDT,0.04592,681.0,0.04591,1331.0,0.04575,5.0,0.04576,836.0
1753593359600,05:15:59.600,blofin,ACT/USDT:USDT,0.04592,681.0,0.04591,1331.0,0.04575,5.0,0.04576,836.0
1753593360102,05:16:00.102,blofin,ACT/USDT:USDT,0.04592,681.0,0.04591,1331.0,0.04575,5.0,0.04576,836.0
1753593360674,05:16:00.674,blofin,ACT/USDT:USDT,0.04592,681.0,0.04591,1331.0,0.04576,3.0,0.04577,840.0
1753593361102,05:16:01.102,blofin,ACT/USDT:USDT,0.04592,681.0,0.04591,1331.0,0.04576,3.0,0.04577,1450.0
1753593361604,05:16:01.604,blofin,ACT/USDT:USDT,0.04592,681.0,0.04591,1331.0,0.04577,1453.0,0.04582,12426.0
1753593362105,05:16:02.105,blofin,ACT/USDT:USDT,0.04592,681.0,0.04591,1331.0,0.04577,914.0,0.04578,5529.0
1753593362608,05:16:02.608,blofin,ACT/USDT:USDT,0.04592,681.0,0.04591,1331.0,0.04577,914.0,0.04578,5529.0
1753593363106,05:16:03.106,blofin,ACT/USDT:USDT,0.04592,681.0,0.04591,1331.0,0.04577,913.0,0.04578,2021.0
1753593363607,05:16:03.607,blofin,ACT/USDT:USDT,0.04592,681.0,0.04591,1331.0,0.04577,913.0,0.04578,2021.0
1753593364111,05:16:04.111,blofin,ACT/USDT:USDT,0.04592,681.0,0.04591,1331.0,0.04577,913.0,0.04581,9978.0
1753593458952,05:17:38.952,blofin,ACT/USDT:USDT,0.04592,681.0,0.04591,1331.0,0.04577,913.0,0.04578,1755.0
1753593459559,05:17:39.559,blofin,ACT/USDT:USDT,0.04592,681.0,0.04591,1331.0,0.04577,913.0,0.04578,1762.0
1753593459967,05:17:39.967,blofin,ACT/USDT:USDT,0.04592,681.0,0.04591,1331.0,0.04577,913.0,0.04578,1791.0
1753593460254,05:17:40.254,blofin,ACT/USDT:USDT,0.04592,681.0,0.04591,1331.0,0.04577,913.0,0.04578,1791.0
1753593460953,05:17:40.953,blofin,ACT/USDT:USDT,0.04592,681.0,0.04591,1331.0,0.04577,1182.0,0.04578,1.0
1753593461757,05:17:41.757,blofin,ACT/USDT:USDT,0.04592,681.0,0.04591,1331.0,0.04577,1186.0,0.0458,2828.0
1753593462258,05:17:42.258,blofin,ACT/USDT:USDT,0.04592,681.0,0.04591,1331.0,0.04577,4.0,0.04578,507.0
1753593462955,05:17:42.955,blofin,ACT/USDT:USDT,0.04592,681.0,0.04591,1331.0,0.04578,511.0,0.0458,1027.0
1753593463257,05:17:43.257,blofin,ACT/USDT:USDT,0.04592,681.0,0.04591,1331.0,0.04577,507.0,0.04578,4.0
1753593463959,05:17:43.959,blofin,ACT/USDT:USDT,0.04592,681.0,0.04591,1331.0,0.04578,511.0,0.0458,6304.0
1753593464760,05:17:44.760,blofin,ACT/USDT:USDT,0.04592,681.0,0.04591,1331.0,0.04578,508.0,0.0458,6304.0
1753593465260,05:17:45.260,blofin,ACT/USDT:USDT,0.04592,681.0,0.04591,1331.0,0.04577,169.0,0.04578,1.0
1753593465760,05:17:45.760,blofin,ACT/USDT:USDT,0.04592,681.0,0.04591,1331.0,0.04577,172.0,0.0458,2047.0
1753593466762,05:17:46.762,blofin,ACT/USDT:USDT,0.04592,681.0,0.04591,1331.0,0.04577,172.0,0.04581,9127.0
1753593467263,05:17:47.263,blofin,ACT/USDT:USDT,0.04592,681.0,0.04591,1331.0,0.04578,173.0,0.04581,10628.0
1753593467967,05:17:47.967,blofin,ACT/USDT:USDT,0.04592,681.0,0.04591,1331.0,0.04578,173.0,0.04581,8868.0
1753593544387,05:19:04.387,blofin,ACT/USDT:USDT,0.04592,681.0,0.04591,1331.0,0.04578,173.0,0.04579,38.0
1753593545022,05:19:05.022,blofin,ACT/USDT:USDT,0.04592,681.0,0.04591,1331.0,0.04578,173.0,0.04579,1.0
1753593545390,05:19:05.390,blofin,ACT/USDT:USDT,0.04592,681.0,0.04591,1331.0,0.04578,173.0,0.04579,1.0
1753593546024,05:19:06.024,blofin,ACT/USDT:USDT,0.04592,681.0,0.04591,1331.0,0.04578,173.0,0.04579,1.0
1753593546394,05:19:06.394,blofin,ACT/USDT:USDT,0.04592,681.0,0.04591,1331.0,0.04578,173.0,0.0458,743.0
1753593547023,05:19:07.023,blofin,ACT/USDT:USDT,0.04592,681.0,0.04591,1331.0,0.04578,173.0,0.04579,48.0
1753593547394,05:19:07.394,blofin,ACT/USDT:USDT,0.04592,681.0,0.04591,1331.0,0.04578,173.0,0.04579,48.0
1753593548396,05:19:08.396,blofin,ACT/USDT:USDT,0.04592,681.0,0.04591,1331.0,0.04578,173.0,0.0458,52.0
1753593548897,05:19:08.897,blofin,ACT/USDT:USDT,0.04592,681.0,0.04591,1331.0,0.04578,173.0,0.0458,52.0
1753593549402,05:19:09.402,blofin,ACT/USDT:USDT,0.04592,681.0,0.04591,1331.0,0.04578,173.0,0.0458,52.0
1753593549899,05:19:09.899,blofin,ACT/USDT:USDT,0.04592,681.0,0.04591,1331.0,0.04578,173.0,0.0458,34.0
1753593550517,05:19:10.517,blofin,ACT/USDT:USDT,0.04592,681.0,0.04591,1331.0,0.04578,173.0,0.04581,3.0
1753593551023,05:19:11.023,blofin,ACT/USDT:USDT,0.04592,681.0,0.04591,1331.0,0.04578,173.0,0.04581,3.0
1753593551401,05:19:11.401,blofin,ACT/USDT:USDT,0.04592,681.0,0.04591,1331.0,0.04578,173.0,0.04581,3.0
1753593552023,05:19:12.023,blofin,ACT/USDT:USDT,0.04592,681.0,0.04591,1331.0,0.04578,173.0,0.04581,3.0
1753593552402,05:19:12.402,blofin,ACT/USDT:USDT,0.04592,681.0,0.04591,1331.0,0.04578,173.0,0.04583,8851.0
1753593553023,05:19:13.023,blofin,ACT/USDT:USDT,0.04592,681.0,0.04591,1331.0,0.04578,173.0,0.04584,1074.0
1753593634089,05:20:34.089,blofin,ACT/USDT:USDT,0.04592,681.0,0.04591,1331.0,0.04578,173.0,0.04583,1.0
1753593634529,05:20:34.529,blofin,ACT/USDT:USDT,0.04592,681.0,0.04591,1331.0,0.04578,173.0,0.04584,1017.0
1753593635090,05:20:35.090,blofin,ACT/USDT:USDT,0.04592,681.0,0.04591,1331.0,0.04578,173.0,0.04584,1014.0
1753593635531,05:20:35.531,blofin,ACT/USDT:USDT,0.04592,681.0,0.04591,1331.0,0.04578,173.0,0.04584,1014.0
1753593636089,05:20:36.089,blofin,ACT/USDT:USDT,0.04592,681.0,0.04591,1331.0,0.04578,173.0,0.04584,991.0
1753593636532,05:20:36.532,blofin,ACT/USDT:USDT,0.04592,681.0,0.04591,1331.0,0.04578,173.0,0.04584,993.0
1753593637090,05:20:37.090,blofin,ACT/USDT:USDT,0.04592,681.0,0.04591,1331.0,0.04578,173.0,0.04583,990.0
1753593637533,05:20:37.533,blofin,ACT/USDT:USDT,0.04592,681.0,0.04591,1331.0,0.04578,173.0,0.04583,990.0
1753593638091,05:20:38.091,blofin,ACT/USDT:USDT,0.04592,681.0,0.04591,1331.0,0.04578,173.0,0.04583,994.0
1753593638534,05:20:38.534,blofin,ACT/USDT:USDT,0.04592,681.0,0.04591,1331.0,0.04578,173.0,0.04583,4.0
1753593639091,05:20:39.091,blofin,ACT/USDT:USDT,0.04592,681.0,0.04591,1331.0,0.04578,173.0,0.04583,4.0
1753593639538,05:20:39.538,blofin,ACT/USDT:USDT,0.04592,681.0,0.04591,1331.0,0.04578,173.0,0.04583,4.0
1753593640092,05:20:40.092,blofin,ACT/USDT:USDT,0.04592,681.0,0.04591,1331.0,0.04578,173.0,0.04583,4.0
1753593640537,05:20:40.537,blofin,ACT/USDT:USDT,0.04592,681.0,0.04591,1331.0,0.04578,173.0,0.04584,1427.0
1753593641093,05:20:41.093,blofin,ACT/USDT:USDT,0.04592,681.0,0.04591,1331.0,0.04578,173.0,0.04584,1427.0
1753593642094,05:20:42.094,blofin,ACT/USDT:USDT,0.04592,681.0,0.04591,1331.0,0.04578,173.0,0.04583,1426.0
1753593642545,05:20:42.545,blofin,ACT/USDT:USDT,0.04592,681.0,0.04591,1331.0,0.04578,173.0,0.04583,1426.0
1753593643096,05:20:43.096,blofin,ACT/USDT:USDT,0.04592,681.0,0.04591,1331.0,0.04578,173.0,0.04583,4.0
1753593643546,05:20:43.546,blofin,ACT/USDT:USDT,0.04592,681.0,0.04591,1331.0,0.04578,173.0,0.04583,4.0
1753593644045,05:20:44.045,blofin,ACT/USDT:USDT,0.04592,681.0,0.04591,1331.0,0.04578,173.0,0.04583,4.0
1753593644545,05:20:44.545,blofin,ACT/USDT:USDT,0.04592,681.0,0.04591,1331.0,0.04578,173.0,0.04583,1430.0
1753593645096,05:20:45.096,blofin,ACT/USDT:USDT,0.04592,681.0,0.04591,1331.0,0.04578,173.0,0.04583,4.0
1753593737171,05:22:17.171,blofin,ACT/USDT:USDT,0.04592,681.0,0.04591,1331.0,0.04578,173.0,0.04583,1109.0
1753593737695,05:22:17.695,blofin,ACT/USDT:USDT,0.04592,681.0,0.04591,1331.0,0.04578,173.0,0.04583,1109.0
1753593738176,05:22:18.176,blofin,ACT/USDT:USDT,0.04592,681.0,0.04591,1331.0,0.04579,987.0,0.04584,1002.0
1753593739169,05:22:19.169,blofin,ACT/USDT:USDT,0.04592,681.0,0.04591,1331.0,0.04578,3.0,0.04579,986.0
1753593740170,05:22:20.170,blofin,ACT/USDT:USDT,0.04592,681.0,0.04591,1331.0,0.04578,3.0,0.04579,1005.0
1753593740699,05:22:20.699,blofin,ACT/USDT:USDT,0.04592,681.0,0.04591,1331.0,0.04578,3.0,0.04579,1003.0
1753593741172,05:22:21.172,blofin,ACT/USDT:USDT,0.04592,681.0,0.04591,1331.0,0.04578,3.0,0.04579,1003.0
1753593741701,05:22:21.701,blofin,ACT/USDT:USDT,0.04592,681.0,0.04591,1331.0,0.04578,3.0,0.04579,1005.0
1753593742190,05:22:22.190,blofin,ACT/USDT:USDT,0.04592,681.0,0.04591,1331.0,0.04578,3.0,0.04579,119.0
1753593742702,05:22:22.702,blofin,ACT/USDT:USDT,0.04592,681.0,0.04591,1331.0,0.04578,3.0,0.04579,116.0
1753593743171,05:22:23.171,blofin,ACT/USDT:USDT,0.04592,681.0,0.04591,1331.0,0.04578,3.0,0.04579,116.0
1753593743703,05:22:23.703,blofin,ACT/USDT:USDT,0.04592,681.0,0.04591,1331.0,0.04578,1036.0,0.04581,4769.0
1753593744576,05:22:24.576,blofin,ACT/USDT:USDT,0.04592,681.0,0.04591,1331.0,0.04578,3.0,0.04579,1044.0
1753593744705,05:22:24.705,blofin,ACT/USDT:USDT,0.04592,681.0,0.04591,1331.0,0.04578,3.0,0.04579,1044.0
1753593745173,05:22:25.173,blofin,ACT/USDT:USDT,0.04592,681.0,0.04591,1331.0,0.04578,3.0,0.04579,434.0
1753593816325,05:23:36.325,blofin,ACT/USDT:USDT,0.04592,681.0,0.04591,1331.0,0.04578,3.0,0.04579,434.0
1753593816823,05:23:36.823,blofin,ACT/USDT:USDT,0.04592,681.0,0.04591,1331.0,0.04578,3.0,0.04579,434.0
1753593818327,05:23:38.327,blofin,ACT/USDT:USDT,0.04592,681.0,0.04591,1331.0,0.04578,3.0,0.04579,434.0
1753593819327,05:23:39.327,blofin,ACT/USDT:USDT,0.04592,681.0,0.04591,1331.0,0.04578,3.0,0.04579,434.0
1753593819829,05:23:39.829,blofin,ACT/USDT:USDT,0.04592,681.0,0.04591,1331.0,0.04578,3.0,0.04579,434.0
1753593820684,05:23:40.684,blofin,ACT/USDT:USDT,0.04592,681.0,0.04591,1331.0,0.04578,3.0,0.04579,434.0
1753593821233,05:23:41.233,blofin,ACT/USDT:USDT,0.04592,681.0,0.04591,1331.0,0.04578,3.0,0.04579,434.0
1753593821836,05:23:41.836,blofin,ACT/USDT:USDT,0.04592,681.0,0.04591,1331.0,0.04578,3.0,0.04579,434.0
1753593822333,05:23:42.333,blofin,ACT/USDT:USDT,0.04592,681.0,0.04591,1331.0,0.04578,3.0,0.04579,434.0
1753593822835,05:23:42.835,blofin,ACT/USDT:USDT,0.04592,681.0,0.04591,1331.0,0.04578,3.0,0.04579,434.0
1753593824231,05:23:44.231,blofin,ACT/USDT:USDT,0.04592,681.0,0.04591,1331.0,0.04578,3.0,0.04579,434.0
1753593824837,05:23:44.837,blofin,ACT/USDT:USDT,0.04592,681.0,0.04591,1331.0,0.04578,3.0,0.04579,434.0
1753593825337,05:23:45.337,blofin,ACT/USDT:USDT,0.04592,681.0,0.04591,1331.0,0.04578,3.0,0.04579,434.0
1753593825837,05:23:45.837,blofin,ACT/USDT:USDT,0.04592,681.0,0.04591,1331.0,0.04578,3.0,0.04579,434.0
1753593826339,05:23:46.339,blofin,ACT/USDT:USDT,0.04592,681.0,0.04591,1331.0,0.04578,3.0,0.04579,434.0
1753593826844,05:23:46.844,blofin,ACT/USDT:USDT,0.04592,681.0,0.04591,1331.0,0.04578,3.0,0.04579,434.0
1753593827340,05:23:47.340,blofin,ACT/USDT:USDT,0.04592,681.0,0.04591,1331.0,0.04578,3.0,0.04579,434.0
1753593827841,05:23:47.841,blofin,ACT/USDT:USDT,0.04592,681.0,0.04591,1331.0,0.04578,3.0,0.04579,434.0
1753593919486,05:25:19.486,blofin,ACT/USDT:USDT,0.04592,681.0,0.04591,1331.0,0.04578,3.0,0.04579,434.0
1753593920488,05:25:20.488,blofin,ACT/USDT:USDT,0.04592,13428.0,0.04591,1331.0,0.04578,3.0,0.04579,434.0
1753593920988,05:25:20.988,blofin,ACT/USDT:USDT,0.04593,165.0,0.04592,13428.0,0.04578,3.0,0.04579,434.0
1753593921489,05:25:21.489,blofin,ACT/USDT:USDT,0.04593,165.0,0.04592,6701.0,0.04578,3.0,0.04579,434.0
1753593921990,05:25:21.990,blofin,ACT/USDT:USDT,0.04593,165.0,0.04592,6701.0,0.04578,3.0,0.04579,434.0
1753593922491,05:25:22.491,blofin,ACT/USDT:USDT,0.04594,159.0,0.04593,6872.0,0.04578,3.0,0.04579,434.0
1753593922993,05:25:22.993,blofin,ACT/USDT:USDT,0.04594,159.0,0.04593,6872.0,0.04578,3.0,0.04579,434.0
1753593923493,05:25:23.493,blofin,ACT/USDT:USDT,0.04594,505.0,0.04593,1.0,0.04578,3.0,0.04579,434.0
1753593924313,05:25:24.313,blofin,ACT/USDT:USDT,0.04594,514.0,0.04593,1267.0,0.04578,3.0,0.04579,434.0
1753593924996,05:25:24.996,blofin,ACT/USDT:USDT,0.04594,514.0,0.04593,1267.0,0.04578,3.0,0.04579,434.0
1753593925495,05:25:25.495,blofin,ACT/USDT:USDT,0.04595,315.0,0.04594,4833.0,0.04578,3.0,0.04579,434.0
1753593925996,05:25:25.996,blofin,ACT/USDT:USDT,0.04595,315.0,0.04594,4833.0,0.04578,3.0,0.04579,434.0
1753593926497,05:25:26.497,blofin,ACT/USDT:USDT,0.04595,192.0,0.04594,4833.0,0.04578,3.0,0.04579,434.0
1753593927314,05:25:27.314,blofin,ACT/USDT:USDT,0.04595,255.0,0.04594,4831.0,0.04578,3.0,0.04579,434.0
1753593927833,05:25:27.833,blofin,ACT/USDT:USDT,0.04595,262.0,0.04594,4831.0,0.04578,3.0,0.04579,434.0
1753593928313,05:25:28.313,blofin,ACT/USDT:USDT,0.04595,716.0,0.04594,5875.0,0.04578,3.0,0.04579,434.0
1753593929000,05:25:29.000,blofin,ACT/USDT:USDT,0.04595,74.0,0.04593,1.0,0.04578,3.0,0.04579,434.0
1753594001613,05:26:41.613,blofin,ACT/USDT:USDT,0.04595,74.0,0.04593,1.0,0.04578,3.0,0.04579,434.0
1753594002191,05:26:42.191,blofin,ACT/USDT:USDT,0.04596,496.0,0.04595,5.0,0.04578,3.0,0.04579,434.0
1753594002617,05:26:42.617,blofin,ACT/USDT:USDT,0.04597,205.0,0.04596,6512.0,0.04578,3.0,0.04579,434.0
1753594003118,05:26:43.118,blofin,ACT/USDT:USDT,0.04597,18.0,0.04596,4560.0,0.04578,3.0,0.04579,434.0
1753594003617,05:26:43.617,blofin,ACT/USDT:USDT,0.04597,303.0,0.04594,1202.0,0.04578,3.0,0.04579,434.0
1753594004119,05:26:44.119,blofin,ACT/USDT:USDT,0.04597,303.0,0.04594,1334.0,0.04578,3.0,0.04579,434.0
1753594004618,05:26:44.618,blofin,ACT/USDT:USDT,0.04597,304.0,0.04595,1398.0,0.04578,3.0,0.04579,434.0
1753594005369,05:26:45.369,blofin,ACT/USDT:USDT,0.04597,304.0,0.04596,3115.0,0.04578,3.0,0.04579,434.0
1753594005621,05:26:45.621,blofin,ACT/USDT:USDT,0.04597,304.0,0.04596,3115.0,0.04578,3.0,0.04579,434.0
1753594006625,05:26:46.625,blofin,ACT/USDT:USDT,0.04597,302.0,0.04596,4703.0,0.04578,3.0,0.04579,434.0
1753594007121,05:26:47.121,blofin,ACT/USDT:USDT,0.04598,303.0,0.04595,2171.0,0.04578,3.0,0.04579,434.0
1753594007623,05:26:47.623,blofin,ACT/USDT:USDT,0.04598,207.0,0.04597,3597.0,0.04578,3.0,0.04579,434.0
1753594008378,05:26:48.378,blofin,ACT/USDT:USDT,0.04598,207.0,0.04594,1334.0,0.04578,3.0,0.04579,434.0
1753594008626,05:26:48.626,blofin,ACT/USDT:USDT,0.04598,214.0,0.04594,683.0,0.04578,3.0,0.04579,434.0
1753594009372,05:26:49.372,blofin,ACT/USDT:USDT,0.04598,223.0,0.04594,1272.0,0.04578,3.0,0.04579,434.0
1753594009626,05:26:49.626,blofin,ACT/USDT:USDT,0.04598,223.0,0.04594,1272.0,0.04578,3.0,0.04579,434.0
1753594010373,05:26:50.373,blofin,ACT/USDT:USDT,0.04598,27.0,0.04594,3343.0,0.04578,3.0,0.04579,434.0
1753594010627,05:26:50.627,blofin,ACT/USDT:USDT,0.04598,27.0,0.04594,3343.0,0.04578,3.0,0.04579,434.0
1753594011372,05:26:51.372,blofin,ACT/USDT:USDT,0.04598,29.0,0.04595,1344.0,0.04578,3.0,0.04579,434.0
1753594011630,05:26:51.630,blofin,ACT/USDT:USDT,0.04598,28.0,0.04595,1344.0,0.04578,3.0,0.04579,434.0
1753594012377,05:26:52.377,blofin,ACT/USDT:USDT,0.04598,29.0,0.04594,683.0,0.04578,3.0,0.04579,434.0
1753594012632,05:26:52.632,blofin,ACT/USDT:USDT,0.04598,29.0,0.04594,683.0,0.04578,3.0,0.04579,434.0
1753594013376,05:26:53.376,blofin,ACT/USDT:USDT,0.04598,28.0,0.04593,4727.0,0.04578,3.0,0.04579,434.0
1753594115274,05:28:35.274,blofin,ACT/USDT:USDT,0.04598,28.0,0.04593,4727.0,0.04578,3.0,0.04579,434.0
1753594115774,05:28:35.774,blofin,ACT/USDT:USDT,0.04599,11880.0,0.04598,28.0,0.04578,3.0,0.04579,434.0
1753594116276,05:28:36.276,blofin,ACT/USDT:USDT,0.04601,1317.0,0.04599,11880.0,0.04578,3.0,0.04579,434.0
1753594116777,05:28:36.777,blofin,ACT/USDT:USDT,0.04601,1317.0,0.04599,9097.0,0.04578,3.0,0.04579,434.0
1753594117469,05:28:37.469,blofin,ACT/USDT:USDT,0.04601,1317.0,0.04599,6583.0,0.04578,3.0,0.04579,434.0
1753594117776,05:28:37.776,blofin,ACT/USDT:USDT,0.04603,1316.0,0.04601,4327.0,0.04578,3.0,0.04579,434.0
1753594118278,05:28:38.278,blofin,ACT/USDT:USDT,0.04603,1316.0,0.04601,4327.0,0.04578,3.0,0.04579,434.0
1753594118778,05:28:38.778,blofin,ACT/USDT:USDT,0.04603,521.0,0.04602,1097.0,0.04578,3.0,0.04579,434.0
1753594119279,05:28:39.279,blofin,ACT/USDT:USDT,0.04603,518.0,0.04602,1097.0,0.04578,3.0,0.04579,434.0
1753594119788,05:28:39.788,blofin,ACT/USDT:USDT,0.04603,518.0,0.04601,3.0,0.04578,3.0,0.04579,434.0
1753594120281,05:28:40.281,blofin,ACT/USDT:USDT,0.04603,518.0,0.04601,3.0,0.04578,3.0,0.04579,434.0
1753594120783,05:28:40.783,blofin,ACT/USDT:USDT,0.04603,518.0,0.04601,3.0,0.04578,3.0,0.04579,434.0
1753594121471,05:28:41.471,blofin,ACT/USDT:USDT,0.04603,475.0,0.04601,3.0,0.04578,3.0,0.04579,434.0
1753594121785,05:28:41.785,blofin,ACT/USDT:USDT,0.04603,475.0,0.04601,3.0,0.04578,3.0,0.04579,434.0
1753594122473,05:28:42.473,blofin,ACT/USDT:USDT,0.04603,475.0,0.04601,3.0,0.04578,3.0,0.04579,434.0
1753594122787,05:28:42.787,blofin,ACT/USDT:USDT,0.04603,475.0,0.04601,3.0,0.04578,3.0,0.04579,434.0
1753594123787,05:28:43.787,blofin,ACT/USDT:USDT,0.04603,1.0,0.04602,1050.0,0.04578,3.0,0.04579,434.0
1753594124268,05:28:44.268,blofin,ACT/USDT:USDT,0.04603,1.0,0.04601,357.0,0.04578,3.0,0.04579,434.0
1753594124793,05:28:44.793,blofin,ACT/USDT:USDT,0.04601,87.0,0.04599,12606.0,0.04578,3.0,0.04579,434.0
1753594125476,05:28:45.476,blofin,ACT/USDT:USDT,0.04601,468.0,0.04599,13561.0,0.04578,3.0,0.04579,434.0
1753594125789,05:28:45.789,blofin,ACT/USDT:USDT,0.04601,468.0,0.04599,13561.0,0.04578,3.0,0.04579,434.0
1753594219548,05:30:19.548,blofin,ACT/USDT:USDT,0.04601,468.0,0.04599,13561.0,0.04578,3.0,0.04579,434.0
1753594220550,05:30:20.550,blofin,ACT/USDT:USDT,0.04601,468.0,0.04599,13561.0,0.04578,3.0,0.04579,434.0
1753594220929,05:30:20.929,blofin,ACT/USDT:USDT,0.04601,468.0,0.04599,13561.0,0.04578,3.0,0.04579,434.0
1753594221548,05:30:21.548,blofin,ACT/USDT:USDT,0.04601,468.0,0.04599,13561.0,0.04578,3.0,0.04579,434.0
1753594221931,05:30:21.931,blofin,ACT/USDT:USDT,0.04601,468.0,0.04599,13561.0,0.04578,3.0,0.04579,434.0
1753594222550,05:30:22.550,blofin,ACT/USDT:USDT,0.04601,468.0,0.04599,13561.0,0.04578,3.0,0.04579,434.0
1753594222931,05:30:22.931,blofin,ACT/USDT:USDT,0.04601,468.0,0.04599,13561.0,0.04578,3.0,0.04579,434.0
1753594223933,05:30:23.933,blofin,ACT/USDT:USDT,0.04601,468.0,0.04599,13561.0,0.04578,3.0,0.04579,434.0
1753594224435,05:30:24.435,blofin,ACT/USDT:USDT,0.04601,468.0,0.04599,13561.0,0.04578,3.0,0.04579,434.0
1753594224937,05:30:24.937,blofin,ACT/USDT:USDT,0.04601,468.0,0.04599,13561.0,0.04578,3.0,0.04579,434.0
1753594225551,05:30:25.551,blofin,ACT/USDT:USDT,0.04601,468.0,0.04599,13561.0,0.04578,3.0,0.04579,434.0
1753594225938,05:30:25.938,blofin,ACT/USDT:USDT,0.04601,468.0,0.04599,13561.0,0.04578,3.0,0.04579,434.0
1753594226555,05:30:26.555,blofin,ACT/USDT:USDT,0.04601,468.0,0.04599,13561.0,0.04578,3.0,0.04579,434.0
1753594226942,05:30:26.942,blofin,ACT/USDT:USDT,0.04601,468.0,0.04599,13561.0,0.04578,3.0,0.04579,434.0
1753594227569,05:30:27.569,blofin,ACT/USDT:USDT,0.04601,468.0,0.04599,13561.0,0.04578,3.0,0.04579,434.0
1753594228203,05:30:28.203,blofin,ACT/USDT:USDT,0.04601,468.0,0.04599,13561.0,0.04578,3.0,0.04579,434.0
1753594228519,05:30:28.519,blofin,ACT/USDT:USDT,0.04601,468.0,0.04599,13561.0,0.04578,3.0,0.04579,434.0
1753594313575,05:31:53.575,blofin,ACT/USDT:USDT,0.04601,468.0,0.04599,1206.0,0.04578,3.0,0.04579,434.0
1753594314073,05:31:54.073,blofin,ACT/USDT:USDT,0.04601,12.0,0.046,2201.0,0.04578,3.0,0.04579,434.0
1753594314573,05:31:54.573,blofin,ACT/USDT:USDT,0.04601,14.0,0.046,2201.0,0.04578,3.0,0.04579,434.0
1753594315076,05:31:55.076,blofin,ACT/USDT:USDT,0.04601,13.0,0.046,5.0,0.04578,3.0,0.04579,434.0
1753594315576,05:31:55.576,blofin,ACT/USDT:USDT,0.04601,11.0,0.046,5.0,0.04578,3.0,0.04579,434.0
1753594316079,05:31:56.079,blofin,ACT/USDT:USDT,0.04601,11.0,0.046,5.0,0.04578,3.0,0.04579,434.0
1753594316575,05:31:56.575,blofin,ACT/USDT:USDT,0.04601,11.0,0.046,5.0,0.04578,3.0,0.04579,434.0
1753594317077,05:31:57.077,blofin,ACT/USDT:USDT,0.04601,11.0,0.046,5.0,0.04578,3.0,0.04579,434.0
1753594318078,05:31:58.078,blofin,ACT/USDT:USDT,0.04601,11.0,0.046,5.0,0.04578,3.0,0.04579,434.0
1753594319079,05:31:59.079,blofin,ACT/USDT:USDT,0.04601,14.0,0.046,5.0,0.04578,3.0,0.04579,434.0
1753594320082,05:32:00.082,blofin,ACT/USDT:USDT,0.04601,13.0,0.046,2497.0,0.04578,3.0,0.04579,434.0
1753594321087,05:32:01.087,blofin,ACT/USDT:USDT,0.04601,14.0,0.046,3375.0,0.04578,3.0,0.04579,434.0
1753594321586,05:32:01.586,blofin,ACT/USDT:USDT,0.04601,14.0,0.046,3375.0,0.04578,3.0,0.04579,434.0
1753594401205,05:33:21.205,blofin,ACT/USDT:USDT,0.04601,14.0,0.046,3993.0,0.04578,3.0,0.04579,434.0
1753594401684,05:33:21.684,blofin,ACT/USDT:USDT,0.04601,14.0,0.04599,7862.0,0.04578,3.0,0.04579,434.0
1753594402684,05:33:22.684,blofin,ACT/USDT:USDT,0.04603,515.0,0.04601,14.0,0.04578,3.0,0.04579,434.0
1753594403207,05:33:23.207,blofin,ACT/USDT:USDT,0.04603,519.0,0.04601,14.0,0.04578,3.0,0.04579,434.0
1753594403688,05:33:23.688,blofin,ACT/USDT:USDT,0.04603,519.0,0.04602,4456.0,0.04578,3.0,0.04579,434.0
1753594404208,05:33:24.208,blofin,ACT/USDT:USDT,0.04604,511.0,0.04603,703.0,0.04578,3.0,0.04579,434.0
1753594404685,05:33:24.685,blofin,ACT/USDT:USDT,0.04604,193.0,0.04603,4.0,0.04578,3.0,0.04579,434.0
1753594405211,05:33:25.211,blofin,ACT/USDT:USDT,0.04604,196.0,0.04603,4.0,0.04578,3.0,0.04579,434.0
1753594405687,05:33:25.687,blofin,ACT/USDT:USDT,0.04604,196.0,0.04603,1861.0,0.04578,3.0,0.04579,434.0
1753594406688,05:33:26.688,blofin,ACT/USDT:USDT,0.04604,193.0,0.04603,4.0,0.04578,3.0,0.04579,434.0
1753594407216,05:33:27.216,blofin,ACT/USDT:USDT,0.04604,193.0,0.04603,4.0,0.04578,3.0,0.04579,434.0
1753594407688,05:33:27.688,blofin,ACT/USDT:USDT,0.04604,168.0,0.04603,4.0,0.04578,3.0,0.04579,434.0
1753594408218,05:33:28.218,blofin,ACT/USDT:USDT,0.04604,168.0,0.04603,4.0,0.04578,3.0,0.04579,434.0
1753594408687,05:33:28.687,blofin,ACT/USDT:USDT,0.04604,171.0,0.04603,4.0,0.04578,3.0,0.04579,434.0
1753594409220,05:33:29.220,blofin,ACT/USDT:USDT,0.04604,168.0,0.04603,4.0,0.04578,3.0,0.04579,434.0
1753594409690,05:33:29.690,blofin,ACT/USDT:USDT,0.04604,168.0,0.04603,4.0,0.04578,3.0,0.04579,434.0
1753594410220,05:33:30.220,blofin,ACT/USDT:USDT,0.04604,168.0,0.04603,4.0,0.04578,3.0,0.04579,434.0
1753594494846,05:34:54.846,blofin,ACT/USDT:USDT,0.04604,168.0,0.04603,4.0,0.04578,3.0,0.04579,434.0
1753594495347,05:34:55.347,blofin,ACT/USDT:USDT,0.04604,168.0,0.04603,4.0,0.04578,3.0,0.04579,434.0
1753594495847,05:34:55.847,blofin,ACT/USDT:USDT,0.04604,168.0,0.04603,4.0,0.04578,3.0,0.04579,434.0
1753594496348,05:34:56.348,blofin,ACT/USDT:USDT,0.04604,168.0,0.04603,4.0,0.04578,3.0,0.04579,434.0
1753594496849,05:34:56.849,blofin,ACT/USDT:USDT,0.04604,168.0,0.04603,4.0,0.04578,3.0,0.04579,434.0
1753594497350,05:34:57.350,blofin,ACT/USDT:USDT,0.04604,168.0,0.04603,4.0,0.04578,3.0,0.04579,434.0
1753594497853,05:34:57.853,blofin,ACT/USDT:USDT,0.04604,168.0,0.04603,4.0,0.04578,3.0,0.04579,434.0
1753594498350,05:34:58.350,blofin,ACT/USDT:USDT,0.04604,168.0,0.04603,4.0,0.04578,3.0,0.04579,434.0
1753594498851,05:34:58.851,blofin,ACT/USDT:USDT,0.04604,168.0,0.04603,4.0,0.04578,3.0,0.04579,434.0
1753594499352,05:34:59.352,blofin,ACT/USDT:USDT,0.04604,168.0,0.04603,4.0,0.04578,3.0,0.04579,434.0
1753594499852,05:34:59.852,blofin,ACT/USDT:USDT,0.04604,168.0,0.04603,4.0,0.04578,3.0,0.04579,434.0
1753594500355,05:35:00.355,blofin,ACT/USDT:USDT,0.04604,168.0,0.04603,4.0,0.04578,3.0,0.04579,434.0
1753594500855,05:35:00.855,blofin,ACT/USDT:USDT,0.04604,168.0,0.04603,4.0,0.04578,3.0,0.04579,434.0
1753594501761,05:35:01.761,blofin,ACT/USDT:USDT,0.04604,168.0,0.04603,4.0,0.04578,3.0,0.04579,434.0
1753594502354,05:35:02.354,blofin,ACT/USDT:USDT,0.04604,168.0,0.04603,4.0,0.04578,3.0,0.04579,434.0
1753594502856,05:35:02.856,blofin,ACT/USDT:USDT,0.04604,168.0,0.04603,4.0,0.04578,3.0,0.04579,434.0
1753594503855,05:35:03.855,blofin,ACT/USDT:USDT,0.04604,168.0,0.04603,4.0,0.04578,3.0,0.04579,434.0
1753594504360,05:35:04.360,blofin,ACT/USDT:USDT,0.04604,168.0,0.04603,4.0,0.04578,3.0,0.04579,434.0
1753594504859,05:35:04.859,blofin,ACT/USDT:USDT,0.04604,168.0,0.04603,4.0,0.04578,3.0,0.04579,434.0
1753594505675,05:35:05.675,blofin,ACT/USDT:USDT,0.04604,168.0,0.04603,4.0,0.04578,3.0,0.04579,434.0
1753594506360,05:35:06.360,blofin,ACT/USDT:USDT,0.04604,168.0,0.04603,4.0,0.04578,3.0,0.04579,434.0
1753594615032,05:36:55.032,blofin,ACT/USDT:USDT,0.04604,168.0,0.04603,4.0,0.04578,3.0,0.04579,434.0
1753594615532,05:36:55.532,blofin,ACT/USDT:USDT,0.04604,168.0,0.04603,4.0,0.04578,3.0,0.04579,434.0
1753594616033,05:36:56.033,blofin,ACT/USDT:USDT,0.04604,168.0,0.04603,4.0,0.04578,3.0,0.04579,434.0
1753594616533,05:36:56.533,blofin,ACT/USDT:USDT,0.04604,168.0,0.04603,4.0,0.04578,3.0,0.04579,434.0
1753594617036,05:36:57.036,blofin,ACT/USDT:USDT,0.04604,168.0,0.04603,4.0,0.04578,3.0,0.04579,434.0
1753594617535,05:36:57.535,blofin,ACT/USDT:USDT,0.04604,168.0,0.04603,4.0,0.04578,3.0,0.04579,434.0
1753594618037,05:36:58.037,blofin,ACT/USDT:USDT,0.04604,168.0,0.04603,4.0,0.04578,3.0,0.04579,434.0
1753594619038,05:36:59.038,blofin,ACT/USDT:USDT,0.04604,168.0,0.04603,4.0,0.04578,3.0,0.04579,434.0
1753594619539,05:36:59.539,blofin,ACT/USDT:USDT,0.04604,168.0,0.04603,4.0,0.04578,3.0,0.04579,434.0
1753594620198,05:37:00.198,blofin,ACT/USDT:USDT,0.04604,168.0,0.04603,4.0,0.04578,3.0,0.04579,434.0
1753594620544,05:37:00.544,blofin,ACT/USDT:USDT,0.04604,168.0,0.04603,4.0,0.04578,3.0,0.04579,434.0
1753594621044,05:37:01.044,blofin,ACT/USDT:USDT,0.04604,168.0,0.04603,4.0,0.04578,3.0,0.04579,434.0
1753594622046,05:37:02.046,blofin,ACT/USDT:USDT,0.04604,168.0,0.04603,4.0,0.04578,3.0,0.04579,434.0
1753594622792,05:37:02.792,blofin,ACT/USDT:USDT,0.04604,168.0,0.04603,4.0,0.04578,3.0,0.04579,434.0
1753594623229,05:37:03.229,blofin,ACT/USDT:USDT,0.04604,168.0,0.04603,4.0,0.04578,3.0,0.04579,434.0
1753594623546,05:37:03.546,blofin,ACT/USDT:USDT,0.04604,168.0,0.04603,4.0,0.04578,3.0,0.04579,434.0
1753594624046,05:37:04.046,blofin,ACT/USDT:USDT,0.04604,168.0,0.04603,4.0,0.04578,3.0,0.04579,434.0
1753594624547,05:37:04.547,blofin,ACT/USDT:USDT,0.04604,168.0,0.04603,4.0,0.04578,3.0,0.04579,434.0
1753594625047,05:37:05.047,blofin,ACT/USDT:USDT,0.04604,168.0,0.04603,4.0,0.04578,3.0,0.04579,434.0
1753594625548,05:37:05.548,blofin,ACT/USDT:USDT,0.04604,168.0,0.04603,4.0,0.04578,3.0,0.04579,434.0
1753594626050,05:37:06.050,blofin,ACT/USDT:USDT,0.04604,168.0,0.04603,4.0,0.04578,3.0,0.04579,434.0
1753594626550,05:37:06.550,blofin,ACT/USDT:USDT,0.04604,168.0,0.04603,4.0,0.04578,3.0,0.04579,434.0
1753594627050,05:37:07.050,blofin,ACT/USDT:USDT,0.04604,168.0,0.04603,4.0,0.04578,3.0,0.04579,434.0
1753594627550,05:37:07.550,blofin,ACT/USDT:USDT,0.04604,168.0,0.04603,4.0,0.04578,3.0,0.04579,434.0
1753594720931,05:38:40.931,blofin,ACT/USDT:USDT,0.04603,4781.0,0.04601,1452.0,0.04578,3.0,0.04579,434.0
1753594721191,05:38:41.191,blofin,ACT/USDT:USDT,0.04607,1226.0,0.04603,4781.0,0.04578,3.0,0.04579,434.0
1753594721934,05:38:41.934,blofin,ACT/USDT:USDT,0.04607,1226.0,0.04602,1378.0,0.04578,3.0,0.04579,434.0
1753594722191,05:38:42.191,blofin,ACT/USDT:USDT,0.04607,1226.0,0.04602,1378.0,0.04578,3.0,0.04579,434.0
1753594722933,05:38:42.933,blofin,ACT/USDT:USDT,0.04607,1226.0,0.04606,1326.0,0.04578,3.0,0.04579,434.0
1753594723194,05:38:43.194,blofin,ACT/USDT:USDT,0.04607,1225.0,0.04606,1326.0,0.04578,3.0,0.04579,434.0
1753594723932,05:38:43.932,blofin,ACT/USDT:USDT,0.04607,1225.0,0.04606,1326.0,0.04578,3.0,0.04579,434.0
1753594724696,05:38:44.696,blofin,ACT/USDT:USDT,0.04607,1224.0,0.04605,5027.0,0.04578,3.0,0.04579,434.0
1753594724936,05:38:44.936,blofin,ACT/USDT:USDT,0.04607,1224.0,0.04605,11492.0,0.04578,3.0,0.04579,434.0
1753594725197,05:38:45.197,blofin,ACT/USDT:USDT,0.04607,1224.0,0.04605,11492.0,0.04578,3.0,0.04579,434.0
1753594725935,05:38:45.935,blofin,ACT/USDT:USDT,0.04607,1224.0,0.04605,8736.0,0.04578,3.0,0.04579,434.0
1753594726198,05:38:46.198,blofin,ACT/USDT:USDT,0.04608,4370.0,0.04607,2.0,0.04578,3.0,0.04579,434.0
1753594726938,05:38:46.938,blofin,ACT/USDT:USDT,0.04608,3215.0,0.04605,9345.0,0.04578,3.0,0.04579,434.0
1753594727201,05:38:47.201,blofin,ACT/USDT:USDT,0.04608,3216.0,0.04605,9345.0,0.04578,3.0,0.04579,434.0
1753594727937,05:38:47.937,blofin,ACT/USDT:USDT,0.04608,3216.0,0.04605,5027.0,0.04578,3.0,0.04579,434.0
1753594728202,05:38:48.202,blofin,ACT/USDT:USDT,0.04608,3216.0,0.04605,5027.0,0.04578,3.0,0.04579,434.0
1753594728704,05:38:48.704,blofin,ACT/USDT:USDT,0.04608,3215.0,0.04605,5027.0,0.04578,3.0,0.04579,434.0
1753594729203,05:38:49.203,blofin,ACT/USDT:USDT,0.04608,133.0,0.04607,3714.0,0.04578,3.0,0.04579,434.0
1753594729704,05:38:49.704,blofin,ACT/USDT:USDT,0.04608,135.0,0.04607,3714.0,0.04578,3.0,0.04579,434.0
1753594809004,05:40:09.004,blofin,ACT/USDT:USDT,0.04608,8396.0,0.04607,3714.0,0.04578,3.0,0.04579,434.0
1753594809821,05:40:09.821,blofin,ACT/USDT:USDT,0.04608,1855.0,0.04607,4781.0,0.04578,3.0,0.04579,434.0
1753594810322,05:40:10.322,blofin,ACT/USDT:USDT,0.04608,3892.0,0.04605,7513.0,0.04578,3.0,0.04579,434.0
1753594810823,05:40:10.823,blofin,ACT/USDT:USDT,0.04608,1855.0,0.04605,13876.0,0.04578,3.0,0.04579,434.0
1753594811322,05:40:11.322,blofin,ACT/USDT:USDT,0.04608,1855.0,0.04607,2114.0,0.04578,3.0,0.04579,434.0
1753594811824,05:40:11.824,blofin,ACT/USDT:USDT,0.04608,1855.0,0.04607,1572.0,0.04578,3.0,0.04579,434.0
1753594812325,05:40:12.325,blofin,ACT/USDT:USDT,0.04609,2693.0,0.04608,2097.0,0.04578,3.0,0.04579,434.0
1753594813007,05:40:13.007,blofin,ACT/USDT:USDT,0.04608,6148.0,0.04605,9626.0,0.04578,3.0,0.04579,434.0
1753594813327,05:40:13.327,blofin,ACT/USDT:USDT,0.04608,6148.0,0.04605,9626.0,0.04578,3.0,0.04579,434.0
1753594814007,05:40:14.007,blofin,ACT/USDT:USDT,0.04608,6148.0,0.04605,1884.0,0.04578,3.0,0.04579,434.0
1753594814329,05:40:14.329,blofin,ACT/USDT:USDT,0.0461,169.0,0.04608,6838.0,0.04578,3.0,0.04579,434.0
1753594815010,05:40:15.010,blofin,ACT/USDT:USDT,0.0461,169.0,0.04608,1855.0,0.04578,3.0,0.04579,434.0
1753594815332,05:40:15.332,blofin,ACT/USDT:USDT,0.0461,166.0,0.04608,1855.0,0.04578,3.0,0.04579,434.0
1753594816009,05:40:16.009,blofin,ACT/USDT:USDT,0.0461,166.0,0.04608,1855.0,0.04578,3.0,0.04579,434.0
1753594816512,05:40:16.512,blofin,ACT/USDT:USDT,0.0461,167.0,0.04608,1855.0,0.04578,3.0,0.04579,434.0
1753594817011,05:40:17.011,blofin,ACT/USDT:USDT,0.04611,464.0,0.04609,4158.0,0.04578,3.0,0.04579,434.0
1753594817679,05:40:17.679,blofin,ACT/USDT:USDT,0.04611,3.0,0.04609,329.0,0.04578,3.0,0.04579,434.0
1753594818336,05:40:18.336,blofin,ACT/USDT:USDT,0.0461,149.0,0.04609,4.0,0.04578,3.0,0.04579,434.0
1753594906072,05:41:46.072,blofin,ACT/USDT:USDT,0.0461,149.0,0.04609,4.0,0.04578,3.0,0.04579,434.0
1753594906466,05:41:46.466,blofin,ACT/USDT:USDT,0.0461,149.0,0.04609,4.0,0.04578,3.0,0.04579,434.0
1753594907074,05:41:47.074,blofin,ACT/USDT:USDT,0.0461,149.0,0.04609,4.0,0.04578,3.0,0.04579,434.0
1753594907468,05:41:47.468,blofin,ACT/USDT:USDT,0.0461,149.0,0.04609,4.0,0.04578,3.0,0.04579,434.0
1753594908470,05:41:48.470,blofin,ACT/USDT:USDT,0.0461,149.0,0.04609,4.0,0.04578,3.0,0.04579,434.0
1753594908971,05:41:48.971,blofin,ACT/USDT:USDT,0.0461,149.0,0.04609,4.0,0.04578,3.0,0.04579,434.0
1753594909471,05:41:49.471,blofin,ACT/USDT:USDT,0.0461,149.0,0.04609,4.0,0.04578,3.0,0.04579,434.0
1753594910076,05:41:50.076,blofin,ACT/USDT:USDT,0.0461,149.0,0.04609,4.0,0.04578,3.0,0.04579,434.0
1753594911077,05:41:51.077,blofin,ACT/USDT:USDT,0.0461,149.0,0.04609,4.0,0.04578,3.0,0.04579,434.0
1753594911476,05:41:51.476,blofin,ACT/USDT:USDT,0.0461,149.0,0.04609,4.0,0.04578,3.0,0.04579,434.0
1753594912077,05:41:52.077,blofin,ACT/USDT:USDT,0.0461,149.0,0.04609,4.0,0.04578,3.0,0.04579,434.0
1753594912476,05:41:52.476,blofin,ACT/USDT:USDT,0.0461,149.0,0.04609,4.0,0.04578,3.0,0.04579,434.0
1753594913078,05:41:53.078,blofin,ACT/USDT:USDT,0.0461,149.0,0.04609,4.0,0.04578,3.0,0.04579,434.0
1753594913977,05:41:53.977,blofin,ACT/USDT:USDT,0.0461,149.0,0.04609,4.0,0.04578,3.0,0.04579,434.0
1753594914599,05:41:54.599,blofin,ACT/USDT:USDT,0.0461,149.0,0.04609,4.0,0.04578,3.0,0.04579,434.0
1753594915080,05:41:55.080,blofin,ACT/USDT:USDT,0.0461,149.0,0.04609,4.0,0.04578,3.0,0.04579,434.0
1753594915481,05:41:55.481,blofin,ACT/USDT:USDT,0.0461,149.0,0.04609,4.0,0.04578,3.0,0.04579,434.0
1753594916480,05:41:56.480,blofin,ACT/USDT:USDT,0.0461,149.0,0.04609,4.0,0.04578,3.0,0.04579,434.0
1753594917080,05:41:57.080,blofin,ACT/USDT:USDT,0.0461,149.0,0.04609,4.0,0.04578,3.0,0.04579,434.0
1753594917482,05:41:57.482,blofin,ACT/USDT:USDT,0.0461,149.0,0.04609,4.0,0.04578,3.0,0.04579,434.0
1753594918081,05:41:58.081,blofin,ACT/USDT:USDT,0.0461,149.0,0.04609,4.0,0.04578,3.0,0.04579,434.0
1753595017635,05:43:37.635,blofin,ACT/USDT:USDT,0.0461,149.0,0.04609,4.0,0.04578,3.0,0.04579,434.0
1753595018137,05:43:38.137,blofin,ACT/USDT:USDT,0.0461,149.0,0.04609,4.0,0.04578,3.0,0.04579,434.0
1753595018638,05:43:38.638,blofin,ACT/USDT:USDT,0.0461,149.0,0.04609,4.0,0.04578,3.0,0.04579,434.0
1753595019139,05:43:39.139,blofin,ACT/USDT:USDT,0.0461,149.0,0.04609,4.0,0.04578,3.0,0.04579,434.0
1753595019640,05:43:39.640,blofin,ACT/USDT:USDT,0.0461,149.0,0.04609,4.0,0.04578,3.0,0.04579,434.0
1753595020142,05:43:40.142,blofin,ACT/USDT:USDT,0.0461,149.0,0.04609,4.0,0.04578,3.0,0.04579,434.0
1753595020642,05:43:40.642,blofin,ACT/USDT:USDT,0.0461,149.0,0.04609,4.0,0.04578,3.0,0.04579,434.0
1753595021159,05:43:41.159,blofin,ACT/USDT:USDT,0.0461,149.0,0.04609,4.0,0.04578,3.0,0.04579,434.0
1753595021644,05:43:41.644,blofin,ACT/USDT:USDT,0.0461,149.0,0.04609,4.0,0.04578,3.0,0.04579,434.0
1753595022144,05:43:42.144,blofin,ACT/USDT:USDT,0.0461,149.0,0.04609,4.0,0.04578,3.0,0.04579,434.0
1753595022647,05:43:42.647,blofin,ACT/USDT:USDT,0.0461,149.0,0.04609,4.0,0.04578,3.0,0.04579,434.0
1753595023576,05:43:43.576,blofin,ACT/USDT:USDT,0.0461,149.0,0.04609,4.0,0.04578,3.0,0.04579,434.0
1753595024036,05:43:44.036,blofin,ACT/USDT:USDT,0.0461,149.0,0.04609,4.0,0.04578,3.0,0.04579,434.0
1753595024237,05:43:44.237,blofin,ACT/USDT:USDT,0.0461,149.0,0.04609,4.0,0.04578,3.0,0.04579,434.0
1753595025148,05:43:45.148,blofin,ACT/USDT:USDT,0.0461,149.0,0.04609,4.0,0.04578,3.0,0.04579,434.0
1753595025649,05:43:45.649,blofin,ACT/USDT:USDT,0.0461,149.0,0.04609,4.0,0.04578,3.0,0.04579,434.0
1753595026157,05:43:46.157,blofin,ACT/USDT:USDT,0.0461,149.0,0.04609,4.0,0.04578,3.0,0.04579,434.0
1753595101765,05:45:01.765,blofin,ACT/USDT:USDT,0.0461,149.0,0.04609,4.0,0.04578,3.0,0.04579,434.0
1753595102225,05:45:02.225,blofin,ACT/USDT:USDT,0.0461,149.0,0.04609,4.0,0.04578,3.0,0.04579,434.0
1753595102766,05:45:02.766,blofin,ACT/USDT:USDT,0.0461,149.0,0.04609,4.0,0.04578,3.0,0.04579,434.0
1753595103226,05:45:03.226,blofin,ACT/USDT:USDT,0.0461,149.0,0.04609,4.0,0.04578,3.0,0.04579,434.0
1753595103767,05:45:03.767,blofin,ACT/USDT:USDT,0.0461,149.0,0.04609,4.0,0.04578,3.0,0.04579,434.0
1753595104227,05:45:04.227,blofin,ACT/USDT:USDT,0.0461,149.0,0.04609,4.0,0.04578,3.0,0.04579,434.0
1753595104769,05:45:04.769,blofin,ACT/USDT:USDT,0.0461,149.0,0.04609,4.0,0.04578,3.0,0.04579,434.0
1753595105528,05:45:05.528,blofin,ACT/USDT:USDT,0.0461,149.0,0.04609,4.0,0.04578,3.0,0.04579,434.0
1753595106128,05:45:06.128,blofin,ACT/USDT:USDT,0.0461,149.0,0.04609,4.0,0.04578,3.0,0.04579,434.0
1753595106772,05:45:06.772,blofin,ACT/USDT:USDT,0.0461,149.0,0.04609,4.0,0.04578,3.0,0.04579,434.0
1753595107230,05:45:07.230,blofin,ACT/USDT:USDT,0.0461,149.0,0.04609,4.0,0.04578,3.0,0.04579,434.0
1753595108518,05:45:08.518,blofin,ACT/USDT:USDT,0.0461,149.0,0.04609,4.0,0.04578,3.0,0.04579,434.0
1753595108775,05:45:08.775,blofin,ACT/USDT:USDT,0.0461,149.0,0.04609,4.0,0.04578,3.0,0.04579,434.0
1753595109230,05:45:09.230,blofin,ACT/USDT:USDT,0.0461,149.0,0.04609,4.0,0.04578,3.0,0.04579,434.0
1753595109777,05:45:09.777,blofin,ACT/USDT:USDT,0.0461,149.0,0.04609,4.0,0.04578,3.0,0.04579,434.0
1753595110237,05:45:10.237,blofin,ACT/USDT:USDT,0.0461,149.0,0.04609,4.0,0.04578,3.0,0.04579,434.0
1753595111235,05:45:11.235,blofin,ACT/USDT:USDT,0.0461,149.0,0.04609,4.0,0.04578,3.0,0.04579,434.0
1753595111495,05:45:11.495,blofin,ACT/USDT:USDT,0.0461,149.0,0.04609,4.0,0.04578,3.0,0.04579,434.0
1753595112235,05:45:12.235,blofin,ACT/USDT:USDT,0.0461,149.0,0.04609,4.0,0.04578,3.0,0.04579,434.0
1753595112784,05:45:12.784,blofin,ACT/USDT:USDT,0.0461,149.0,0.04609,4.0,0.04578,3.0,0.04579,434.0
1753595113287,05:45:13.287,blofin,ACT/USDT:USDT,0.0461,149.0,0.04609,4.0,0.04578,3.0,0.04579,434.0
1753595113785,05:45:13.785,blofin,ACT/USDT:USDT,0.0461,149.0,0.04609,4.0,0.04578,3.0,0.04579,434.0
1753595114289,05:45:14.289,blofin,ACT/USDT:USDT,0.0461,149.0,0.04609,4.0,0.04578,3.0,0.04579,434.0
1753595227971,05:47:07.971,blofin,ACT/USDT:USDT,0.0461,149.0,0.04609,4.0,0.04578,3.0,0.04579,434.0
1753595228317,05:47:08.317,blofin,ACT/USDT:USDT,0.0461,149.0,0.04609,4.0,0.04578,3.0,0.04579,434.0
1753595228853,05:47:08.853,blofin,ACT/USDT:USDT,0.0461,149.0,0.04609,4.0,0.04578,3.0,0.04579,434.0
1753595229318,05:47:09.318,blofin,ACT/USDT:USDT,0.0461,149.0,0.04609,4.0,0.04578,3.0,0.04579,434.0
1753595229771,05:47:09.771,blofin,ACT/USDT:USDT,0.0461,149.0,0.04609,4.0,0.04578,3.0,0.04579,434.0
1753595230473,05:47:10.473,blofin,ACT/USDT:USDT,0.0461,149.0,0.04609,4.0,0.04578,3.0,0.04579,434.0
1753595230978,05:47:10.978,blofin,ACT/USDT:USDT,0.0461,149.0,0.04609,4.0,0.04578,3.0,0.04579,434.0
1753595231322,05:47:11.322,blofin,ACT/USDT:USDT,0.0461,149.0,0.04609,4.0,0.04578,3.0,0.04579,434.0
1753595231976,05:47:11.976,blofin,ACT/USDT:USDT,0.0461,149.0,0.04609,4.0,0.04578,3.0,0.04579,434.0
1753595232479,05:47:12.479,blofin,ACT/USDT:USDT,0.0461,149.0,0.04609,4.0,0.04578,3.0,0.04579,434.0
1753595232978,05:47:12.978,blofin,ACT/USDT:USDT,0.0461,149.0,0.04609,4.0,0.04578,3.0,0.04579,434.0
1753595233479,05:47:13.479,blofin,ACT/USDT:USDT,0.0461,149.0,0.04609,4.0,0.04578,3.0,0.04579,434.0
1753595234324,05:47:14.324,blofin,ACT/USDT:USDT,0.0461,149.0,0.04609,4.0,0.04578,3.0,0.04579,434.0
1753595234482,05:47:14.482,blofin,ACT/USDT:USDT,0.0461,149.0,0.04609,4.0,0.04578,3.0,0.04579,434.0
1753595235326,05:47:15.326,blofin,ACT/USDT:USDT,0.0461,149.0,0.04609,4.0,0.04578,3.0,0.04579,434.0
1753595235482,05:47:15.482,blofin,ACT/USDT:USDT,0.0461,149.0,0.04609,4.0,0.04578,3.0,0.04579,434.0
1753595236328,05:47:16.328,blofin,ACT/USDT:USDT,0.0461,149.0,0.04609,4.0,0.04578,3.0,0.04579,434.0
1753595236484,05:47:16.484,blofin,ACT/USDT:USDT,0.0461,149.0,0.04609,4.0,0.04578,3.0,0.04579,434.0
1753595327627,05:48:47.627,blofin,ACT/USDT:USDT,0.0461,149.0,0.04609,4.0,0.04578,3.0,0.04579,434.0
1753595328399,05:48:48.399,blofin,ACT/USDT:USDT,0.0461,149.0,0.04609,4.0,0.04578,3.0,0.04579,434.0
1753595328629,05:48:48.629,blofin,ACT/USDT:USDT,0.0461,149.0,0.04609,4.0,0.04578,3.0,0.04579,434.0
1753595329410,05:48:49.410,blofin,ACT/USDT:USDT,0.0461,149.0,0.04609,4.0,0.04578,3.0,0.04579,434.0
1753595329650,05:48:49.650,blofin,ACT/USDT:USDT,0.0461,149.0,0.04609,4.0,0.04578,3.0,0.04579,434.0
1753595330401,05:48:50.401,blofin,ACT/USDT:USDT,0.0461,149.0,0.04609,4.0,0.04578,3.0,0.04579,434.0
1753595331402,05:48:51.402,blofin,ACT/USDT:USDT,0.0461,149.0,0.04609,4.0,0.04578,3.0,0.04579,434.0
1753595331631,05:48:51.631,blofin,ACT/USDT:USDT,0.0461,149.0,0.04609,4.0,0.04578,3.0,0.04579,434.0
1753595332403,05:48:52.403,blofin,ACT/USDT:USDT,0.0461,149.0,0.04609,4.0,0.04578,3.0,0.04579,434.0
1753595333635,05:48:53.635,blofin,ACT/USDT:USDT,0.0461,149.0,0.04609,4.0,0.04578,3.0,0.04579,434.0
1753595334137,05:48:54.137,blofin,ACT/USDT:USDT,0.0461,149.0,0.04609,4.0,0.04578,3.0,0.04579,434.0
1753595334638,05:48:54.638,blofin,ACT/USDT:USDT,0.0461,149.0,0.04609,4.0,0.04578,3.0,0.04579,434.0
1753595335138,05:48:55.138,blofin,ACT/USDT:USDT,0.0461,149.0,0.04609,4.0,0.04578,3.0,0.04579,434.0
1753595335640,05:48:55.640,blofin,ACT/USDT:USDT,0.0461,149.0,0.04609,4.0,0.04578,3.0,0.04579,434.0
1753595336405,05:48:56.405,blofin,ACT/USDT:USDT,0.0461,149.0,0.04609,4.0,0.04578,3.0,0.04579,434.0
1753595336642,05:48:56.642,blofin,ACT/USDT:USDT,0.0461,149.0,0.04609,4.0,0.04578,3.0,0.04579,434.0
1753595337406,05:48:57.406,blofin,ACT/USDT:USDT,0.0461,149.0,0.04609,4.0,0.04578,3.0,0.04579,434.0
1753595337644,05:48:57.644,blofin,ACT/USDT:USDT,0.0461,149.0,0.04609,4.0,0.04578,3.0,0.04579,434.0
1753595338645,05:48:58.645,blofin,ACT/USDT:USDT,0.0461,149.0,0.04609,4.0,0.04578,3.0,0.04579,434.0
1753595339650,05:48:59.650,blofin,ACT/USDT:USDT,0.0461,149.0,0.04609,4.0,0.04578,3.0,0.04579,434.0
1753595454803,05:50:54.803,blofin,ACT/USDT:USDT,0.0461,149.0,0.04609,4.0,0.04578,3.0,0.04579,434.0
1753595455497,05:50:55.497,blofin,ACT/USDT:USDT,0.0461,149.0,0.04609,4.0,0.04578,3.0,0.04579,434.0
1753595455804,05:50:55.804,blofin,ACT/USDT:USDT,0.0461,149.0,0.04609,4.0,0.04578,3.0,0.04579,434.0
1753595456806,05:50:56.806,blofin,ACT/USDT:USDT,0.0461,149.0,0.04609,4.0,0.04578,3.0,0.04579,434.0
1753595457497,05:50:57.497,blofin,ACT/USDT:USDT,0.0461,149.0,0.04609,4.0,0.04578,3.0,0.04579,434.0
1753595457808,05:50:57.808,blofin,ACT/USDT:USDT,0.0461,149.0,0.04609,4.0,0.04578,3.0,0.04579,434.0
1753595458504,05:50:58.504,blofin,ACT/USDT:USDT,0.0461,149.0,0.04609,4.0,0.04578,3.0,0.04579,434.0
1753595458809,05:50:58.809,blofin,ACT/USDT:USDT,0.0461,149.0,0.04609,4.0,0.04578,3.0,0.04579,434.0
1753595459497,05:50:59.497,blofin,ACT/USDT:USDT,0.0461,149.0,0.04609,4.0,0.04578,3.0,0.04579,434.0
1753595460310,05:51:00.310,blofin,ACT/USDT:USDT,0.0461,149.0,0.04609,4.0,0.04578,3.0,0.04579,434.0
1753595460813,05:51:00.813,blofin,ACT/USDT:USDT,0.0461,149.0,0.04609,4.0,0.04578,3.0,0.04579,434.0
1753595461312,05:51:01.312,blofin,ACT/USDT:USDT,0.0461,149.0,0.04609,4.0,0.04578,3.0,0.04579,434.0
1753595461813,05:51:01.813,blofin,ACT/USDT:USDT,0.0461,149.0,0.04609,4.0,0.04578,3.0,0.04579,434.0
1753595462499,05:51:02.499,blofin,ACT/USDT:USDT,0.0461,149.0,0.04609,4.0,0.04578,3.0,0.04579,434.0
1753595462815,05:51:02.815,blofin,ACT/USDT:USDT,0.0461,149.0,0.04609,4.0,0.04578,3.0,0.04579,434.0
1753595463502,05:51:03.502,blofin,ACT/USDT:USDT,0.0461,149.0,0.04609,4.0,0.04578,3.0,0.04579,434.0
1753595549563,05:52:29.563,blofin,ACT/USDT:USDT,0.0461,149.0,0.04609,4.0,0.04578,3.0,0.04579,434.0
1753595549936,05:52:29.936,blofin,ACT/USDT:USDT,0.0461,149.0,0.04609,4.0,0.04578,3.0,0.04579,434.0
1753595550939,05:52:30.939,blofin,ACT/USDT:USDT,0.0461,149.0,0.04609,4.0,0.04578,3.0,0.04579,434.0
1753595551940,05:52:31.940,blofin,ACT/USDT:USDT,0.0461,149.0,0.04609,4.0,0.04578,3.0,0.04579,434.0
1753595552441,05:52:32.441,blofin,ACT/USDT:USDT,0.0461,149.0,0.04609,4.0,0.04578,3.0,0.04579,434.0
1753595552939,05:52:32.939,blofin,ACT/USDT:USDT,0.0461,149.0,0.04609,4.0,0.04578,3.0,0.04579,434.0
1753595553941,05:52:33.941,blofin,ACT/USDT:USDT,0.0461,149.0,0.04609,4.0,0.04578,3.0,0.04579,434.0
1753595554442,05:52:34.442,blofin,ACT/USDT:USDT,0.0461,149.0,0.04609,4.0,0.04578,3.0,0.04579,434.0
1753595554944,05:52:34.944,blofin,ACT/USDT:USDT,0.0461,149.0,0.04609,4.0,0.04578,3.0,0.04579,434.0
1753595555445,05:52:35.445,blofin,ACT/USDT:USDT,0.0461,149.0,0.04609,4.0,0.04578,3.0,0.04579,434.0
1753595555945,05:52:35.945,blofin,ACT/USDT:USDT,0.0461,149.0,0.04609,4.0,0.04578,3.0,0.04579,434.0
1753595556446,05:52:36.446,blofin,ACT/USDT:USDT,0.0461,149.0,0.04609,4.0,0.04578,3.0,0.04579,434.0
1753595556947,05:52:36.947,blofin,ACT/USDT:USDT,0.0461,149.0,0.04609,4.0,0.04578,3.0,0.04579,434.0
1753595557448,05:52:37.448,blofin,ACT/USDT:USDT,0.0461,149.0,0.04609,4.0,0.04578,3.0,0.04579,434.0
1753595557948,05:52:37.948,blofin,ACT/USDT:USDT,0.0461,149.0,0.04609,4.0,0.04578,3.0,0.04579,434.0
1753595558450,05:52:38.450,blofin,ACT/USDT:USDT,0.0461,149.0,0.04609,4.0,0.04578,3.0,0.04579,434.0
1753595558950,05:52:38.950,blofin,ACT/USDT:USDT,0.0461,149.0,0.04609,4.0,0.04578,3.0,0.04579,434.0
1753595559451,05:52:39.451,blofin,ACT/USDT:USDT,0.0461,149.0,0.04609,4.0,0.04578,3.0,0.04579,434.0
1753595652649,05:54:12.649,blofin,ACT/USDT:USDT,0.0461,149.0,0.04609,4.0,0.04578,3.0,0.04579,434.0
1753595653083,05:54:13.083,blofin,ACT/USDT:USDT,0.0461,149.0,0.04609,4.0,0.04578,3.0,0.04579,434.0
1753595653650,05:54:13.650,blofin,ACT/USDT:USDT,0.0461,149.0,0.04609,4.0,0.04578,3.0,0.04579,434.0
1753595654233,05:54:14.233,blofin,ACT/USDT:USDT,0.0461,149.0,0.04609,4.0,0.04578,3.0,0.04579,434.0
1753595654650,05:54:14.650,blofin,ACT/USDT:USDT,0.0461,149.0,0.04609,4.0,0.04578,3.0,0.04579,434.0
1753595655087,05:54:15.087,blofin,ACT/USDT:USDT,0.0461,149.0,0.04609,4.0,0.04578,3.0,0.04579,434.0
1753595655667,05:54:15.667,blofin,ACT/USDT:USDT,0.0461,149.0,0.04609,4.0,0.04578,3.0,0.04579,434.0
1753595656091,05:54:16.091,blofin,ACT/USDT:USDT,0.0461,149.0,0.04609,4.0,0.04578,3.0,0.04579,434.0
1753595656650,05:54:16.650,blofin,ACT/USDT:USDT,0.0461,149.0,0.04609,4.0,0.04578,3.0,0.04579,434.0
1753595657091,05:54:17.091,blofin,ACT/USDT:USDT,0.0461,149.0,0.04609,4.0,0.04578,3.0,0.04579,434.0
1753595657653,05:54:17.653,blofin,ACT/USDT:USDT,0.0461,149.0,0.04609,4.0,0.04578,3.0,0.04579,434.0
1753595658092,05:54:18.092,blofin,ACT/USDT:USDT,0.0461,149.0,0.04609,4.0,0.04578,3.0,0.04579,434.0
1753595658657,05:54:18.657,blofin,ACT/USDT:USDT,0.0461,149.0,0.04609,4.0,0.04578,3.0,0.04579,434.0
1753595659091,05:54:19.091,blofin,ACT/USDT:USDT,0.0461,149.0,0.04609,4.0,0.04578,3.0,0.04579,434.0
1753595659659,05:54:19.659,blofin,ACT/USDT:USDT,0.0461,149.0,0.04609,4.0,0.04578,3.0,0.04579,434.0
1753595660096,05:54:20.096,blofin,ACT/USDT:USDT,0.0461,149.0,0.04609,4.0,0.04578,3.0,0.04579,434.0
1753595661096,05:54:21.096,blofin,ACT/USDT:USDT,0.0461,149.0,0.04609,4.0,0.04578,3.0,0.04579,434.0
1753595661654,05:54:21.654,blofin,ACT/USDT:USDT,0.0461,149.0,0.04609,4.0,0.04578,3.0,0.04579,434.0
