timestamp,time,exchange,symbol,bid1_price,bid1_volume,bid2_price,bid2_volume,ask1_price,ask1_volume,ask2_price,ask2_volume
1753591882944,04:51:22.944,bitget,AAVE/USDT:USDT,296.8,4.7,296.79,2.0,296.81,0.5,296.82,0.5
1753591883545,04:51:23.545,bitget,AAVE/USDT:USDT,296.8,4.7,296.79,2.0,296.81,0.5,296.82,0.5
1753591883845,04:51:23.845,bitget,AAVE/USDT:USDT,296.8,4.7,296.79,2.0,296.81,0.5,296.82,0.5
1753591883995,04:51:23.995,bitget,AAVE/USDT:USDT,296.8,0.7,296.79,2.0,296.81,0.5,296.82,0.5
1753591884145,04:51:24.145,bitget,AAVE/USDT:USDT,296.8,0.7,296.79,2.0,296.81,0.5,296.82,4.5
1753591884445,04:51:24.445,bitget,AAVE/USDT:USDT,296.8,0.7,296.79,2.0,296.81,0.5,296.82,0.5
1753591884895,04:51:24.895,bitget,AAVE/USDT:USDT,296.8,4.7,296.79,2.0,296.82,0.5,296.83,0.8
1753591885346,04:51:25.346,bitget,AAVE/USDT:USDT,296.8,0.3,296.79,8.6,296.82,0.5,296.83,5.8
1753591885496,04:51:25.496,bitget,AAVE/USDT:USDT,296.8,3.6,296.77,27.3,296.82,0.5,296.83,4.8
1753591885796,04:51:25.796,bitget,AAVE/USDT:USDT,296.81,0.7,296.8,1.9,296.82,0.5,296.83,5.8
1753591886396,04:51:26.396,bitget,AAVE/USDT:USDT,296.8,2.2,296.79,0.9,296.81,1.5,296.82,2.7
1753591886696,04:51:26.696,bitget,AAVE/USDT:USDT,296.8,0.3,296.79,0.9,296.81,2.3,296.82,2.4
1753591887747,04:51:27.747,bitget,AAVE/USDT:USDT,296.8,0.3,296.79,0.9,296.81,2.0,296.82,2.4
1753591887897,04:51:27.897,bitget,AAVE/USDT:USDT,296.8,0.3,296.79,0.9,296.81,2.0,296.82,2.4
1753591888647,04:51:28.647,bitget,AAVE/USDT:USDT,296.79,3.9,296.78,9.3,296.81,2.3,296.82,2.4
1753591888948,04:51:28.948,bitget,AAVE/USDT:USDT,296.79,1.9,296.78,9.3,296.81,2.3,296.82,2.4
1753591889098,04:51:29.098,bitget,AAVE/USDT:USDT,296.79,3.9,296.78,2.7,296.8,1.5,296.81,0.8
1753591889548,04:51:29.548,bitget,AAVE/USDT:USDT,296.79,3.1,296.78,2.7,296.8,2.0,296.81,0.5
1753591889848,04:51:29.848,bitget,AAVE/USDT:USDT,296.79,2.8,296.78,2.7,296.8,2.0,296.81,0.5
1753591889998,04:51:29.998,bitget,AAVE/USDT:USDT,296.79,3.1,296.78,2.7,296.8,0.5,296.81,0.5
1753591890298,04:51:30.298,bitget,AAVE/USDT:USDT,296.79,2.4,296.78,2.7,296.8,0.5,296.81,0.5
1753591890599,04:51:30.599,bitget,AAVE/USDT:USDT,296.79,2.4,296.78,2.7,296.8,0.5,296.81,0.5
1753591890749,04:51:30.749,bitget,AAVE/USDT:USDT,296.79,2.4,296.78,2.7,296.8,0.5,296.81,0.5
1753591890899,04:51:30.899,bitget,AAVE/USDT:USDT,296.79,6.4,296.78,2.7,296.8,0.5,296.81,0.5
1753591891499,04:51:31.499,bitget,AAVE/USDT:USDT,296.81,2.3,296.8,4.4,296.82,0.5,296.83,0.8
1753591891799,04:51:31.799,bitget,AAVE/USDT:USDT,296.81,2.6,296.8,4.0,296.82,0.5,296.83,0.8
1753591892099,04:51:32.099,bitget,AAVE/USDT:USDT,296.81,6.6,296.79,8.7,296.83,0.8,296.84,2.1
1753591892700,04:51:32.700,bitget,AAVE/USDT:USDT,296.82,0.7,296.81,5.9,296.83,0.5,296.84,2.1
1753591893000,04:51:33.000,bitget,AAVE/USDT:USDT,296.82,4.7,296.81,1.9,296.84,2.6,296.85,0.5
1753591893150,04:51:33.150,bitget,AAVE/USDT:USDT,296.82,4.7,296.81,1.9,296.84,2.6,296.85,0.5
1753591893450,04:51:33.450,bitget,AAVE/USDT:USDT,296.82,4.7,296.81,1.9,296.84,2.6,296.85,0.5
1753591893900,04:51:33.900,bitget,AAVE/USDT:USDT,296.82,0.7,296.81,3.1,296.84,2.6,296.85,0.5
1753591894501,04:51:34.501,bitget,AAVE/USDT:USDT,296.82,0.7,296.81,3.1,296.83,0.5,296.84,6.6
1753591894651,04:51:34.651,bitget,AAVE/USDT:USDT,296.81,3.9,296.8,7.2,296.83,0.8,296.84,7.6
1753591894951,04:51:34.951,bitget,AAVE/USDT:USDT,296.81,2.2,296.8,0.6,296.82,1.6,296.83,0.8
1753591895251,04:51:35.251,bitget,AAVE/USDT:USDT,296.81,2.2,296.8,0.6,296.82,1.6,296.83,0.8
1753591895401,04:51:35.401,bitget,AAVE/USDT:USDT,296.81,2.2,296.8,2.5,296.82,2.1,296.83,0.8
1753591895552,04:51:35.552,bitget,AAVE/USDT:USDT,296.81,2.2,296.8,2.5,296.82,2.1,296.83,0.8
1753591896152,04:51:36.152,bitget,AAVE/USDT:USDT,296.8,2.5,296.79,8.5,296.82,2.1,296.83,0.5
1753591897803,04:51:37.803,bitget,AAVE/USDT:USDT,296.8,0.4,296.78,20.1,296.81,0.8,296.82,3.4
1753591898103,04:51:38.103,bitget,AAVE/USDT:USDT,296.8,0.4,296.78,20.1,296.81,0.8,296.82,3.4
1753591898253,04:51:38.253,bitget,AAVE/USDT:USDT,296.8,0.4,296.78,20.1,296.81,0.8,296.82,3.4
1753591898553,04:51:38.553,bitget,AAVE/USDT:USDT,296.8,0.7,296.78,20.1,296.81,0.5,296.82,3.4
1753591899153,04:51:39.153,bitget,AAVE/USDT:USDT,296.8,4.7,296.78,16.1,296.81,0.5,296.82,2.4
1753591899604,04:51:39.604,bitget,AAVE/USDT:USDT,296.8,5.5,296.79,4.0,296.83,0.5,296.84,0.2
1753591900054,04:51:40.054,bitget,AAVE/USDT:USDT,296.87,0.4,296.85,5.8,296.88,2.9,296.89,9.8
1753591900204,04:51:40.204,bitget,AAVE/USDT:USDT,296.87,0.4,296.85,5.8,296.88,5.0,296.89,10.8
1753591900354,04:51:40.354,bitget,AAVE/USDT:USDT,296.87,0.7,296.85,4.2,296.88,0.7,296.89,10.8
1753591900504,04:51:40.504,bitget,AAVE/USDT:USDT,296.87,0.4,296.85,9.1,296.88,0.8,296.89,9.8
1753591900804,04:51:40.804,bitget,AAVE/USDT:USDT,296.87,4.7,296.86,2.2,296.88,0.5,296.89,9.8
1753591901255,04:51:41.255,bitget,AAVE/USDT:USDT,296.88,0.4,296.87,2.2,296.89,6.8,296.9,28.3
1753591901405,04:51:41.405,bitget,AAVE/USDT:USDT,296.87,1.9,296.86,6.6,296.89,7.0,296.9,28.3
1753591901555,04:51:41.555,bitget,AAVE/USDT:USDT,296.87,1.9,296.85,8.5,296.88,1.2,296.89,18.1
1753591901705,04:51:41.705,bitget,AAVE/USDT:USDT,296.87,1.9,296.85,8.5,296.88,1.7,296.89,18.1
1753591901855,04:51:41.855,bitget,AAVE/USDT:USDT,296.87,1.9,296.85,8.5,296.88,0.8,296.89,17.1
1753591902005,04:51:42.005,bitget,AAVE/USDT:USDT,296.87,1.9,296.85,8.5,296.88,0.8,296.89,17.1
1753591902755,04:51:42.755,bitget,AAVE/USDT:USDT,296.87,2.2,296.85,8.5,296.88,0.7,296.89,17.1
1753591902905,04:51:42.905,bitget,AAVE/USDT:USDT,296.87,2.2,296.85,8.5,296.88,1.3,296.89,13.1
1753591903056,04:51:43.056,bitget,AAVE/USDT:USDT,296.87,1.9,296.85,8.5,296.88,1.3,296.89,13.1
1753591903206,04:51:43.206,bitget,AAVE/USDT:USDT,296.87,1.9,296.85,8.5,296.88,1.3,296.89,13.1
1753591903506,04:51:43.506,bitget,AAVE/USDT:USDT,296.87,2.2,296.85,8.5,296.88,1.0,296.89,17.1
1753591903656,04:51:43.656,bitget,AAVE/USDT:USDT,296.87,2.2,296.85,8.5,296.88,1.0,296.89,17.1
1753591903806,04:51:43.806,bitget,AAVE/USDT:USDT,296.87,2.2,296.85,8.5,296.88,1.0,296.89,17.1
1753591903956,04:51:43.956,bitget,AAVE/USDT:USDT,296.89,5.9,296.88,22.9,296.91,0.3,296.92,8.2
1753591904106,04:51:44.106,bitget,AAVE/USDT:USDT,296.9,4.4,296.89,1.9,296.91,0.8,296.92,8.2
1753591904256,04:51:44.256,bitget,AAVE/USDT:USDT,296.9,0.4,296.89,1.9,296.91,1.6,296.92,8.2
1753591904406,04:51:44.406,bitget,AAVE/USDT:USDT,296.9,0.4,296.89,1.9,296.91,0.8,296.92,12.2
1753591904556,04:51:44.556,bitget,AAVE/USDT:USDT,296.9,0.4,296.89,1.9,296.91,0.8,296.92,12.2
1753591905007,04:51:45.007,bitget,AAVE/USDT:USDT,296.9,0.4,296.89,1.9,296.91,0.8,296.92,12.2
1753591905157,04:51:45.157,bitget,AAVE/USDT:USDT,296.89,1.9,296.88,6.6,296.91,1.5,296.92,12.2
1753591905307,04:51:45.307,bitget,AAVE/USDT:USDT,296.87,8.8,296.86,2.7,296.9,0.3,296.91,4.6
1753591905457,04:51:45.457,bitget,AAVE/USDT:USDT,296.89,0.4,296.87,6.2,296.9,1.0,296.91,3.6
1753591905607,04:51:45.607,bitget,AAVE/USDT:USDT,296.89,0.7,296.87,13.2,296.9,0.5,296.91,4.6
1753591905757,04:51:45.757,bitget,AAVE/USDT:USDT,296.89,0.7,296.87,13.2,296.9,0.8,296.91,4.6
1753591905907,04:51:45.907,bitget,AAVE/USDT:USDT,296.89,0.7,296.87,13.2,296.9,0.8,296.91,4.6
1753591906207,04:51:46.207,bitget,AAVE/USDT:USDT,296.89,0.7,296.88,2.7,296.9,0.5,296.91,4.6
1753591906357,04:51:46.357,bitget,AAVE/USDT:USDT,296.89,0.7,296.88,2.7,296.9,0.5,296.91,3.6
1753591906507,04:51:46.507,bitget,AAVE/USDT:USDT,296.89,0.7,296.88,2.7,296.9,0.5,296.91,3.6
1753591906808,04:51:46.808,bitget,AAVE/USDT:USDT,296.89,4.7,296.88,2.7,296.9,0.5,296.91,3.6
1753591906958,04:51:46.958,bitget,AAVE/USDT:USDT,296.89,6.6,296.88,2.7,296.91,2.4,296.92,8.2
1753591907558,04:51:47.558,bitget,AAVE/USDT:USDT,296.9,0.7,296.89,5.9,296.91,0.7,296.92,12.2
1753591907708,04:51:47.708,bitget,AAVE/USDT:USDT,296.9,0.7,296.89,5.9,296.91,1.0,296.92,12.2
1753591907858,04:51:47.858,bitget,AAVE/USDT:USDT,296.9,0.7,296.89,5.9,296.91,1.0,296.92,8.2
1753591908008,04:51:48.008,bitget,AAVE/USDT:USDT,296.9,0.7,296.89,5.9,296.91,1.0,296.92,9.2
1753591908308,04:51:48.308,bitget,AAVE/USDT:USDT,296.9,4.7,296.89,1.9,296.91,1.4,296.92,9.2
1753591908759,04:51:48.759,bitget,AAVE/USDT:USDT,296.9,4.7,296.89,1.9,296.91,1.4,296.92,8.2
1753591909059,04:51:49.059,bitget,AAVE/USDT:USDT,296.9,4.7,296.89,1.9,296.91,1.4,296.92,8.2
1753591909209,04:51:49.209,bitget,AAVE/USDT:USDT,296.9,4.7,296.89,1.9,296.91,1.4,296.92,8.2
1753591910109,04:51:50.109,bitget,AAVE/USDT:USDT,296.9,0.7,296.89,1.9,296.91,0.5,296.92,6.7
1753591910260,04:51:50.260,bitget,AAVE/USDT:USDT,296.9,0.7,296.89,1.9,296.91,0.5,296.92,6.7
1753591910560,04:51:50.560,bitget,AAVE/USDT:USDT,296.9,0.7,296.89,1.9,296.91,0.8,296.92,7.7
1753591910710,04:51:50.710,bitget,AAVE/USDT:USDT,296.9,0.7,296.89,1.9,296.91,0.8,296.92,7.7
1753591910860,04:51:50.860,bitget,AAVE/USDT:USDT,296.9,0.4,296.89,1.9,296.91,0.8,296.92,7.7
1753591911010,04:51:51.010,bitget,AAVE/USDT:USDT,296.9,0.7,296.89,1.9,296.91,0.8,296.92,7.7
1753591911160,04:51:51.160,bitget,AAVE/USDT:USDT,296.9,0.7,296.89,1.9,296.91,0.8,296.92,7.7
1753591911460,04:51:51.460,bitget,AAVE/USDT:USDT,296.9,0.4,296.89,1.9,296.91,0.8,296.92,7.7
1753591911610,04:51:51.610,bitget,AAVE/USDT:USDT,296.9,0.4,296.89,1.9,296.91,0.8,296.92,7.7
1753591911760,04:51:51.760,bitget,AAVE/USDT:USDT,296.9,0.4,296.89,1.9,296.91,0.8,296.92,7.7
1753591911911,04:51:51.911,bitget,AAVE/USDT:USDT,296.88,6.6,296.87,2.6,296.89,0.5,296.9,3.4
1753591912211,04:51:52.211,bitget,AAVE/USDT:USDT,296.89,6.4,296.88,1.2,296.92,7.9,296.93,28.8
1753591912961,04:51:52.961,bitget,AAVE/USDT:USDT,296.91,2.2,296.89,5.9,296.92,1.7,296.93,32.8
1753591913111,04:51:53.111,bitget,AAVE/USDT:USDT,296.91,6.2,296.89,1.9,296.92,1.7,296.93,28.8
1753591913261,04:51:53.261,bitget,AAVE/USDT:USDT,296.91,6.2,296.89,3.6,296.92,1.3,296.93,28.8
1753591913411,04:51:53.411,bitget,AAVE/USDT:USDT,296.91,0.3,296.89,3.6,296.92,1.3,296.93,29.8
1753591913561,04:51:53.561,bitget,AAVE/USDT:USDT,296.91,0.3,296.89,1.9,296.92,0.8,296.93,33.8
1753591913862,04:51:53.862,bitget,AAVE/USDT:USDT,296.91,0.3,296.89,1.9,296.92,0.8,296.93,33.8
1753591914012,04:51:54.012,bitget,AAVE/USDT:USDT,296.91,0.3,296.89,1.9,296.92,0.5,296.93,33.8
1753591914312,04:51:54.312,bitget,AAVE/USDT:USDT,296.91,0.3,296.89,1.9,296.92,0.5,296.93,33.8
1753591914612,04:51:54.612,bitget,AAVE/USDT:USDT,296.91,0.3,296.89,1.9,296.92,0.5,296.93,33.8
1753591914912,04:51:54.912,bitget,AAVE/USDT:USDT,296.89,1.9,296.88,7.0,296.92,0.8,296.93,32.8
1753591915363,04:51:55.363,bitget,AAVE/USDT:USDT,296.89,6.2,296.88,0.4,296.9,0.5,296.92,2.7
1753591916263,04:51:56.263,bitget,AAVE/USDT:USDT,296.89,2.2,296.88,0.4,296.9,0.5,296.92,2.7
1753591916563,04:51:56.563,bitget,AAVE/USDT:USDT,296.89,6.2,296.88,0.4,296.9,0.5,296.92,2.7
1753591916713,04:51:56.713,bitget,AAVE/USDT:USDT,296.89,6.2,296.88,0.4,296.9,0.5,296.92,2.7
1753591916863,04:51:56.863,bitget,AAVE/USDT:USDT,296.89,6.2,296.88,0.4,296.9,0.5,296.92,2.7
1753591917013,04:51:57.013,bitget,AAVE/USDT:USDT,296.89,6.2,296.88,2.1,296.92,2.4,296.93,32.8
1753591917163,04:51:57.163,bitget,AAVE/USDT:USDT,296.91,0.4,296.89,6.2,296.92,5.1,296.93,32.8
1753591917313,04:51:57.313,bitget,AAVE/USDT:USDT,296.91,0.4,296.89,5.9,296.92,2.4,296.93,33.8
1753591918064,04:51:58.064,bitget,AAVE/USDT:USDT,296.91,0.7,296.89,1.9,296.92,0.5,296.93,33.8
1753591918214,04:51:58.214,bitget,AAVE/USDT:USDT,296.91,0.7,296.89,1.9,296.92,0.5,296.93,33.8
1753591918664,04:51:58.664,bitget,AAVE/USDT:USDT,296.89,5.9,296.88,0.5,296.9,0.5,296.91,2.0
1753591919115,04:51:59.115,bitget,AAVE/USDT:USDT,296.89,5.9,296.88,2.5,296.9,0.5,296.91,2.0
1753591919265,04:51:59.265,bitget,AAVE/USDT:USDT,296.89,5.9,296.88,2.5,296.9,0.5,296.91,2.0
1753591920165,04:52:00.165,bitget,AAVE/USDT:USDT,296.89,6.2,296.88,2.2,296.9,0.5,296.91,2.0
1753591920315,04:52:00.315,bitget,AAVE/USDT:USDT,296.89,6.2,296.88,2.2,296.9,0.5,296.91,2.0
1753591920615,04:52:00.615,bitget,AAVE/USDT:USDT,296.89,6.2,296.88,2.2,296.9,0.5,296.91,2.0
1753591920765,04:52:00.765,bitget,AAVE/USDT:USDT,296.89,6.2,296.88,2.2,296.9,0.5,296.91,2.0
1753591920915,04:52:00.915,bitget,AAVE/USDT:USDT,296.89,6.2,296.88,2.2,296.9,0.5,296.91,2.0
1753591921216,04:52:01.216,bitget,AAVE/USDT:USDT,296.89,2.2,296.88,2.2,296.9,0.5,296.91,2.0
1753591921366,04:52:01.366,bitget,AAVE/USDT:USDT,296.89,2.2,296.88,2.2,296.9,0.5,296.91,2.0
1753591921666,04:52:01.666,bitget,AAVE/USDT:USDT,296.94,0.6,296.93,7.5,296.97,27.4,296.98,0.1
1753591921816,04:52:01.816,bitget,AAVE/USDT:USDT,296.94,34.8,296.93,2.1,296.96,0.5,296.97,26.8
1753591922416,04:52:02.416,bitget,AAVE/USDT:USDT,296.96,20.2,296.95,36.2,296.97,0.5,296.99,3.4
1753591922716,04:52:02.716,bitget,AAVE/USDT:USDT,296.92,0.3,296.9,8.7,296.93,2.4,296.94,5.0
1753591922866,04:52:02.866,bitget,AAVE/USDT:USDT,296.92,0.4,296.9,8.7,296.93,2.4,296.94,5.0
1753591923317,04:52:03.317,bitget,AAVE/USDT:USDT,296.92,0.3,296.91,2.0,296.93,0.5,296.94,6.6
1753591923467,04:52:03.467,bitget,AAVE/USDT:USDT,296.91,2.0,296.9,8.7,296.92,1.6,296.93,0.5
1753591923917,04:52:03.917,bitget,AAVE/USDT:USDT,296.92,6.8,296.91,0.3,296.95,8.7,296.96,29.0
1753591924217,04:52:04.217,bitget,AAVE/USDT:USDT,296.94,1.2,296.93,2.0,296.95,0.5,296.96,33.0
1753591924367,04:52:04.367,bitget,AAVE/USDT:USDT,296.95,21.9,296.94,1.2,296.97,0.5,296.98,0.5
1753591924517,04:52:04.517,bitget,AAVE/USDT:USDT,296.96,3.1,296.95,4.4,296.97,1.8,296.98,0.5
1753591924667,04:52:04.667,bitget,AAVE/USDT:USDT,296.96,3.1,296.95,4.0,296.97,1.8,296.98,0.9
1753591924968,04:52:04.968,bitget,AAVE/USDT:USDT,296.96,3.1,296.95,6.2,296.97,0.5,296.98,0.9
1753591925118,04:52:05.118,bitget,AAVE/USDT:USDT,296.96,3.1,296.95,6.2,296.97,0.5,296.98,0.9
1753591925718,04:52:05.718,bitget,AAVE/USDT:USDT,296.96,7.1,296.95,2.2,296.97,0.5,296.98,0.9
1753591925868,04:52:05.868,bitget,AAVE/USDT:USDT,296.96,7.1,296.95,2.2,296.97,0.5,296.98,0.5
1753591926318,04:52:06.318,bitget,AAVE/USDT:USDT,296.93,8.0,296.92,16.9,296.96,1.6,296.97,4.8
1753591926769,04:52:06.769,bitget,AAVE/USDT:USDT,296.94,1.2,296.93,7.7,296.95,0.5,296.96,3.3
1753591926919,04:52:06.919,bitget,AAVE/USDT:USDT,296.94,1.2,296.93,7.7,296.95,0.5,296.96,1.9
1753591927219,04:52:07.219,bitget,AAVE/USDT:USDT,296.94,5.2,296.93,3.7,296.95,0.5,296.97,0.5
1753591927519,04:52:07.519,bitget,AAVE/USDT:USDT,296.94,5.2,296.93,3.7,296.95,0.5,296.97,0.5
1753591927669,04:52:07.669,bitget,AAVE/USDT:USDT,296.94,5.2,296.93,3.7,296.95,0.5,296.97,0.5
1753591927819,04:52:07.819,bitget,AAVE/USDT:USDT,296.94,5.2,296.93,3.7,296.97,0.5,296.98,0.5
1753591927969,04:52:07.969,bitget,AAVE/USDT:USDT,296.96,0.9,296.94,7.1,296.97,0.5,296.98,0.5
1753591928119,04:52:08.119,bitget,AAVE/USDT:USDT,296.96,1.2,296.94,13.0,296.97,0.5,296.98,1.5
1753591928269,04:52:08.269,bitget,AAVE/USDT:USDT,296.96,5.2,296.94,9.0,296.97,0.5,296.98,0.5
1753591928419,04:52:08.419,bitget,AAVE/USDT:USDT,296.96,1.2,296.95,2.7,296.97,0.5,296.98,0.5
1753591928870,04:52:08.870,bitget,AAVE/USDT:USDT,296.96,1.2,296.95,2.7,296.97,0.5,296.98,0.5
1753591929170,04:52:09.170,bitget,AAVE/USDT:USDT,296.99,0.9,296.97,2.4,297.01,1.6,297.02,0.1
1753591929320,04:52:09.320,bitget,AAVE/USDT:USDT,296.99,1.2,296.97,10.6,297.0,0.5,297.01,8.5
1753591929770,04:52:09.770,bitget,AAVE/USDT:USDT,296.99,0.8,296.97,12.6,297.0,0.5,297.01,8.5
1753591930221,04:52:10.221,bitget,AAVE/USDT:USDT,296.96,12.6,296.95,35.3,296.99,1.6,297.0,0.8
1753591930371,04:52:10.371,bitget,AAVE/USDT:USDT,296.96,12.6,296.95,28.7,296.97,0.5,296.99,3.7
1753591930671,04:52:10.671,bitget,AAVE/USDT:USDT,296.96,3.1,296.95,28.7,296.97,0.5,296.99,2.1
1753591930821,04:52:10.821,bitget,AAVE/USDT:USDT,296.96,7.1,296.95,28.7,296.97,0.5,296.99,2.1
1753591931421,04:52:11.421,bitget,AAVE/USDT:USDT,296.99,1.2,296.97,1.9,297.0,1.5,297.01,7.5
1753591931571,04:52:11.571,bitget,AAVE/USDT:USDT,296.99,0.8,296.97,1.9,297.0,1.4,297.01,8.5
1753591931721,04:52:11.721,bitget,AAVE/USDT:USDT,296.99,0.8,296.97,1.9,297.0,1.4,297.01,8.5
1753591932021,04:52:12.021,bitget,AAVE/USDT:USDT,296.99,0.8,296.97,1.9,297.0,1.7,297.01,8.5
1753591932622,04:52:12.622,bitget,AAVE/USDT:USDT,296.96,2.3,296.95,28.7,296.97,0.5,296.98,1.5
1753591933072,04:52:13.072,bitget,AAVE/USDT:USDT,296.96,5.2,296.95,28.7,296.97,0.5,296.98,1.5
1753591933222,04:52:13.222,bitget,AAVE/USDT:USDT,296.96,1.2,296.95,28.7,296.97,0.5,296.98,1.5
1753591933372,04:52:13.372,bitget,AAVE/USDT:USDT,296.96,1.2,296.95,28.7,296.97,0.5,296.98,1.5
1753591934273,04:52:14.273,bitget,AAVE/USDT:USDT,296.96,1.2,296.95,28.7,296.97,0.5,296.98,1.5
1753591934423,04:52:14.423,bitget,AAVE/USDT:USDT,296.96,1.2,296.95,28.7,296.97,0.5,296.98,1.5
1753591935023,04:52:15.023,bitget,AAVE/USDT:USDT,296.96,5.2,296.95,31.4,296.98,1.5,297.0,3.1
1753591935323,04:52:15.323,bitget,AAVE/USDT:USDT,296.98,0.8,296.97,5.9,297.0,5.0,297.01,8.5
1753591935473,04:52:15.473,bitget,AAVE/USDT:USDT,296.98,0.8,296.97,5.9,297.0,5.0,297.01,8.5
1753591935924,04:52:15.924,bitget,AAVE/USDT:USDT,296.98,0.8,296.97,1.9,297.0,5.0,297.01,8.5
1753591936074,04:52:16.074,bitget,AAVE/USDT:USDT,296.98,0.8,296.97,1.9,297.0,5.0,297.01,8.5
1753591936374,04:52:16.374,bitget,AAVE/USDT:USDT,296.98,6.7,296.97,2.2,297.0,2.4,297.01,8.5
1753591936674,04:52:16.674,bitget,AAVE/USDT:USDT,296.98,6.7,296.97,2.2,297.0,5.0,297.01,8.5
1753591937424,04:52:17.424,bitget,AAVE/USDT:USDT,296.98,6.7,296.97,2.4,297.0,5.0,297.01,8.5
1753591937575,04:52:17.575,bitget,AAVE/USDT:USDT,296.98,6.7,296.97,2.4,297.0,5.0,297.01,8.5
1753591937875,04:52:17.875,bitget,AAVE/USDT:USDT,296.99,0.8,296.98,6.4,297.0,2.4,297.01,3.5
1753591938175,04:52:18.175,bitget,AAVE/USDT:USDT,296.99,0.8,296.98,6.4,297.0,2.4,297.01,3.5
1753591938325,04:52:18.325,bitget,AAVE/USDT:USDT,296.99,0.8,296.98,6.4,297.0,2.4,297.01,3.5
1753591938775,04:52:18.775,bitget,AAVE/USDT:USDT,296.99,0.8,296.98,6.4,297.0,2.4,297.01,3.5
1753591939225,04:52:19.225,bitget,AAVE/USDT:USDT,296.99,0.8,296.98,0.5,297.0,7.4,297.01,3.5
1753591939376,04:52:19.376,bitget,AAVE/USDT:USDT,296.99,0.8,296.98,0.5,297.0,7.4,297.01,3.5
1753591939676,04:52:19.676,bitget,AAVE/USDT:USDT,296.99,0.8,296.98,0.5,297.0,7.4,297.01,3.5
1753591940126,04:52:20.126,bitget,AAVE/USDT:USDT,296.99,0.8,296.98,0.5,297.0,3.4,297.01,7.5
1753591940276,04:52:20.276,bitget,AAVE/USDT:USDT,296.99,0.8,296.98,0.5,297.0,3.4,297.01,7.5
1753591940426,04:52:20.426,bitget,AAVE/USDT:USDT,296.99,0.8,296.98,0.5,297.0,3.4,297.01,3.5
1753591940726,04:52:20.726,bitget,AAVE/USDT:USDT,296.99,0.8,296.98,0.5,297.0,0.5,297.01,3.5
1753591940876,04:52:20.876,bitget,AAVE/USDT:USDT,296.99,0.8,296.98,0.5,297.0,0.5,297.01,3.5
1753591941027,04:52:21.027,bitget,AAVE/USDT:USDT,296.99,0.8,296.98,0.5,297.0,0.5,297.01,1.6
1753591941177,04:52:21.177,bitget,AAVE/USDT:USDT,296.99,0.8,296.98,0.5,297.0,0.5,297.01,1.6
1753591941327,04:52:21.327,bitget,AAVE/USDT:USDT,296.99,0.8,296.98,0.5,297.0,0.5,297.01,1.6
1753591941627,04:52:21.627,bitget,AAVE/USDT:USDT,296.99,0.8,296.98,0.5,297.0,4.5,297.01,2.6
1753591941777,04:52:21.777,bitget,AAVE/USDT:USDT,296.99,0.8,296.98,0.5,297.0,4.5,297.01,2.6
1753591941927,04:52:21.927,bitget,AAVE/USDT:USDT,296.99,0.8,296.98,0.5,297.0,4.5,297.01,2.6
1753591942828,04:52:22.828,bitget,AAVE/USDT:USDT,296.99,4.8,296.98,0.7,297.0,0.5,297.03,7.8
1753591943578,04:52:23.578,bitget,AAVE/USDT:USDT,297.04,0.5,297.03,1.3,297.05,0.3,297.06,13.6
1753591943878,04:52:23.878,bitget,AAVE/USDT:USDT,297.04,0.8,297.03,3.4,297.05,0.5,297.06,1.6
1753591944028,04:52:24.028,bitget,AAVE/USDT:USDT,297.04,1.2,297.03,3.4,297.05,0.5,297.06,1.6
1753591944478,04:52:24.478,bitget,AAVE/USDT:USDT,297.04,5.2,297.03,0.7,297.05,0.2,297.06,2.6
1753591944929,04:52:24.929,bitget,AAVE/USDT:USDT,297.05,1.2,297.04,6.4,297.06,1.6,297.09,0.1
1753591945079,04:52:25.079,bitget,AAVE/USDT:USDT,297.05,1.2,297.04,6.4,297.06,1.6,297.09,0.1
1753591945229,04:52:25.229,bitget,AAVE/USDT:USDT,297.05,1.2,297.04,6.4,297.06,1.6,297.09,0.3
1753591945379,04:52:25.379,bitget,AAVE/USDT:USDT,297.05,5.2,297.04,3.9,297.09,0.3,297.1,0.9
1753591945529,04:52:25.529,bitget,AAVE/USDT:USDT,297.07,0.8,297.06,1.9,297.08,0.5,297.09,3.2
1753591945679,04:52:25.679,bitget,AAVE/USDT:USDT,297.07,0.8,297.06,1.9,297.08,0.5,297.09,3.2
1753591945979,04:52:25.979,bitget,AAVE/USDT:USDT,297.07,0.8,297.06,1.9,297.08,1.8,297.09,2.2
1753591946129,04:52:26.129,bitget,AAVE/USDT:USDT,297.05,0.5,297.04,1.9,297.06,4.5,297.07,3.4
1753591946430,04:52:26.430,bitget,AAVE/USDT:USDT,297.05,0.8,297.04,1.9,297.06,0.5,297.07,7.9
1753591946580,04:52:26.580,bitget,AAVE/USDT:USDT,297.05,0.8,297.04,1.9,297.06,0.5,297.07,2.0
1753591947780,04:52:27.780,bitget,AAVE/USDT:USDT,297.05,0.8,297.04,1.9,297.06,0.5,297.07,2.0
1753591947930,04:52:27.930,bitget,AAVE/USDT:USDT,297.05,0.8,297.04,1.9,297.06,0.5,297.07,2.0
1753591948080,04:52:28.080,bitget,AAVE/USDT:USDT,297.05,4.8,297.04,1.9,297.07,0.5,297.08,3.7
1753591948381,04:52:28.381,bitget,AAVE/USDT:USDT,297.06,0.4,297.04,8.5,297.07,3.2,297.08,7.0
1753591948531,04:52:28.531,bitget,AAVE/USDT:USDT,297.06,0.4,297.04,8.5,297.07,3.2,297.08,3.0
1753591949131,04:52:29.131,bitget,AAVE/USDT:USDT,297.06,0.4,297.04,8.5,297.07,7.2,297.08,3.0
1753591949281,04:52:29.281,bitget,AAVE/USDT:USDT,297.06,0.4,297.04,8.5,297.07,7.2,297.08,3.0
1753591949581,04:52:29.581,bitget,AAVE/USDT:USDT,297.04,1.9,297.03,0.7,297.05,0.8,297.06,1.6
1753591949731,04:52:29.731,bitget,AAVE/USDT:USDT,297.04,6.7,297.03,0.7,297.05,0.5,297.06,1.6
1753591949881,04:52:29.881,bitget,AAVE/USDT:USDT,297.04,2.4,297.03,0.7,297.05,0.8,297.06,1.6
1753591950032,04:52:30.032,bitget,AAVE/USDT:USDT,297.03,0.7,297.02,7.3,297.05,0.8,297.06,5.6
1753591950182,04:52:30.182,bitget,AAVE/USDT:USDT,297.03,2.6,297.02,7.3,297.04,0.3,297.05,0.5
1753591950932,04:52:30.932,bitget,AAVE/USDT:USDT,297.04,0.5,297.03,3.1,297.05,0.8,297.06,0.7
1753591951082,04:52:31.082,bitget,AAVE/USDT:USDT,297.04,4.9,297.03,3.1,297.08,0.5,297.09,27.6
1753591951232,04:52:31.232,bitget,AAVE/USDT:USDT,297.07,2.4,297.05,1.9,297.08,0.5,297.09,27.6
1753591951382,04:52:31.382,bitget,AAVE/USDT:USDT,297.04,0.9,297.03,0.7,297.08,7.8,297.09,27.6
1753591951532,04:52:31.532,bitget,AAVE/USDT:USDT,297.04,0.9,297.03,0.7,297.05,0.5,297.06,0.3
1753591951682,04:52:31.682,bitget,AAVE/USDT:USDT,297.04,0.9,297.03,3.0,297.05,0.8,297.06,0.6
1753591951833,04:52:31.833,bitget,AAVE/USDT:USDT,297.04,0.9,297.03,3.0,297.05,0.8,297.06,0.6
1753591951983,04:52:31.983,bitget,AAVE/USDT:USDT,297.04,0.9,297.03,3.0,297.05,0.8,297.06,1.1
1753591952133,04:52:32.133,bitget,AAVE/USDT:USDT,297.04,5.6,297.03,3.0,297.07,1.9,297.08,2.4
1753591952283,04:52:32.283,bitget,AAVE/USDT:USDT,297.06,0.9,297.05,1.9,297.07,0.7,297.08,14.7
1753591952583,04:52:32.583,bitget,AAVE/USDT:USDT,297.06,0.5,297.05,1.9,297.07,3.2,297.08,14.7
1753591952733,04:52:32.733,bitget,AAVE/USDT:USDT,297.05,1.9,297.04,11.1,297.07,3.2,297.08,14.7
1753591953333,04:52:33.333,bitget,AAVE/USDT:USDT,297.04,4.9,297.03,1.0,297.05,0.8,297.07,4.8
1753591953483,04:52:33.483,bitget,AAVE/USDT:USDT,297.04,0.9,297.03,0.7,297.05,0.8,297.06,1.0
1753591953934,04:52:33.934,bitget,AAVE/USDT:USDT,297.04,0.9,297.03,0.7,297.05,0.8,297.06,1.0
1753591954234,04:52:34.234,bitget,AAVE/USDT:USDT,297.04,0.9,297.03,0.7,297.05,0.8,297.06,1.0
1753591954384,04:52:34.384,bitget,AAVE/USDT:USDT,297.04,0.9,297.03,0.7,297.05,0.8,297.06,1.0
1753591954684,04:52:34.684,bitget,AAVE/USDT:USDT,297.04,0.9,297.03,0.7,297.05,0.8,297.06,1.0
1753591954834,04:52:34.834,bitget,AAVE/USDT:USDT,297.04,0.9,297.03,0.7,297.05,0.8,297.06,1.0
1753591955434,04:52:35.434,bitget,AAVE/USDT:USDT,296.98,4.1,296.96,25.3,297.04,1.6,297.05,7.1
1753591955584,04:52:35.584,bitget,AAVE/USDT:USDT,296.96,25.3,296.95,96.7,296.99,4.0,297.02,0.3
1753591955735,04:52:35.735,bitget,AAVE/USDT:USDT,296.97,0.3,296.96,27.7,296.99,2.4,297.02,8.8
1753591955885,04:52:35.885,bitget,AAVE/USDT:USDT,296.98,6.0,296.97,1.3,297.01,2.6,297.02,9.1
1753591956035,04:52:36.035,bitget,AAVE/USDT:USDT,297.0,0.9,296.99,2.2,297.01,3.1,297.02,8.8
1753591956185,04:52:36.185,bitget,AAVE/USDT:USDT,297.0,0.9,296.99,2.2,297.01,0.8,297.02,9.8
1753591956335,04:52:36.335,bitget,AAVE/USDT:USDT,297.0,0.9,296.99,2.2,297.01,0.8,297.02,9.8
1753591956485,04:52:36.485,bitget,AAVE/USDT:USDT,296.98,0.5,296.97,6.9,297.0,1.6,297.01,4.8
1753591956635,04:52:36.635,bitget,AAVE/USDT:USDT,296.98,0.8,296.96,10.3,296.99,0.8,297.0,3.5
1753591956785,04:52:36.785,bitget,AAVE/USDT:USDT,296.98,1.2,296.96,10.2,296.99,0.8,297.0,3.5
1753591957085,04:52:37.085,bitget,AAVE/USDT:USDT,296.98,0.9,296.96,10.2,296.99,0.8,297.0,3.5
1753591957236,04:52:37.236,bitget,AAVE/USDT:USDT,296.98,0.9,296.97,0.6,296.99,0.8,297.0,4.9
1753591957386,04:52:37.386,bitget,AAVE/USDT:USDT,296.96,8.3,296.95,35.1,296.99,1.8,297.0,4.9
1753591957986,04:52:37.986,bitget,AAVE/USDT:USDT,296.97,0.7,296.96,8.8,296.98,0.8,296.99,3.4
1753591958136,04:52:38.136,bitget,AAVE/USDT:USDT,296.97,0.4,296.96,8.8,296.98,0.8,296.99,3.4
1753591958286,04:52:38.286,bitget,AAVE/USDT:USDT,296.97,0.4,296.96,0.5,296.98,0.8,296.99,3.4
1753591958436,04:52:38.436,bitget,AAVE/USDT:USDT,296.97,0.4,296.96,0.5,296.98,0.8,296.99,3.0
1753591958736,04:52:38.736,bitget,AAVE/USDT:USDT,296.97,0.4,296.96,0.5,296.98,0.8,296.99,4.0
1753591959337,04:52:39.337,bitget,AAVE/USDT:USDT,297.0,0.9,296.98,8.4,297.01,0.8,297.02,8.5
1753591959637,04:52:39.637,bitget,AAVE/USDT:USDT,297.0,0.4,296.98,8.4,297.01,4.8,297.02,9.5
1753591959937,04:52:39.937,bitget,AAVE/USDT:USDT,297.0,0.5,296.98,0.7,297.04,6.1,297.05,11.7
1753591960237,04:52:40.237,bitget,AAVE/USDT:USDT,297.0,0.8,296.97,2.4,297.01,3.4,297.02,8.6
1753591960387,04:52:40.387,bitget,AAVE/USDT:USDT,297.0,0.8,296.98,6.5,297.01,1.5,297.02,8.6
1753591960537,04:52:40.537,bitget,AAVE/USDT:USDT,297.0,5.2,296.98,7.1,297.01,0.5,297.02,8.6
1753591960687,04:52:40.687,bitget,AAVE/USDT:USDT,296.99,0.3,296.98,0.5,297.0,1.9,297.01,7.1
1753591960838,04:52:40.838,bitget,AAVE/USDT:USDT,296.99,0.3,296.98,0.5,297.0,2.4,297.01,7.1
1753591960988,04:52:40.988,bitget,AAVE/USDT:USDT,296.99,0.3,296.98,0.5,297.0,2.4,297.01,7.1
1753591961138,04:52:41.138,bitget,AAVE/USDT:USDT,296.99,0.3,296.98,0.5,297.0,0.8,297.01,7.1
1753591961288,04:52:41.288,bitget,AAVE/USDT:USDT,296.98,0.5,296.97,12.4,297.0,0.8,297.01,4.5
1753591961438,04:52:41.438,bitget,AAVE/USDT:USDT,296.98,0.3,296.97,1.9,297.0,0.5,297.01,4.5
1753591961738,04:52:41.738,bitget,AAVE/USDT:USDT,296.96,0.8,296.95,33.4,296.97,1.6,296.99,4.0
1753591961888,04:52:41.888,bitget,AAVE/USDT:USDT,296.96,1.2,296.95,33.4,296.98,0.9,296.99,3.0
1753591962038,04:52:42.038,bitget,AAVE/USDT:USDT,296.96,3.1,296.95,34.2,296.97,0.5,296.98,0.6
1753591962338,04:52:42.338,bitget,AAVE/USDT:USDT,296.96,3.1,296.95,28.5,297.0,3.3,297.01,0.5
1753591962488,04:52:42.488,bitget,AAVE/USDT:USDT,296.99,0.9,296.98,0.3,297.0,0.5,297.01,0.5
1753591962639,04:52:42.639,bitget,AAVE/USDT:USDT,296.99,1.2,296.97,6.5,297.0,0.5,297.01,1.0
1753591962939,04:52:42.939,bitget,AAVE/USDT:USDT,296.99,0.4,296.97,6.5,297.0,1.8,297.01,5.0
1753591963239,04:52:43.239,bitget,AAVE/USDT:USDT,296.99,0.4,296.97,6.5,297.0,1.8,297.01,5.0
1753591963389,04:52:43.389,bitget,AAVE/USDT:USDT,296.99,0.7,296.97,6.5,297.0,1.8,297.01,5.0
1753591963539,04:52:43.539,bitget,AAVE/USDT:USDT,296.99,1.2,296.97,6.5,297.0,0.5,297.01,1.0
1753591963689,04:52:43.689,bitget,AAVE/USDT:USDT,296.99,1.2,296.97,6.5,297.0,0.5,297.01,2.0
1753591963839,04:52:43.839,bitget,AAVE/USDT:USDT,296.99,5.2,296.97,6.5,297.0,0.5,297.01,1.0
1753591963989,04:52:43.989,bitget,AAVE/USDT:USDT,296.99,5.2,296.97,6.5,297.01,1.0,297.02,9.9
1753591964139,04:52:44.139,bitget,AAVE/USDT:USDT,297.0,3.1,296.99,4.9,297.01,0.9,297.02,9.9
1753591964290,04:52:44.290,bitget,AAVE/USDT:USDT,297.0,0.9,296.99,0.5,297.01,2.4,297.02,13.9
1753591964740,04:52:44.740,bitget,AAVE/USDT:USDT,297.0,1.2,296.99,0.5,297.01,2.3,297.02,13.9
1753591964890,04:52:44.890,bitget,AAVE/USDT:USDT,297.0,1.2,296.99,0.5,297.01,0.7,297.02,13.9
1753591965040,04:52:45.040,bitget,AAVE/USDT:USDT,297.0,1.2,296.99,0.5,297.01,1.7,297.02,13.9
1753591965340,04:52:45.340,bitget,AAVE/USDT:USDT,297.0,1.2,296.99,0.5,297.01,1.0,297.02,14.9
1753591965490,04:52:45.490,bitget,AAVE/USDT:USDT,297.0,1.2,296.99,0.5,297.01,1.0,297.02,14.9
1753591965640,04:52:45.640,bitget,AAVE/USDT:USDT,297.0,1.2,296.99,0.5,297.01,0.7,297.02,14.9
1753591965790,04:52:45.790,bitget,AAVE/USDT:USDT,297.0,1.2,296.99,0.5,297.01,0.7,297.02,14.9
1753591965940,04:52:45.940,bitget,AAVE/USDT:USDT,297.0,1.2,296.99,0.5,297.01,0.7,297.02,14.9
1753591966241,04:52:46.241,bitget,AAVE/USDT:USDT,297.0,1.2,296.99,0.5,297.01,0.7,297.02,9.9
1753591966391,04:52:46.391,bitget,AAVE/USDT:USDT,297.02,4.8,297.01,1.9,297.03,28.0,297.04,2.9
1753591966541,04:52:46.541,bitget,AAVE/USDT:USDT,297.02,4.8,297.01,1.9,297.03,27.4,297.04,2.4
1753591967141,04:52:47.141,bitget,AAVE/USDT:USDT,297.02,4.8,297.01,1.9,297.03,27.4,297.04,2.4
1753591967441,04:52:47.441,bitget,AAVE/USDT:USDT,297.04,5.2,297.03,10.4,297.05,0.2,297.06,1.3
1753591967591,04:52:47.591,bitget,AAVE/USDT:USDT,297.04,5.2,297.03,10.4,297.05,0.2,297.06,1.3
1753591967741,04:52:47.741,bitget,AAVE/USDT:USDT,297.04,5.2,297.03,10.4,297.05,0.2,297.06,1.3
1753591967892,04:52:47.892,bitget,AAVE/USDT:USDT,297.04,5.2,297.03,10.4,297.05,0.2,297.06,1.3
1753591968041,04:52:48.041,bitget,AAVE/USDT:USDT,297.04,5.2,297.03,10.4,297.05,0.2,297.06,1.3
1753591968192,04:52:48.192,bitget,AAVE/USDT:USDT,297.07,0.5,297.06,0.3,297.08,10.3,297.09,0.1
1753591968342,04:52:48.342,bitget,AAVE/USDT:USDT,297.07,1.2,297.05,1.9,297.08,2.5,297.09,1.1
1753591968492,04:52:48.492,bitget,AAVE/USDT:USDT,297.07,1.2,297.05,8.4,297.08,2.6,297.09,0.1
1753591968642,04:52:48.642,bitget,AAVE/USDT:USDT,297.07,1.2,297.05,8.4,297.08,2.6,297.09,0.1
1753591968792,04:52:48.792,bitget,AAVE/USDT:USDT,297.07,1.2,297.05,8.4,297.08,2.6,297.09,0.1
1753591968942,04:52:48.942,bitget,AAVE/USDT:USDT,297.07,5.2,297.05,8.4,297.08,2.1,297.09,0.1
1753591969092,04:52:49.092,bitget,AAVE/USDT:USDT,297.07,5.2,297.05,8.4,297.08,2.1,297.09,0.1
1753591969242,04:52:49.242,bitget,AAVE/USDT:USDT,297.07,5.2,297.05,11.1,297.08,2.1,297.09,0.1
1753591969392,04:52:49.392,bitget,AAVE/USDT:USDT,297.07,5.2,297.05,15.9,297.08,2.1,297.09,0.1
1753591969542,04:52:49.542,bitget,AAVE/USDT:USDT,297.07,5.2,297.05,15.9,297.08,2.1,297.09,0.1
1753591969693,04:52:49.693,bitget,AAVE/USDT:USDT,297.07,0.5,297.05,8.4,297.08,6.6,297.09,0.1
1753591969843,04:52:49.843,bitget,AAVE/USDT:USDT,297.07,0.5,297.05,8.4,297.08,7.6,297.09,0.9
1753591970143,04:52:50.143,bitget,AAVE/USDT:USDT,297.07,0.8,297.05,1.9,297.08,7.6,297.09,0.9
1753591970293,04:52:50.293,bitget,AAVE/USDT:USDT,297.07,0.8,297.05,1.9,297.08,7.6,297.09,0.9
1753591970443,04:52:50.443,bitget,AAVE/USDT:USDT,297.07,0.8,297.05,8.4,297.08,2.6,297.09,1.9
1753591970593,04:52:50.593,bitget,AAVE/USDT:USDT,297.07,0.8,297.05,8.4,297.08,2.6,297.09,0.9
1753591970743,04:52:50.743,bitget,AAVE/USDT:USDT,297.07,0.8,297.05,8.4,297.08,2.6,297.09,4.9
1753591971043,04:52:51.043,bitget,AAVE/USDT:USDT,297.05,0.3,297.04,28.9,297.07,2.2,297.08,3.6
1753591971193,04:52:51.193,bitget,AAVE/USDT:USDT,297.05,0.5,297.04,28.9,297.06,0.5,297.07,1.9
1753591971343,04:52:51.343,bitget,AAVE/USDT:USDT,297.05,0.5,297.04,3.1,297.06,0.7,297.07,2.9
1753591971494,04:52:51.494,bitget,AAVE/USDT:USDT,297.05,0.8,297.04,3.1,297.06,0.7,297.07,3.5
1753591971794,04:52:51.794,bitget,AAVE/USDT:USDT,297.05,1.2,297.04,3.1,297.06,0.5,297.07,3.5
1753591971944,04:52:51.944,bitget,AAVE/USDT:USDT,297.05,1.2,297.04,3.1,297.06,0.5,297.07,3.5
1753591972394,04:52:52.394,bitget,AAVE/USDT:USDT,297.05,0.8,297.04,3.1,297.06,0.5,297.07,3.5
1753591972544,04:52:52.544,bitget,AAVE/USDT:USDT,297.05,4.8,297.04,3.1,297.06,0.5,297.07,3.5
1753591972844,04:52:52.844,bitget,AAVE/USDT:USDT,297.05,4.8,297.04,5.1,297.06,0.5,297.07,3.5
1753591973144,04:52:53.144,bitget,AAVE/USDT:USDT,297.05,4.8,297.04,5.1,297.08,4.4,297.09,4.3
1753591973295,04:52:53.295,bitget,AAVE/USDT:USDT,297.07,1.2,297.05,6.4,297.08,5.5,297.09,4.3
1753591973445,04:52:53.445,bitget,AAVE/USDT:USDT,297.07,1.2,297.05,12.9,297.08,2.2,297.09,5.6
1753591973745,04:52:53.745,bitget,AAVE/USDT:USDT,297.07,1.2,297.05,12.9,297.08,3.4,297.09,4.9
1753591973895,04:52:53.895,bitget,AAVE/USDT:USDT,297.07,1.2,297.05,12.9,297.08,2.4,297.09,4.9
1753591974045,04:52:54.045,bitget,AAVE/USDT:USDT,297.07,1.2,297.05,12.9,297.08,2.4,297.09,5.9
1753591974795,04:52:54.795,bitget,AAVE/USDT:USDT,297.07,0.8,297.05,12.9,297.08,2.4,297.09,5.9
1753591974945,04:52:54.945,bitget,AAVE/USDT:USDT,297.07,0.8,297.05,12.9,297.08,2.4,297.09,5.9
1753591975546,04:52:55.546,bitget,AAVE/USDT:USDT,297.07,0.5,297.05,12.9,297.08,2.4,297.09,5.9
1753591975696,04:52:55.696,bitget,AAVE/USDT:USDT,297.05,0.5,297.04,2.6,297.08,2.7,297.09,5.9
1753591975846,04:52:55.846,bitget,AAVE/USDT:USDT,297.05,0.8,297.04,2.6,297.06,0.5,297.07,3.4
1753591976146,04:52:56.146,bitget,AAVE/USDT:USDT,297.05,0.8,297.04,2.6,297.06,0.5,297.07,3.4
1753591976296,04:52:56.296,bitget,AAVE/USDT:USDT,297.05,0.8,297.04,2.6,297.06,0.5,297.07,3.4
1753591976446,04:52:56.446,bitget,AAVE/USDT:USDT,297.05,0.8,297.04,2.6,297.06,0.5,297.07,3.4
1753591976596,04:52:56.596,bitget,AAVE/USDT:USDT,297.05,0.8,297.04,2.6,297.06,0.5,297.07,3.4
1753591976747,04:52:56.747,bitget,AAVE/USDT:USDT,297.05,0.8,297.04,2.6,297.06,0.5,297.07,3.4
1753591976897,04:52:56.897,bitget,AAVE/USDT:USDT,297.05,0.8,297.04,2.6,297.06,0.5,297.07,3.4
1753591977197,04:52:57.197,bitget,AAVE/USDT:USDT,297.05,0.8,297.04,2.6,297.06,0.5,297.07,3.4
1753591977347,04:52:57.347,bitget,AAVE/USDT:USDT,297.05,0.8,297.04,2.6,297.06,0.5,297.07,3.4
1753591977497,04:52:57.497,bitget,AAVE/USDT:USDT,297.05,0.8,297.04,2.6,297.06,0.5,297.07,3.4
1753591977647,04:52:57.647,bitget,AAVE/USDT:USDT,297.05,0.8,297.04,2.6,297.06,0.5,297.07,3.4
1753591977797,04:52:57.797,bitget,AAVE/USDT:USDT,297.05,0.5,297.04,2.6,297.06,0.8,297.07,3.4
1753591977947,04:52:57.947,bitget,AAVE/USDT:USDT,297.05,0.5,297.04,2.6,297.06,0.8,297.07,3.4
1753591978097,04:52:58.097,bitget,AAVE/USDT:USDT,297.05,0.8,297.04,2.6,297.06,0.5,297.07,3.4
1753591978247,04:52:58.247,bitget,AAVE/USDT:USDT,297.05,0.8,297.04,4.6,297.06,0.5,297.07,4.4
1753591978397,04:52:58.397,bitget,AAVE/USDT:USDT,297.05,4.8,297.04,2.6,297.06,0.5,297.08,2.2
1753591978698,04:52:58.698,bitget,AAVE/USDT:USDT,297.07,4.8,297.05,9.7,297.08,2.2,297.09,1.9
1753591978848,04:52:58.848,bitget,AAVE/USDT:USDT,297.07,4.8,297.05,9.7,297.08,2.2,297.09,0.9
1753591978998,04:52:58.998,bitget,AAVE/USDT:USDT,297.07,0.3,297.05,8.9,297.08,0.5,297.09,0.9
1753591979148,04:52:59.148,bitget,AAVE/USDT:USDT,297.07,4.8,297.05,9.7,297.08,2.4,297.09,0.9
1753591979298,04:52:59.298,bitget,AAVE/USDT:USDT,297.07,1.2,297.05,8.9,297.08,0.7,297.09,0.9
1753591979448,04:52:59.448,bitget,AAVE/USDT:USDT,297.07,0.5,297.06,2.2,297.08,2.1,297.09,0.1
1753591979748,04:52:59.748,bitget,AAVE/USDT:USDT,297.07,4.8,297.06,4.0,297.09,1.6,297.1,2.5
1753591979898,04:52:59.898,bitget,AAVE/USDT:USDT,297.08,6.6,297.07,1.1,297.09,1.6,297.1,3.5
1753591980048,04:53:00.048,bitget,AAVE/USDT:USDT,297.08,6.6,297.07,1.1,297.09,1.6,297.1,3.5
1753591980499,04:53:00.499,bitget,AAVE/USDT:USDT,297.08,4.8,297.07,3.0,297.1,1.4,297.11,10.0
1753591980649,04:53:00.649,bitget,AAVE/USDT:USDT,297.09,2.6,297.08,4.7,297.1,0.4,297.11,10.0
1753591980799,04:53:00.799,bitget,AAVE/USDT:USDT,297.09,1.2,297.08,0.5,297.1,0.5,297.11,10.0
1753591980949,04:53:00.949,bitget,AAVE/USDT:USDT,297.09,1.2,297.08,0.5,297.1,2.1,297.11,10.0
1753591981099,04:53:01.099,bitget,AAVE/USDT:USDT,297.09,1.2,297.08,0.5,297.1,2.1,297.11,11.0
1753591981249,04:53:01.249,bitget,AAVE/USDT:USDT,297.09,1.2,297.08,0.5,297.1,2.6,297.11,11.0
1753591981399,04:53:01.399,bitget,AAVE/USDT:USDT,297.09,1.2,297.08,0.5,297.1,2.6,297.11,10.0
1753591981549,04:53:01.549,bitget,AAVE/USDT:USDT,297.09,1.2,297.08,0.5,297.1,2.6,297.11,10.0
1753591981699,04:53:01.699,bitget,AAVE/USDT:USDT,297.09,1.2,297.08,0.5,297.1,2.6,297.11,10.0
1753591981849,04:53:01.849,bitget,AAVE/USDT:USDT,297.05,6.5,297.04,33.0,297.09,2.6,297.1,2.6
1753591982000,04:53:02.000,bitget,AAVE/USDT:USDT,297.06,0.8,297.04,26.5,297.07,1.6,297.08,1.0
1753591982150,04:53:02.150,bitget,AAVE/USDT:USDT,297.06,5.7,297.05,0.5,297.09,2.5,297.1,2.1
1753591982300,04:53:02.300,bitget,AAVE/USDT:USDT,297.07,0.8,297.06,7.6,297.08,0.5,297.09,2.5
1753591982450,04:53:02.450,bitget,AAVE/USDT:USDT,297.07,1.2,297.06,6.4,297.08,0.5,297.09,2.5
1753591982600,04:53:02.600,bitget,AAVE/USDT:USDT,297.07,1.2,297.06,6.4,297.08,0.5,297.09,2.5
1753591982750,04:53:02.750,bitget,AAVE/USDT:USDT,297.07,1.2,297.06,6.4,297.08,0.8,297.09,6.5
1753591983050,04:53:03.050,bitget,AAVE/USDT:USDT,297.07,0.5,297.06,2.4,297.08,0.8,297.09,7.5
1753591983200,04:53:03.200,bitget,AAVE/USDT:USDT,297.06,0.8,297.05,6.5,297.07,2.4,297.08,0.8
1753591983350,04:53:03.350,bitget,AAVE/USDT:USDT,297.06,0.3,297.04,33.0,297.07,2.4,297.08,2.5
1753591983500,04:53:03.500,bitget,AAVE/USDT:USDT,297.06,0.3,297.04,33.0,297.07,2.1,297.08,2.5
1753591983650,04:53:03.650,bitget,AAVE/USDT:USDT,297.06,0.4,297.04,33.0,297.07,2.4,297.08,2.5
1753591983800,04:53:03.800,bitget,AAVE/USDT:USDT,297.06,0.4,297.04,33.0,297.07,2.4,297.08,2.5
1753591983951,04:53:03.951,bitget,AAVE/USDT:USDT,297.06,0.4,297.04,33.0,297.07,2.4,297.08,2.5
1753591984101,04:53:04.101,bitget,AAVE/USDT:USDT,297.06,0.4,297.04,33.0,297.07,2.4,297.08,2.5
1753591984251,04:53:04.251,bitget,AAVE/USDT:USDT,297.06,0.4,297.04,33.0,297.07,2.4,297.08,2.5
1753591984401,04:53:04.401,bitget,AAVE/USDT:USDT,297.06,0.4,297.04,33.0,297.07,0.8,297.08,2.5
1753591984551,04:53:04.551,bitget,AAVE/USDT:USDT,297.04,0.7,297.02,25.3,297.06,1.5,297.07,0.8
1753591984701,04:53:04.701,bitget,AAVE/USDT:USDT,297.02,31.8,297.01,34.2,297.05,8.2,297.07,0.5
1753591984851,04:53:04.851,bitget,AAVE/USDT:USDT,297.03,1.2,297.02,11.0,297.04,1.5,297.05,2.4
1753591985001,04:53:05.001,bitget,AAVE/USDT:USDT,297.03,1.2,297.02,11.0,297.04,0.5,297.05,2.4
1753591985151,04:53:05.151,bitget,AAVE/USDT:USDT,297.03,1.2,297.02,11.0,297.04,0.5,297.05,2.4
1753591985301,04:53:05.301,bitget,AAVE/USDT:USDT,297.03,1.2,297.02,11.0,297.04,0.5,297.05,2.4
1753591985451,04:53:05.451,bitget,AAVE/USDT:USDT,297.03,1.2,297.02,11.0,297.04,0.5,297.05,2.4
1753591985602,04:53:05.602,bitget,AAVE/USDT:USDT,297.03,1.2,297.02,11.0,297.04,0.5,297.05,2.4
1753591985752,04:53:05.752,bitget,AAVE/USDT:USDT,297.03,1.2,297.02,11.0,297.04,0.8,297.05,2.4
1753591985902,04:53:05.902,bitget,AAVE/USDT:USDT,297.03,1.2,297.02,11.0,297.04,0.8,297.05,6.4
1753591986052,04:53:06.052,bitget,AAVE/USDT:USDT,297.03,0.9,297.02,11.0,297.04,0.8,297.05,2.4
1753591986202,04:53:06.202,bitget,AAVE/USDT:USDT,297.02,0.5,297.01,25.8,297.04,0.8,297.05,2.4
1753591986502,04:53:06.502,bitget,AAVE/USDT:USDT,297.01,25.8,297.0,6.7,297.02,2.0,297.03,2.4
1753591986652,04:53:06.652,bitget,AAVE/USDT:USDT,297.0,0.2,296.99,56.4,297.02,2.0,297.03,2.7
1753591986802,04:53:06.802,bitget,AAVE/USDT:USDT,297.01,1.1,297.0,2.6,297.02,2.0,297.03,2.7
1753591986952,04:53:06.952,bitget,AAVE/USDT:USDT,297.01,0.5,297.0,2.6,297.02,0.8,297.03,2.4
1753591987102,04:53:07.102,bitget,AAVE/USDT:USDT,297.01,0.5,297.0,4.5,297.02,0.8,297.03,4.0
1753591987252,04:53:07.252,bitget,AAVE/USDT:USDT,297.01,0.5,297.0,4.5,297.02,0.8,297.03,4.0
1753591987403,04:53:07.403,bitget,AAVE/USDT:USDT,297.01,0.5,297.0,4.5,297.02,0.8,297.03,4.0
1753591987703,04:53:07.703,bitget,AAVE/USDT:USDT,297.01,4.8,297.0,4.5,297.03,0.5,297.04,1.2
1753591987853,04:53:07.853,bitget,AAVE/USDT:USDT,297.02,7.1,297.01,0.5,297.03,0.5,297.04,0.5
1753591988003,04:53:08.003,bitget,AAVE/USDT:USDT,297.02,7.1,297.01,3.9,297.04,0.5,297.05,1.9
1753591988153,04:53:08.153,bitget,AAVE/USDT:USDT,297.03,0.4,297.02,7.1,297.04,0.5,297.05,1.9
1753591988753,04:53:08.753,bitget,AAVE/USDT:USDT,297.03,0.9,297.02,2.4,297.04,0.8,297.05,6.9
1753591989054,04:53:09.054,bitget,AAVE/USDT:USDT,297.03,0.9,297.02,2.4,297.04,0.8,297.05,6.9
1753591989204,04:53:09.204,bitget,AAVE/USDT:USDT,297.03,0.9,297.02,2.4,297.04,0.8,297.05,6.9
1753591989354,04:53:09.354,bitget,AAVE/USDT:USDT,297.03,0.9,297.02,2.4,297.04,0.8,297.05,6.9
1753591989504,04:53:09.504,bitget,AAVE/USDT:USDT,297.03,0.5,297.02,2.4,297.04,0.8,297.05,6.9
1753591989654,04:53:09.654,bitget,AAVE/USDT:USDT,297.03,0.5,297.02,2.4,297.04,0.8,297.05,6.9
1753591989954,04:53:09.954,bitget,AAVE/USDT:USDT,297.03,0.5,297.02,2.4,297.04,0.8,297.05,6.9
1753591990104,04:53:10.104,bitget,AAVE/USDT:USDT,297.03,0.5,297.02,2.4,297.04,0.8,297.05,6.9
1753591990404,04:53:10.404,bitget,AAVE/USDT:USDT,297.03,0.5,297.02,2.4,297.04,0.8,297.05,6.9
1753591990554,04:53:10.554,bitget,AAVE/USDT:USDT,297.03,0.5,297.02,2.4,297.04,0.8,297.05,6.9
1753591990855,04:53:10.855,bitget,AAVE/USDT:USDT,297.03,0.5,297.02,2.4,297.04,0.8,297.05,6.9
1753591991005,04:53:11.005,bitget,AAVE/USDT:USDT,297.03,0.5,297.02,2.4,297.04,0.8,297.05,6.9
1753591991155,04:53:11.155,bitget,AAVE/USDT:USDT,297.03,0.5,297.02,2.4,297.04,0.8,297.05,6.9
1753591991305,04:53:11.305,bitget,AAVE/USDT:USDT,297.03,0.5,297.02,2.4,297.04,0.8,297.05,6.9
1753591991455,04:53:11.455,bitget,AAVE/USDT:USDT,297.03,0.5,297.02,2.4,297.04,0.8,297.05,7.2
1753591991605,04:53:11.605,bitget,AAVE/USDT:USDT,297.03,0.5,297.02,2.4,297.04,0.8,297.05,7.2
1753591991755,04:53:11.755,bitget,AAVE/USDT:USDT,297.03,0.5,297.02,2.4,297.04,0.8,297.05,7.2
1753591991905,04:53:11.905,bitget,AAVE/USDT:USDT,297.02,2.4,297.01,6.5,297.04,1.0,297.05,7.2
1753591992055,04:53:12.055,bitget,AAVE/USDT:USDT,297.02,2.4,297.0,9.7,297.03,0.3,297.04,0.5
1753591992205,04:53:12.205,bitget,AAVE/USDT:USDT,297.0,0.5,296.99,27.8,297.01,1.8,297.02,5.9
1753591992355,04:53:12.355,bitget,AAVE/USDT:USDT,297.0,1.2,296.99,27.8,297.01,0.8,297.02,5.9
1753591992505,04:53:12.505,bitget,AAVE/USDT:USDT,296.95,38.5,296.94,42.6,297.01,2.0,297.02,9.4
1753591992656,04:53:12.656,bitget,AAVE/USDT:USDT,296.96,0.5,296.95,40.9,296.97,4.5,296.98,4.4
1753591992806,04:53:12.806,bitget,AAVE/USDT:USDT,296.95,40.9,296.94,70.4,296.97,0.5,296.98,8.4
1753591992956,04:53:12.956,bitget,AAVE/USDT:USDT,296.96,0.4,296.95,47.1,296.97,0.8,296.98,8.4
1753591993106,04:53:13.106,bitget,AAVE/USDT:USDT,296.96,0.7,296.95,47.1,296.97,0.5,296.98,4.4
1753591993256,04:53:13.256,bitget,AAVE/USDT:USDT,296.96,1.2,296.95,47.1,296.97,0.5,296.98,1.9
1753591993556,04:53:13.556,bitget,AAVE/USDT:USDT,296.94,63.9,296.93,0.8,296.95,0.5,296.96,2.2
1753591993706,04:53:13.706,bitget,AAVE/USDT:USDT,296.94,63.9,296.93,0.8,296.95,0.5,296.96,3.7
1753591993856,04:53:13.856,bitget,AAVE/USDT:USDT,296.94,64.4,296.93,2.8,296.95,0.5,296.96,3.4
1753591994006,04:53:14.006,bitget,AAVE/USDT:USDT,296.94,64.4,296.93,2.8,296.95,0.5,296.96,3.4
1753591994156,04:53:14.156,bitget,AAVE/USDT:USDT,296.94,64.4,296.93,2.8,296.95,0.5,296.96,3.4
1753591994456,04:53:14.456,bitget,AAVE/USDT:USDT,296.94,64.4,296.93,2.8,296.95,0.5,296.96,1.9
1753591994607,04:53:14.607,bitget,AAVE/USDT:USDT,296.94,64.4,296.93,2.8,296.95,0.5,296.96,1.9
1753591994757,04:53:14.757,bitget,AAVE/USDT:USDT,296.94,64.4,296.93,2.8,296.95,0.5,296.96,1.9
1753591994907,04:53:14.907,bitget,AAVE/USDT:USDT,296.94,64.4,296.93,2.8,296.95,0.5,296.96,1.9
1753591995057,04:53:15.057,bitget,AAVE/USDT:USDT,296.94,68.4,296.93,2.8,296.95,0.5,296.97,2.4
1753591995207,04:53:15.207,bitget,AAVE/USDT:USDT,296.94,64.4,296.93,2.8,296.95,0.5,296.97,2.4
1753591995507,04:53:15.507,bitget,AAVE/USDT:USDT,296.98,0.3,296.96,2.8,296.99,0.5,297.0,2.2
1753591995657,04:53:15.657,bitget,AAVE/USDT:USDT,296.96,2.4,296.95,2.2,296.99,5.8,297.0,2.4
1753591995807,04:53:15.807,bitget,AAVE/USDT:USDT,296.97,0.3,296.96,2.4,296.98,1.9,296.99,0.5
1753591995957,04:53:15.957,bitget,AAVE/USDT:USDT,296.97,0.8,296.96,3.1,296.98,2.4,296.99,4.5
1753591996107,04:53:16.107,bitget,AAVE/USDT:USDT,296.97,0.8,296.96,3.1,296.98,2.4,296.99,2.2
1753591996257,04:53:16.257,bitget,AAVE/USDT:USDT,296.97,0.8,296.96,3.1,296.98,2.4,296.99,2.2
1753591996408,04:53:16.408,bitget,AAVE/USDT:USDT,296.97,0.8,296.96,3.1,296.99,1.2,297.0,2.4
1753591996557,04:53:16.557,bitget,AAVE/USDT:USDT,296.98,4.8,296.97,1.2,297.0,0.5,297.01,1.3
1753591996708,04:53:16.708,bitget,AAVE/USDT:USDT,296.99,0.7,296.98,5.3,297.0,0.5,297.01,1.3
1753591996858,04:53:16.858,bitget,AAVE/USDT:USDT,296.99,1.2,296.98,4.9,297.0,0.5,297.01,1.3
1753591997008,04:53:17.008,bitget,AAVE/USDT:USDT,296.99,1.2,296.98,4.9,297.0,0.5,297.01,1.3
1753591997158,04:53:17.158,bitget,AAVE/USDT:USDT,296.99,1.2,296.98,4.9,297.0,0.5,297.01,1.3
1753591997308,04:53:17.308,bitget,AAVE/USDT:USDT,296.99,1.2,296.98,4.9,297.0,0.5,297.01,1.3
1753591997458,04:53:17.458,bitget,AAVE/USDT:USDT,296.99,1.2,296.98,4.9,297.0,0.8,297.01,1.3
1753591997608,04:53:17.608,bitget,AAVE/USDT:USDT,296.99,0.9,296.98,0.9,297.0,0.8,297.01,6.3
1753591997758,04:53:17.758,bitget,AAVE/USDT:USDT,296.98,0.5,296.96,2.9,296.99,1.5,297.0,0.8
1753591997908,04:53:17.908,bitget,AAVE/USDT:USDT,296.96,2.2,296.95,32.3,296.99,1.8,297.0,3.7
1753591998058,04:53:18.058,bitget,AAVE/USDT:USDT,296.97,0.3,296.96,2.4,296.98,2.3,296.99,3.0
1753591998209,04:53:18.209,bitget,AAVE/USDT:USDT,296.96,2.4,296.95,35.0,296.98,6.3,296.99,3.0
1753591998359,04:53:18.359,bitget,AAVE/USDT:USDT,296.97,0.3,296.96,2.4,296.98,7.2,296.99,3.0
1753591998509,04:53:18.509,bitget,AAVE/USDT:USDT,296.97,0.8,296.96,2.4,296.98,2.3,296.99,3.0
1753591998659,04:53:18.659,bitget,AAVE/USDT:USDT,296.97,0.8,296.96,2.4,296.98,0.5,296.99,7.0
1753591998809,04:53:18.809,bitget,AAVE/USDT:USDT,296.97,0.8,296.96,2.4,296.98,0.5,296.99,7.0
1753591998959,04:53:18.959,bitget,AAVE/USDT:USDT,296.97,5.6,296.96,2.4,297.0,0.5,297.01,1.7
1753591999109,04:53:19.109,bitget,AAVE/USDT:USDT,296.99,0.5,296.97,7.9,297.0,0.8,297.01,2.3
1753591999259,04:53:19.259,bitget,AAVE/USDT:USDT,296.99,0.5,296.97,11.6,297.0,1.0,297.01,6.3
1753591999409,04:53:19.409,bitget,AAVE/USDT:USDT,296.99,0.5,296.97,11.6,297.0,1.3,297.01,7.3
1753591999559,04:53:19.559,bitget,AAVE/USDT:USDT,296.99,0.5,296.97,11.6,297.0,1.3,297.01,7.3
1753591999709,04:53:19.709,bitget,AAVE/USDT:USDT,296.99,0.5,296.97,9.1,297.0,1.3,297.01,7.3
1753591999859,04:53:19.859,bitget,AAVE/USDT:USDT,296.99,0.5,296.97,9.1,297.0,1.3,297.01,7.3
1753592000010,04:53:20.010,bitget,AAVE/USDT:USDT,296.99,0.5,296.97,9.1,297.0,1.3,297.01,7.3
1753592000160,04:53:20.160,bitget,AAVE/USDT:USDT,296.99,0.8,296.97,6.4,297.0,1.1,297.01,7.3
1753592000309,04:53:20.309,bitget,AAVE/USDT:USDT,296.99,0.5,296.97,6.4,297.0,1.1,297.01,7.8
1753592000460,04:53:20.460,bitget,AAVE/USDT:USDT,296.99,0.5,296.97,6.4,297.0,1.1,297.01,7.8
1753592000610,04:53:20.610,bitget,AAVE/USDT:USDT,296.99,0.5,296.97,6.4,297.0,1.1,297.01,7.8
1753592000760,04:53:20.760,bitget,AAVE/USDT:USDT,296.99,0.5,296.97,6.4,297.0,1.1,297.01,7.8
1753592000910,04:53:20.910,bitget,AAVE/USDT:USDT,296.99,0.8,296.97,6.4,297.0,1.1,297.01,7.8
1753592001060,04:53:21.060,bitget,AAVE/USDT:USDT,296.99,6.0,296.98,29.2,297.02,0.2,297.04,0.3
1753592001210,04:53:21.210,bitget,AAVE/USDT:USDT,297.01,7.9,297.0,1.9,297.04,0.9,297.05,3.3
1753592001360,04:53:21.360,bitget,AAVE/USDT:USDT,297.03,1.2,297.01,8.2,297.04,0.9,297.05,3.3
1753592001510,04:53:21.510,bitget,AAVE/USDT:USDT,297.03,1.2,297.01,13.5,297.04,0.9,297.05,3.3
1753592001660,04:53:21.660,bitget,AAVE/USDT:USDT,297.03,5.2,297.02,2.5,297.05,4.3,297.06,26.9
1753592001811,04:53:21.811,bitget,AAVE/USDT:USDT,297.04,0.3,297.03,6.8,297.05,4.3,297.06,26.9
1753592002111,04:53:22.111,bitget,AAVE/USDT:USDT,297.03,0.5,297.01,2.4,297.04,0.8,297.05,7.7
1753592002261,04:53:22.261,bitget,AAVE/USDT:USDT,297.01,3.3,297.0,6.5,297.02,0.5,297.04,2.4
1753592002411,04:53:22.411,bitget,AAVE/USDT:USDT,297.01,2.4,296.99,15.3,297.02,0.5,297.04,2.4
1753592002561,04:53:22.561,bitget,AAVE/USDT:USDT,297.01,6.7,297.0,2.0,297.02,0.5,297.04,2.4
1753592002711,04:53:22.711,bitget,AAVE/USDT:USDT,297.01,6.7,297.0,5.3,297.02,0.5,297.04,2.4
1753592002861,04:53:22.861,bitget,AAVE/USDT:USDT,297.01,6.7,297.0,5.3,297.04,2.4,297.05,13.9
1753592003011,04:53:23.011,bitget,AAVE/USDT:USDT,297.03,0.5,297.01,2.4,297.04,2.4,297.05,13.9
1753592003161,04:53:23.161,bitget,AAVE/USDT:USDT,297.03,0.5,297.01,2.4,297.04,2.7,297.05,13.9
1753592003311,04:53:23.311,bitget,AAVE/USDT:USDT,297.03,0.5,297.01,2.4,297.04,2.4,297.05,13.9
1753592003462,04:53:23.462,bitget,AAVE/USDT:USDT,297.03,0.8,297.01,2.4,297.04,2.4,297.05,13.9
1753592003612,04:53:23.612,bitget,AAVE/USDT:USDT,297.03,0.8,297.01,8.9,297.05,11.0,297.06,26.9
1753592003762,04:53:23.762,bitget,AAVE/USDT:USDT,297.04,6.6,297.03,0.5,297.06,26.7,297.07,13.2
1753592003912,04:53:23.912,bitget,AAVE/USDT:USDT,297.05,0.8,297.04,6.3,297.06,32.1,297.07,0.1
1753592004062,04:53:24.062,bitget,AAVE/USDT:USDT,297.05,0.8,297.04,5.9,297.06,29.6,297.07,0.1
1753592004212,04:53:24.212,bitget,AAVE/USDT:USDT,297.05,0.8,297.04,5.9,297.06,28.3,297.07,0.1
1753592004362,04:53:24.362,bitget,AAVE/USDT:USDT,297.05,0.8,297.04,5.9,297.06,28.3,297.07,0.1
1753592004512,04:53:24.512,bitget,AAVE/USDT:USDT,297.05,0.8,297.04,5.9,297.06,28.3,297.07,0.1
1753592004662,04:53:24.662,bitget,AAVE/USDT:USDT,297.05,0.8,297.04,5.9,297.06,32.3,297.07,0.1
1753592004812,04:53:24.812,bitget,AAVE/USDT:USDT,297.05,0.8,297.04,5.9,297.06,28.6,297.07,4.1
1753592004962,04:53:24.962,bitget,AAVE/USDT:USDT,297.05,0.8,297.04,5.9,297.06,28.6,297.07,4.1
1753592005263,04:53:25.263,bitget,AAVE/USDT:USDT,297.05,0.8,297.04,5.9,297.06,28.6,297.07,5.1
1753592005413,04:53:25.413,bitget,AAVE/USDT:USDT,297.05,0.8,297.04,5.9,297.06,28.6,297.07,4.1
1753592005563,04:53:25.563,bitget,AAVE/USDT:USDT,297.05,0.8,297.04,5.9,297.06,28.6,297.07,4.1
1753592005713,04:53:25.713,bitget,AAVE/USDT:USDT,297.05,0.8,297.04,5.9,297.06,28.6,297.07,5.1
1753592006013,04:53:26.013,bitget,AAVE/USDT:USDT,297.03,0.5,297.01,37.2,297.04,2.7,297.05,12.0
1753592006163,04:53:26.163,bitget,AAVE/USDT:USDT,297.04,0.3,297.03,5.9,297.05,1.5,297.06,28.6
1753592006313,04:53:26.313,bitget,AAVE/USDT:USDT,297.05,0.3,297.04,6.8,297.06,28.6,297.07,0.1
1753592006463,04:53:26.463,bitget,AAVE/USDT:USDT,297.05,0.8,297.04,6.4,297.06,28.6,297.07,1.1
1753592006613,04:53:26.613,bitget,AAVE/USDT:USDT,297.05,0.8,297.04,6.4,297.06,28.6,297.07,0.1
1753592006763,04:53:26.763,bitget,AAVE/USDT:USDT,297.05,0.8,297.04,6.4,297.06,28.6,297.07,1.1
1753592006913,04:53:26.913,bitget,AAVE/USDT:USDT,297.05,0.8,297.04,6.4,297.06,28.6,297.07,0.1
1753592007064,04:53:27.064,bitget,AAVE/USDT:USDT,297.05,0.8,297.04,6.4,297.06,28.6,297.07,0.1
1753592007214,04:53:27.214,bitget,AAVE/USDT:USDT,297.05,0.8,297.04,6.4,297.06,28.6,297.07,4.1
1753592007364,04:53:27.364,bitget,AAVE/USDT:USDT,297.05,0.5,297.04,6.4,297.06,28.6,297.07,5.1
1753592007514,04:53:27.514,bitget,AAVE/USDT:USDT,297.05,0.5,297.04,6.4,297.06,28.6,297.07,5.1
1753592007664,04:53:27.664,bitget,AAVE/USDT:USDT,297.05,0.8,297.04,6.4,297.06,28.6,297.07,5.1
1753592007814,04:53:27.814,bitget,AAVE/USDT:USDT,297.05,0.8,297.04,6.4,297.06,28.6,297.07,5.1
1753592007964,04:53:27.964,bitget,AAVE/USDT:USDT,297.05,0.8,297.04,6.4,297.06,28.6,297.07,5.1
1753592008114,04:53:28.114,bitget,AAVE/USDT:USDT,297.05,0.8,297.04,6.4,297.06,28.6,297.07,5.1
1753592008264,04:53:28.264,bitget,AAVE/USDT:USDT,297.05,0.8,297.04,6.4,297.06,28.6,297.07,1.1
1753592008414,04:53:28.414,bitget,AAVE/USDT:USDT,297.05,0.8,297.04,6.4,297.06,28.6,297.07,1.1
1753592008564,04:53:28.564,bitget,AAVE/USDT:USDT,297.05,0.8,297.04,6.4,297.06,28.6,297.07,5.1
1753592008865,04:53:28.865,bitget,AAVE/USDT:USDT,297.05,0.5,297.04,6.4,297.06,28.6,297.07,5.1
1753592009015,04:53:29.015,bitget,AAVE/USDT:USDT,297.05,0.5,297.04,0.5,297.06,28.6,297.07,5.1
1753592009165,04:53:29.165,bitget,AAVE/USDT:USDT,297.05,0.5,297.04,0.5,297.06,28.6,297.07,5.1
1753592009315,04:53:29.315,bitget,AAVE/USDT:USDT,297.05,0.5,297.04,0.5,297.06,28.6,297.07,5.1
1753592009465,04:53:29.465,bitget,AAVE/USDT:USDT,297.05,0.5,297.04,0.5,297.06,28.6,297.07,5.1
1753592009615,04:53:29.615,bitget,AAVE/USDT:USDT,297.05,0.5,297.04,0.5,297.06,28.6,297.07,5.1
1753592009765,04:53:29.765,bitget,AAVE/USDT:USDT,297.05,0.5,297.04,0.5,297.06,28.6,297.07,5.1
1753592009915,04:53:29.915,bitget,AAVE/USDT:USDT,297.04,0.5,297.02,3.7,297.06,28.6,297.07,5.1
1753592010065,04:53:30.065,bitget,AAVE/USDT:USDT,297.04,0.5,297.02,3.7,297.05,2.3,297.06,28.6
1753592010215,04:53:30.215,bitget,AAVE/USDT:USDT,297.04,0.5,297.02,3.7,297.05,2.3,297.06,28.6
1753592010365,04:53:30.365,bitget,AAVE/USDT:USDT,297.04,0.5,297.02,1.0,297.05,2.3,297.06,28.6
1753592010515,04:53:30.515,bitget,AAVE/USDT:USDT,297.04,0.5,297.02,3.7,297.05,2.3,297.06,28.6
1753592010666,04:53:30.666,bitget,AAVE/USDT:USDT,297.04,0.5,297.02,1.0,297.05,2.3,297.06,28.6
1753592010816,04:53:30.816,bitget,AAVE/USDT:USDT,297.04,0.5,297.02,3.7,297.05,2.3,297.06,28.6
1753592010965,04:53:30.965,bitget,AAVE/USDT:USDT,297.04,0.5,297.02,3.7,297.05,2.3,297.06,28.6
1753592011116,04:53:31.116,bitget,AAVE/USDT:USDT,297.04,0.5,297.02,3.7,297.05,2.3,297.06,28.6
1753592011266,04:53:31.266,bitget,AAVE/USDT:USDT,297.04,0.5,297.02,10.9,297.05,2.3,297.06,28.6
1753592011416,04:53:31.416,bitget,AAVE/USDT:USDT,297.04,0.8,297.02,10.9,297.05,0.5,297.06,28.6
1753592011566,04:53:31.566,bitget,AAVE/USDT:USDT,297.04,0.8,297.02,10.9,297.05,0.5,297.06,32.6
1753592011716,04:53:31.716,bitget,AAVE/USDT:USDT,297.04,0.8,297.02,10.9,297.05,0.5,297.06,32.6
1753592011866,04:53:31.866,bitget,AAVE/USDT:USDT,297.04,0.8,297.02,10.9,297.05,0.5,297.06,32.6
1753592012016,04:53:32.016,bitget,AAVE/USDT:USDT,297.04,0.8,297.02,10.9,297.05,4.8,297.06,28.6
1753592012166,04:53:32.166,bitget,AAVE/USDT:USDT,297.04,0.5,297.02,10.9,297.05,4.8,297.06,28.6
1753592012317,04:53:32.317,bitget,AAVE/USDT:USDT,297.04,0.5,297.02,10.9,297.05,4.8,297.06,28.6
1753592012467,04:53:32.467,bitget,AAVE/USDT:USDT,297.04,0.8,297.02,10.9,297.05,4.5,297.06,28.6
1753592012617,04:53:32.617,bitget,AAVE/USDT:USDT,297.04,4.8,297.02,10.9,297.05,0.5,297.06,28.6
1753592012767,04:53:32.767,bitget,AAVE/USDT:USDT,297.04,4.8,297.02,10.9,297.05,0.5,297.06,28.6
1753592012917,04:53:32.917,bitget,AAVE/USDT:USDT,297.04,4.8,297.02,10.9,297.05,0.5,297.06,28.6
1753592013067,04:53:33.067,bitget,AAVE/USDT:USDT,297.04,0.8,297.02,10.9,297.05,0.5,297.06,28.6
1753592013217,04:53:33.217,bitget,AAVE/USDT:USDT,297.04,0.8,297.02,10.9,297.05,0.8,297.06,28.6
1753592013367,04:53:33.367,bitget,AAVE/USDT:USDT,297.04,0.8,297.02,10.9,297.05,4.8,297.06,28.6
1753592013517,04:53:33.517,bitget,AAVE/USDT:USDT,297.04,4.8,297.02,10.9,297.05,0.5,297.06,28.6
1753592013667,04:53:33.667,bitget,AAVE/USDT:USDT,297.04,0.8,297.02,10.9,297.05,4.5,297.06,28.6
1753592013817,04:53:33.817,bitget,AAVE/USDT:USDT,297.04,0.8,297.02,10.9,297.05,4.5,297.06,28.6
1753592013967,04:53:33.967,bitget,AAVE/USDT:USDT,297.04,0.8,297.02,10.9,297.05,4.5,297.06,28.6
1753592014117,04:53:34.117,bitget,AAVE/USDT:USDT,297.04,0.8,297.02,10.9,297.05,4.5,297.06,28.6
1753592014268,04:53:34.268,bitget,AAVE/USDT:USDT,297.04,0.8,297.02,10.9,297.05,0.5,297.06,28.6
1753592014418,04:53:34.418,bitget,AAVE/USDT:USDT,297.04,4.8,297.02,10.9,297.05,0.5,297.06,28.6
1753592014568,04:53:34.568,bitget,AAVE/USDT:USDT,297.04,4.8,297.02,10.9,297.05,0.5,297.06,28.6
1753592014718,04:53:34.718,bitget,AAVE/USDT:USDT,297.04,0.8,297.02,10.9,297.05,0.5,297.06,28.6
1753592014868,04:53:34.868,bitget,AAVE/USDT:USDT,297.04,0.8,297.02,10.9,297.05,0.5,297.06,28.6
1753592015018,04:53:35.018,bitget,AAVE/USDT:USDT,297.04,0.8,297.02,10.9,297.05,0.5,297.06,28.6
1753592015168,04:53:35.168,bitget,AAVE/USDT:USDT,297.04,0.8,297.02,10.9,297.05,0.5,297.06,28.6
1753592015318,04:53:35.318,bitget,AAVE/USDT:USDT,297.04,0.8,297.02,10.9,297.05,0.5,297.06,28.6
1753592015468,04:53:35.468,bitget,AAVE/USDT:USDT,297.04,0.8,297.02,10.9,297.05,0.5,297.06,28.6
1753592015618,04:53:35.618,bitget,AAVE/USDT:USDT,297.04,6.1,297.03,4.1,297.07,1.2,297.08,7.9
1753592015768,04:53:35.768,bitget,AAVE/USDT:USDT,297.06,7.1,297.05,1.9,297.07,1.2,297.08,7.9
1753592015918,04:53:35.918,bitget,AAVE/USDT:USDT,297.06,7.1,297.05,1.9,297.07,1.2,297.08,7.9
1753592016069,04:53:36.069,bitget,AAVE/USDT:USDT,297.06,7.1,297.05,4.3,297.07,1.2,297.08,7.9
1753592016219,04:53:36.219,bitget,AAVE/USDT:USDT,297.06,7.1,297.05,4.3,297.08,9.3,297.09,28.4
1753592016369,04:53:36.369,bitget,AAVE/USDT:USDT,297.07,1.2,297.06,6.8,297.08,2.1,297.09,29.4
1753592016519,04:53:36.519,bitget,AAVE/USDT:USDT,297.07,1.2,297.06,6.4,297.08,3.3,297.09,29.4
1753592016669,04:53:36.669,bitget,AAVE/USDT:USDT,297.07,1.2,297.06,6.4,297.08,3.3,297.09,28.4
1753592016819,04:53:36.819,bitget,AAVE/USDT:USDT,297.07,1.2,297.06,6.4,297.08,3.3,297.09,28.4
1753592016969,04:53:36.969,bitget,AAVE/USDT:USDT,297.07,1.2,297.06,6.4,297.08,3.3,297.09,28.4
1753592017119,04:53:37.119,bitget,AAVE/USDT:USDT,297.06,0.5,297.05,1.9,297.08,8.3,297.09,28.4
1753592017269,04:53:37.269,bitget,AAVE/USDT:USDT,297.06,0.8,297.05,1.9,297.07,0.5,297.08,9.3
1753592017419,04:53:37.419,bitget,AAVE/USDT:USDT,297.06,0.8,297.05,1.9,297.07,0.5,297.08,9.3
1753592017569,04:53:37.569,bitget,AAVE/USDT:USDT,297.06,0.8,297.05,1.9,297.07,0.5,297.08,9.3
1753592017719,04:53:37.719,bitget,AAVE/USDT:USDT,297.06,0.5,297.05,1.9,297.07,0.8,297.08,9.3
1753592017870,04:53:37.870,bitget,AAVE/USDT:USDT,297.06,0.8,297.05,1.9,297.07,0.8,297.08,9.3
1753592018020,04:53:38.020,bitget,AAVE/USDT:USDT,297.06,0.5,297.05,1.9,297.07,0.8,297.08,9.3
1753592018170,04:53:38.170,bitget,AAVE/USDT:USDT,297.06,0.5,297.05,1.9,297.07,0.8,297.08,9.3
1753592018320,04:53:38.320,bitget,AAVE/USDT:USDT,297.03,1.0,297.02,17.4,297.07,0.8,297.08,11.6
1753592018470,04:53:38.470,bitget,AAVE/USDT:USDT,297.04,0.3,297.03,1.5,297.05,1.5,297.06,1.9
1753592018620,04:53:38.620,bitget,AAVE/USDT:USDT,297.04,1.2,297.03,1.5,297.05,0.5,297.06,1.9
1753592018770,04:53:38.770,bitget,AAVE/USDT:USDT,297.04,5.2,297.03,1.5,297.07,4.4,297.08,4.3
1753592018920,04:53:38.920,bitget,AAVE/USDT:USDT,297.06,5.2,297.05,1.9,297.07,0.5,297.08,4.3
1753592019070,04:53:39.070,bitget,AAVE/USDT:USDT,297.06,1.2,297.05,3.4,297.07,0.5,297.08,4.3
1753592019220,04:53:39.220,bitget,AAVE/USDT:USDT,297.06,1.2,297.05,2.1,297.07,0.5,297.08,4.3
1753592019370,04:53:39.370,bitget,AAVE/USDT:USDT,297.06,1.2,297.05,2.1,297.07,0.5,297.08,4.3
1753592019520,04:53:39.520,bitget,AAVE/USDT:USDT,297.06,1.2,297.05,2.1,297.07,0.5,297.08,4.3
1753592019671,04:53:39.671,bitget,AAVE/USDT:USDT,297.06,1.2,297.05,2.1,297.07,0.5,297.08,4.3
1753592019821,04:53:39.821,bitget,AAVE/USDT:USDT,297.06,1.2,297.05,2.1,297.07,0.5,297.08,4.3
1753592019971,04:53:39.971,bitget,AAVE/USDT:USDT,297.06,1.2,297.05,2.1,297.07,0.5,297.08,4.3
1753592020121,04:53:40.121,bitget,AAVE/USDT:USDT,297.06,1.2,297.05,2.1,297.07,0.5,297.08,4.3
1753592020271,04:53:40.271,bitget,AAVE/USDT:USDT,297.06,1.2,297.05,2.1,297.07,0.5,297.08,4.3
1753592020421,04:53:40.421,bitget,AAVE/USDT:USDT,297.07,22.3,297.06,5.2,297.1,0.3,297.11,0.7
1753592020571,04:53:40.571,bitget,AAVE/USDT:USDT,297.09,3.9,297.08,2.4,297.12,5.6,297.13,0.1
1753592020721,04:53:40.721,bitget,AAVE/USDT:USDT,297.09,3.9,297.08,3.0,297.11,1.8,297.12,7.5
1753592020871,04:53:40.871,bitget,AAVE/USDT:USDT,297.1,0.7,297.09,3.6,297.11,1.8,297.12,7.5
1753592021171,04:53:41.171,bitget,AAVE/USDT:USDT,297.1,1.2,297.09,2.4,297.11,1.0,297.12,4.5
1753592021321,04:53:41.321,bitget,AAVE/USDT:USDT,297.1,0.5,297.09,0.5,297.11,1.0,297.12,8.5
1753592021471,04:53:41.471,bitget,AAVE/USDT:USDT,297.1,0.5,297.09,0.5,297.11,0.8,297.12,8.5
1753592021622,04:53:41.622,bitget,AAVE/USDT:USDT,297.1,5.7,297.09,0.9,297.12,1.6,297.13,0.4
1753592021772,04:53:41.772,bitget,AAVE/USDT:USDT,297.1,1.7,297.09,0.9,297.11,0.5,297.12,9.3
1753592022072,04:53:42.072,bitget,AAVE/USDT:USDT,297.1,1.2,297.09,0.5,297.11,0.5,297.12,9.3
1753592022222,04:53:42.222,bitget,AAVE/USDT:USDT,297.1,1.2,297.09,0.5,297.11,0.5,297.12,6.1
1753592022372,04:53:42.372,bitget,AAVE/USDT:USDT,297.1,5.2,297.09,3.2,297.11,0.5,297.12,2.4
1753592022522,04:53:42.522,bitget,AAVE/USDT:USDT,297.1,1.2,297.09,3.2,297.11,4.5,297.12,3.4
1753592022672,04:53:42.672,bitget,AAVE/USDT:USDT,297.1,0.8,297.09,0.5,297.11,0.5,297.12,2.4
1753592022822,04:53:42.822,bitget,AAVE/USDT:USDT,297.1,0.8,297.09,0.5,297.11,0.5,297.12,6.1
1753592022972,04:53:42.972,bitget,AAVE/USDT:USDT,297.1,4.8,297.09,0.5,297.12,2.1,297.13,0.5
1753592023123,04:53:43.123,bitget,AAVE/USDT:USDT,297.11,5.2,297.1,3.2,297.13,0.4,297.14,10.1
1753592023272,04:53:43.272,bitget,AAVE/USDT:USDT,297.12,4.7,297.11,2.8,297.13,0.8,297.14,10.1
1753592023423,04:53:43.423,bitget,AAVE/USDT:USDT,297.12,5.2,297.11,2.4,297.13,0.4,297.14,10.1
1753592023573,04:53:43.573,bitget,AAVE/USDT:USDT,297.12,5.2,297.11,2.4,297.13,1.7,297.14,10.1
1753592023723,04:53:43.723,bitget,AAVE/USDT:USDT,297.12,5.2,297.11,12.9,297.13,1.7,297.14,10.1
1753592023873,04:53:43.873,bitget,AAVE/USDT:USDT,297.12,5.2,297.11,12.9,297.13,1.7,297.14,10.1
1753592024023,04:53:44.023,bitget,AAVE/USDT:USDT,297.12,4.9,297.11,2.4,297.13,2.0,297.14,10.1
1753592024173,04:53:44.173,bitget,AAVE/USDT:USDT,297.12,0.5,297.11,2.4,297.13,6.5,297.14,11.1
1753592024323,04:53:44.323,bitget,AAVE/USDT:USDT,297.11,2.7,297.1,32.6,297.13,5.6,297.14,11.1
1753592024623,04:53:44.623,bitget,AAVE/USDT:USDT,297.12,4.8,297.11,2.4,297.13,0.9,297.14,10.1
1753592024773,04:53:44.773,bitget,AAVE/USDT:USDT,297.12,4.8,297.11,2.4,297.13,0.9,297.14,11.1
1753592024923,04:53:44.923,bitget,AAVE/USDT:USDT,297.12,4.8,297.11,2.4,297.13,0.9,297.14,10.1
1753592025074,04:53:45.074,bitget,AAVE/USDT:USDT,297.12,4.8,297.11,2.4,297.13,0.9,297.14,10.1
1753592025224,04:53:45.224,bitget,AAVE/USDT:USDT,297.12,4.8,297.11,2.4,297.13,0.9,297.14,10.1
1753592025374,04:53:45.374,bitget,AAVE/USDT:USDT,297.12,4.8,297.11,12.1,297.13,0.9,297.14,10.1
1753592025524,04:53:45.524,bitget,AAVE/USDT:USDT,297.12,4.8,297.11,12.1,297.13,0.9,297.14,10.1
1753592025674,04:53:45.674,bitget,AAVE/USDT:USDT,297.12,4.8,297.11,12.1,297.13,0.9,297.14,10.1
1753592025824,04:53:45.824,bitget,AAVE/USDT:USDT,297.12,4.8,297.11,12.1,297.13,0.9,297.14,10.1
1753592025974,04:53:45.974,bitget,AAVE/USDT:USDT,297.12,4.8,297.11,12.1,297.13,0.9,297.14,10.1
1753592026124,04:53:46.124,bitget,AAVE/USDT:USDT,297.12,0.5,297.11,2.4,297.13,0.9,297.14,15.1
1753592026274,04:53:46.274,bitget,AAVE/USDT:USDT,297.12,0.5,297.11,2.4,297.13,1.2,297.14,15.1
1753592026424,04:53:46.424,bitget,AAVE/USDT:USDT,297.12,0.5,297.11,2.4,297.13,1.2,297.14,15.1
1753592026574,04:53:46.574,bitget,AAVE/USDT:USDT,297.12,1.6,297.11,2.4,297.13,0.9,297.14,11.1
1753592026725,04:53:46.725,bitget,AAVE/USDT:USDT,297.12,0.8,297.11,2.4,297.13,0.9,297.14,10.1
1753592026875,04:53:46.875,bitget,AAVE/USDT:USDT,297.12,0.8,297.11,2.4,297.13,0.9,297.14,14.1
1753592027025,04:53:47.025,bitget,AAVE/USDT:USDT,297.12,4.8,297.11,2.4,297.14,10.1,297.15,26.5
1753592027175,04:53:47.175,bitget,AAVE/USDT:USDT,297.13,6.6,297.12,0.5,297.14,9.7,297.15,26.5
1753592027325,04:53:47.325,bitget,AAVE/USDT:USDT,297.13,7.1,297.12,0.5,297.14,1.0,297.15,26.5
1753592027475,04:53:47.475,bitget,AAVE/USDT:USDT,297.13,7.1,297.12,0.5,297.14,1.0,297.15,26.5
1753592027625,04:53:47.625,bitget,AAVE/USDT:USDT,297.13,7.1,297.12,0.5,297.14,1.0,297.15,26.5
1753592027775,04:53:47.775,bitget,AAVE/USDT:USDT,297.13,0.9,297.12,0.5,297.14,5.8,297.15,26.5
1753592027925,04:53:47.925,bitget,AAVE/USDT:USDT,297.13,0.9,297.12,0.5,297.14,5.8,297.15,27.5
1753592028075,04:53:48.075,bitget,AAVE/USDT:USDT,297.13,0.9,297.12,0.5,297.14,5.8,297.15,27.5
1753592028225,04:53:48.225,bitget,AAVE/USDT:USDT,297.15,1.4,297.14,3.3,297.16,0.7,297.17,0.2
1753592028375,04:53:48.375,bitget,AAVE/USDT:USDT,297.15,5.4,297.14,2.4,297.17,0.2,297.18,2.4
1753592028526,04:53:48.526,bitget,AAVE/USDT:USDT,297.16,0.7,297.15,5.1,297.17,0.9,297.18,2.9
1753592028676,04:53:48.676,bitget,AAVE/USDT:USDT,297.16,1.2,297.15,4.5,297.17,0.9,297.18,7.9
1753592028826,04:53:48.826,bitget,AAVE/USDT:USDT,297.16,1.2,297.15,4.5,297.17,0.9,297.18,7.9
1753592028976,04:53:48.976,bitget,AAVE/USDT:USDT,297.16,1.2,297.15,4.5,297.17,0.9,297.18,3.9
1753592029126,04:53:49.126,bitget,AAVE/USDT:USDT,297.16,1.2,297.15,0.5,297.17,4.9,297.18,3.9
1753592029276,04:53:49.276,bitget,AAVE/USDT:USDT,297.16,1.2,297.15,0.5,297.17,0.7,297.18,2.9
1753592029426,04:53:49.426,bitget,AAVE/USDT:USDT,297.16,1.2,297.15,0.5,297.17,0.7,297.18,2.9
1753592029576,04:53:49.576,bitget,AAVE/USDT:USDT,297.16,1.2,297.15,0.5,297.17,0.7,297.18,2.9
1753592029726,04:53:49.726,bitget,AAVE/USDT:USDT,297.16,1.2,297.15,0.5,297.17,0.7,297.18,2.9
1753592029876,04:53:49.876,bitget,AAVE/USDT:USDT,297.16,1.2,297.15,0.5,297.17,0.7,297.18,2.9
1753592030026,04:53:50.026,bitget,AAVE/USDT:USDT,297.16,1.2,297.15,0.5,297.17,0.7,297.18,2.9
1753592030176,04:53:50.176,bitget,AAVE/USDT:USDT,297.16,1.2,297.15,0.5,297.17,0.7,297.18,2.9
1753592030327,04:53:50.327,bitget,AAVE/USDT:USDT,297.16,1.2,297.15,0.5,297.17,0.7,297.18,2.9
1753592030477,04:53:50.477,bitget,AAVE/USDT:USDT,297.16,1.2,297.15,0.5,297.17,0.7,297.18,2.9
1753592030627,04:53:50.627,bitget,AAVE/USDT:USDT,297.16,0.8,297.15,0.5,297.17,4.7,297.18,3.9
1753592030777,04:53:50.777,bitget,AAVE/USDT:USDT,297.16,0.8,297.15,0.5,297.17,1.0,297.18,2.9
1753592030927,04:53:50.927,bitget,AAVE/USDT:USDT,297.16,0.8,297.15,0.5,297.17,0.7,297.18,2.9
1753592031077,04:53:51.077,bitget,AAVE/USDT:USDT,297.16,0.8,297.15,0.5,297.17,0.7,297.18,2.9
1753592031227,04:53:51.227,bitget,AAVE/USDT:USDT,297.16,0.8,297.15,0.5,297.17,0.7,297.18,2.9
1753592031377,04:53:51.377,bitget,AAVE/USDT:USDT,297.16,0.8,297.15,0.5,297.17,0.7,297.18,2.9
1753592031527,04:53:51.527,bitget,AAVE/USDT:USDT,297.16,0.8,297.15,0.5,297.17,0.7,297.18,2.9
1753592031677,04:53:51.677,bitget,AAVE/USDT:USDT,297.16,0.8,297.15,0.5,297.17,0.7,297.18,2.9
1753592031827,04:53:51.827,bitget,AAVE/USDT:USDT,297.16,0.8,297.15,0.5,297.17,4.7,297.18,2.9
1753592031977,04:53:51.977,bitget,AAVE/USDT:USDT,297.16,0.8,297.15,0.5,297.17,4.7,297.18,3.9
1753592032127,04:53:52.127,bitget,AAVE/USDT:USDT,297.16,4.8,297.15,0.5,297.17,0.7,297.18,2.9
1753592032278,04:53:52.278,bitget,AAVE/USDT:USDT,297.17,6.2,297.16,1.3,297.18,0.2,297.19,1.4
1753592032428,04:53:52.428,bitget,AAVE/USDT:USDT,297.17,6.2,297.16,0.7,297.18,0.2,297.19,4.1
1753592032578,04:53:52.578,bitget,AAVE/USDT:USDT,297.17,6.2,297.16,2.6,297.18,0.2,297.19,8.8
1753592032728,04:53:52.728,bitget,AAVE/USDT:USDT,297.17,6.2,297.16,2.6,297.18,0.2,297.19,8.8
1753592032878,04:53:52.878,bitget,AAVE/USDT:USDT,297.18,4.8,297.17,1.9,297.19,7.6,297.2,2.7
1753592033028,04:53:53.028,bitget,AAVE/USDT:USDT,297.18,4.8,297.17,3.0,297.19,0.2,297.2,0.4
1753592033178,04:53:53.178,bitget,AAVE/USDT:USDT,297.18,4.8,297.17,1.9,297.19,1.4,297.2,0.4
1753592033328,04:53:53.328,bitget,AAVE/USDT:USDT,297.18,4.8,297.17,1.9,297.19,1.4,297.2,0.4
1753592033478,04:53:53.478,bitget,AAVE/USDT:USDT,297.18,4.8,297.17,1.9,297.19,1.4,297.2,0.4
1753592033628,04:53:53.628,bitget,AAVE/USDT:USDT,297.18,0.8,297.17,1.9,297.19,5.9,297.2,1.4
1753592033778,04:53:53.778,bitget,AAVE/USDT:USDT,297.18,4.8,297.17,1.9,297.19,0.7,297.2,0.4
1753592033928,04:53:53.928,bitget,AAVE/USDT:USDT,297.18,4.8,297.17,1.9,297.19,0.7,297.2,0.4
1753592034079,04:53:54.079,bitget,AAVE/USDT:USDT,297.18,0.5,297.17,1.9,297.19,2.2,297.2,5.4
1753592034229,04:53:54.229,bitget,AAVE/USDT:USDT,297.18,0.5,297.16,7.0,297.19,2.2,297.2,5.4
1753592034379,04:53:54.379,bitget,AAVE/USDT:USDT,297.18,0.5,297.16,7.0,297.19,1.0,297.2,5.4
1753592034529,04:53:54.529,bitget,AAVE/USDT:USDT,297.18,0.5,297.16,7.0,297.19,1.0,297.2,5.4
1753592034679,04:53:54.679,bitget,AAVE/USDT:USDT,297.18,0.5,297.16,7.0,297.19,1.0,297.2,5.4
1753592034829,04:53:54.829,bitget,AAVE/USDT:USDT,297.18,0.5,297.16,0.5,297.19,0.7,297.2,5.4
1753592034979,04:53:54.979,bitget,AAVE/USDT:USDT,297.18,0.8,297.16,7.0,297.19,0.7,297.2,5.4
1753592035129,04:53:55.129,bitget,AAVE/USDT:USDT,297.18,0.8,297.16,7.0,297.19,0.7,297.2,5.4
1753592035279,04:53:55.279,bitget,AAVE/USDT:USDT,297.18,0.5,297.16,7.0,297.19,1.0,297.2,5.4
1753592035429,04:53:55.429,bitget,AAVE/USDT:USDT,297.18,0.5,297.16,7.0,297.19,1.0,297.2,5.4
1753592035579,04:53:55.579,bitget,AAVE/USDT:USDT,297.18,0.8,297.16,7.0,297.19,1.0,297.2,5.4
1753592035730,04:53:55.730,bitget,AAVE/USDT:USDT,297.18,0.8,297.16,7.0,297.19,0.7,297.2,1.4
1753592035880,04:53:55.880,bitget,AAVE/USDT:USDT,297.18,0.8,297.16,7.0,297.19,0.7,297.2,1.4
1753592036030,04:53:56.030,bitget,AAVE/USDT:USDT,297.18,0.8,297.16,7.0,297.19,4.7,297.2,1.4
1753592036180,04:53:56.180,bitget,AAVE/USDT:USDT,297.18,0.8,297.16,7.0,297.19,4.7,297.2,1.4
1753592036330,04:53:56.330,bitget,AAVE/USDT:USDT,297.18,0.8,297.16,7.0,297.19,4.7,297.2,1.4
1753592036630,04:53:56.630,bitget,AAVE/USDT:USDT,297.18,0.5,297.16,7.0,297.19,4.7,297.2,1.4
1753592036780,04:53:56.780,bitget,AAVE/USDT:USDT,297.18,0.8,297.16,7.0,297.19,4.7,297.2,1.4
1753592036930,04:53:56.930,bitget,AAVE/USDT:USDT,297.18,0.8,297.16,7.0,297.19,0.2,297.2,4.4
1753592037080,04:53:57.080,bitget,AAVE/USDT:USDT,297.18,0.8,297.16,7.0,297.19,1.0,297.2,4.4
1753592037380,04:53:57.380,bitget,AAVE/USDT:USDT,297.18,0.5,297.16,7.0,297.19,1.0,297.2,5.4
1753592037681,04:53:57.681,bitget,AAVE/USDT:USDT,297.18,0.5,297.16,7.0,297.19,1.0,297.2,5.4
1753592037981,04:53:57.981,bitget,AAVE/USDT:USDT,297.18,0.8,297.16,7.0,297.19,1.0,297.2,5.4
1753592038281,04:53:58.281,bitget,AAVE/USDT:USDT,297.18,0.5,297.16,7.0,297.19,1.0,297.2,5.4
1753592038431,04:53:58.431,bitget,AAVE/USDT:USDT,297.18,0.5,297.16,7.0,297.19,1.0,297.2,1.4
1753592038581,04:53:58.581,bitget,AAVE/USDT:USDT,297.18,0.8,297.16,7.0,297.19,4.7,297.2,1.4
1753592038731,04:53:58.731,bitget,AAVE/USDT:USDT,297.18,0.5,297.16,7.0,297.19,5.0,297.2,1.4
1753592038881,04:53:58.881,bitget,AAVE/USDT:USDT,297.18,0.5,297.16,7.0,297.19,5.0,297.2,1.4
1753592039031,04:53:59.031,bitget,AAVE/USDT:USDT,297.18,0.5,297.16,7.0,297.19,5.0,297.2,1.4
1753592039181,04:53:59.181,bitget,AAVE/USDT:USDT,297.18,0.5,297.16,7.0,297.19,5.0,297.2,1.4
1753592039332,04:53:59.332,bitget,AAVE/USDT:USDT,297.18,0.5,297.16,7.0,297.19,1.0,297.2,0.4
1753592039482,04:53:59.482,bitget,AAVE/USDT:USDT,297.18,0.8,297.16,7.0,297.19,1.0,297.2,4.4
1753592039632,04:53:59.632,bitget,AAVE/USDT:USDT,297.18,0.8,297.16,7.0,297.19,1.0,297.2,4.4
1753592039782,04:53:59.782,bitget,AAVE/USDT:USDT,297.18,0.8,297.16,7.0,297.19,1.0,297.2,4.4
1753592039932,04:53:59.932,bitget,AAVE/USDT:USDT,297.18,0.8,297.16,7.0,297.19,0.7,297.2,4.4
1753592040082,04:54:00.082,bitget,AAVE/USDT:USDT,297.18,0.8,297.16,7.0,297.19,0.7,297.2,5.4
1753592040382,04:54:00.382,bitget,AAVE/USDT:USDT,297.18,0.8,297.16,7.0,297.19,1.0,297.2,4.3
1753592040532,04:54:00.532,bitget,AAVE/USDT:USDT,297.16,7.0,297.15,1.1,297.19,2.0,297.2,4.3
1753592040682,04:54:00.682,bitget,AAVE/USDT:USDT,297.17,0.3,297.16,4.5,297.18,1.9,297.19,2.6
1753592040832,04:54:00.832,bitget,AAVE/USDT:USDT,297.17,1.2,297.16,4.5,297.18,1.6,297.19,2.6
1753592040982,04:54:00.982,bitget,AAVE/USDT:USDT,297.17,1.2,297.16,4.5,297.18,1.6,297.19,0.7
1753592041133,04:54:01.133,bitget,AAVE/USDT:USDT,297.17,2.8,297.16,4.5,297.19,1.0,297.2,4.3
1753592041283,04:54:01.283,bitget,AAVE/USDT:USDT,297.18,0.7,297.17,6.8,297.19,1.0,297.2,4.3
1753592041583,04:54:01.583,bitget,AAVE/USDT:USDT,297.18,0.9,297.17,6.4,297.19,1.0,297.2,1.3
1753592041733,04:54:01.733,bitget,AAVE/USDT:USDT,297.18,0.9,297.17,6.4,297.19,1.0,297.2,1.3
1753592041883,04:54:01.883,bitget,AAVE/USDT:USDT,297.18,1.2,297.17,6.4,297.19,0.7,297.2,1.3
1753592042033,04:54:02.033,bitget,AAVE/USDT:USDT,297.18,1.2,297.17,6.4,297.19,0.7,297.2,1.3
1753592042183,04:54:02.183,bitget,AAVE/USDT:USDT,297.18,1.2,297.17,6.4,297.19,0.7,297.2,1.3
1753592042333,04:54:02.333,bitget,AAVE/USDT:USDT,297.18,1.2,297.17,6.4,297.19,0.7,297.2,1.3
1753592042483,04:54:02.483,bitget,AAVE/USDT:USDT,297.18,1.2,297.17,6.4,297.19,0.7,297.2,1.3
1753592042633,04:54:02.633,bitget,AAVE/USDT:USDT,297.18,1.2,297.17,6.4,297.19,0.7,297.2,1.3
1753592042783,04:54:02.783,bitget,AAVE/USDT:USDT,297.18,1.2,297.17,6.4,297.19,0.7,297.2,0.3
1753592042934,04:54:02.934,bitget,AAVE/USDT:USDT,297.18,1.2,297.17,6.4,297.19,0.2,297.2,0.3
1753592043234,04:54:03.234,bitget,AAVE/USDT:USDT,297.17,2.4,297.16,6.5,297.19,1.0,297.2,5.3
1753592043384,04:54:03.384,bitget,AAVE/USDT:USDT,297.17,2.4,297.15,7.3,297.18,1.6,297.19,0.7
1753592043534,04:54:03.534,bitget,AAVE/USDT:USDT,297.17,2.7,297.15,7.3,297.18,2.1,297.19,0.7
1753592043684,04:54:03.684,bitget,AAVE/USDT:USDT,297.17,2.7,297.15,7.3,297.18,2.1,297.19,0.7
1753592043834,04:54:03.834,bitget,AAVE/USDT:USDT,297.17,2.7,297.15,7.3,297.18,2.1,297.19,0.7
1753592043984,04:54:03.984,bitget,AAVE/USDT:USDT,297.17,2.7,297.15,7.3,297.18,2.1,297.19,0.7
1753592044134,04:54:04.134,bitget,AAVE/USDT:USDT,297.17,2.7,297.15,7.3,297.18,2.1,297.19,0.7
1753592044284,04:54:04.284,bitget,AAVE/USDT:USDT,297.17,2.7,297.15,7.3,297.18,2.1,297.19,0.7
1753592044434,04:54:04.434,bitget,AAVE/USDT:USDT,297.17,2.7,297.15,7.3,297.18,2.1,297.19,0.7
1753592044585,04:54:04.585,bitget,AAVE/USDT:USDT,297.17,2.7,297.15,7.3,297.18,2.1,297.19,0.7
1753592044735,04:54:04.735,bitget,AAVE/USDT:USDT,297.17,2.7,297.15,7.3,297.18,2.1,297.19,0.7
1753592044885,04:54:04.885,bitget,AAVE/USDT:USDT,297.17,2.7,297.15,7.3,297.18,2.1,297.19,0.7
1753592045035,04:54:05.035,bitget,AAVE/USDT:USDT,297.18,0.3,297.17,6.4,297.19,0.7,297.2,0.3
1753592045335,04:54:05.335,bitget,AAVE/USDT:USDT,297.18,1.2,297.17,6.4,297.19,0.7,297.2,0.3
1753592045485,04:54:05.485,bitget,AAVE/USDT:USDT,297.18,1.2,297.17,6.4,297.19,0.7,297.2,0.3
1753592045635,04:54:05.635,bitget,AAVE/USDT:USDT,297.18,1.2,297.17,6.4,297.19,0.7,297.2,0.3
1753592045935,04:54:05.935,bitget,AAVE/USDT:USDT,297.2,7.0,297.18,8.7,297.21,1.5,297.22,0.6
1753592046085,04:54:06.085,bitget,AAVE/USDT:USDT,297.2,7.0,297.19,2.0,297.21,1.5,297.22,0.6
1753592046235,04:54:06.235,bitget,AAVE/USDT:USDT,297.2,7.0,297.19,2.0,297.21,1.5,297.22,0.6
1753592046386,04:54:06.386,bitget,AAVE/USDT:USDT,297.2,7.2,297.19,28.5,297.23,0.6,297.24,0.5
1753592046686,04:54:06.686,bitget,AAVE/USDT:USDT,297.22,1.2,297.21,4.0,297.23,2.1,297.24,5.7
1753592046836,04:54:06.836,bitget,AAVE/USDT:USDT,297.22,0.9,297.21,4.0,297.23,2.1,297.24,4.7
1753592046986,04:54:06.986,bitget,AAVE/USDT:USDT,297.22,0.9,297.21,4.0,297.23,1.4,297.24,4.7
1753592047136,04:54:07.136,bitget,AAVE/USDT:USDT,297.22,1.2,297.21,4.0,297.23,1.1,297.24,4.7
1753592047286,04:54:07.286,bitget,AAVE/USDT:USDT,297.22,1.2,297.21,4.0,297.23,1.1,297.24,4.7
1753592047436,04:54:07.436,bitget,AAVE/USDT:USDT,297.22,1.2,297.21,4.0,297.23,1.4,297.24,5.7
1753592047586,04:54:07.586,bitget,AAVE/USDT:USDT,297.22,0.9,297.21,4.0,297.23,1.4,297.24,5.7
1753592047736,04:54:07.736,bitget,AAVE/USDT:USDT,297.22,0.9,297.21,4.0,297.23,1.4,297.24,4.7
1753592047886,04:54:07.886,bitget,AAVE/USDT:USDT,297.22,0.9,297.21,4.0,297.23,1.4,297.24,5.7
1753592048036,04:54:08.036,bitget,AAVE/USDT:USDT,297.22,0.9,297.21,4.0,297.23,1.4,297.24,0.7
1753592048186,04:54:08.186,bitget,AAVE/USDT:USDT,297.22,1.2,297.21,4.0,297.23,1.4,297.24,0.7
1753592048337,04:54:08.337,bitget,AAVE/USDT:USDT,297.22,1.2,297.21,4.0,297.23,1.1,297.24,0.7
1753592048487,04:54:08.487,bitget,AAVE/USDT:USDT,297.22,5.2,297.2,16.9,297.23,1.1,297.24,0.7
1753592048637,04:54:08.637,bitget,AAVE/USDT:USDT,297.22,5.2,297.2,16.9,297.23,1.1,297.24,0.7
1753592048787,04:54:08.787,bitget,AAVE/USDT:USDT,297.22,5.2,297.2,16.9,297.23,0.6,297.24,0.7
1753592048937,04:54:08.937,bitget,AAVE/USDT:USDT,297.22,5.2,297.21,0.2,297.23,0.6,297.24,0.7
1753592049087,04:54:09.087,bitget,AAVE/USDT:USDT,297.22,5.2,297.21,0.2,297.23,0.6,297.24,0.7
1753592049237,04:54:09.237,bitget,AAVE/USDT:USDT,297.22,5.2,297.21,0.2,297.23,0.6,297.24,0.7
1753592049387,04:54:09.387,bitget,AAVE/USDT:USDT,297.22,1.2,297.21,0.2,297.23,0.9,297.24,5.7
1753592049537,04:54:09.537,bitget,AAVE/USDT:USDT,297.22,1.2,297.2,16.9,297.23,0.9,297.24,5.7
1753592049687,04:54:09.687,bitget,AAVE/USDT:USDT,297.22,6.8,297.2,16.9,297.24,1.0,297.25,1.2
1753592049837,04:54:09.837,bitget,AAVE/USDT:USDT,297.23,0.4,297.22,6.8,297.24,1.0,297.25,1.2
1753592049988,04:54:09.988,bitget,AAVE/USDT:USDT,297.23,1.2,297.22,6.4,297.24,0.5,297.25,1.2
1753592050138,04:54:10.138,bitget,AAVE/USDT:USDT,297.23,5.2,297.22,2.4,297.25,1.6,297.26,0.8
1753592050288,04:54:10.288,bitget,AAVE/USDT:USDT,297.25,4.8,297.24,3.6,297.28,0.1,297.29,8.2
1753592050438,04:54:10.438,bitget,AAVE/USDT:USDT,297.27,0.3,297.25,6.4,297.28,0.3,297.29,8.2
1753592050588,04:54:10.588,bitget,AAVE/USDT:USDT,297.27,5.6,297.25,11.6,297.28,0.8,297.29,0.4
1753592050738,04:54:10.738,bitget,AAVE/USDT:USDT,297.27,0.8,297.25,5.1,297.28,6.4,297.29,0.4
1753592050888,04:54:10.888,bitget,AAVE/USDT:USDT,297.27,0.8,297.25,11.6,297.28,4.7,297.29,1.4
1753592051038,04:54:11.038,bitget,AAVE/USDT:USDT,297.27,0.5,297.25,11.6,297.28,0.7,297.29,1.4
1753592051188,04:54:11.188,bitget,AAVE/USDT:USDT,297.27,0.8,297.25,11.6,297.28,0.7,297.29,5.4
1753592051338,04:54:11.338,bitget,AAVE/USDT:USDT,297.27,0.5,297.25,11.6,297.28,1.2,297.29,5.4
1753592051488,04:54:11.488,bitget,AAVE/USDT:USDT,297.27,0.5,297.25,8.9,297.28,1.2,297.29,5.4
1753592051639,04:54:11.639,bitget,AAVE/USDT:USDT,297.27,0.8,297.25,8.9,297.28,0.9,297.29,5.4
1753592051789,04:54:11.789,bitget,AAVE/USDT:USDT,297.27,0.8,297.25,9.7,297.28,0.7,297.29,5.4
1753592051939,04:54:11.939,bitget,AAVE/USDT:USDT,297.27,0.8,297.25,9.7,297.28,0.7,297.29,5.4
1753592052089,04:54:12.089,bitget,AAVE/USDT:USDT,297.27,4.8,297.25,9.7,297.28,0.7,297.29,1.4
1753592052239,04:54:12.239,bitget,AAVE/USDT:USDT,297.27,4.8,297.25,9.3,297.28,1.5,297.29,0.4
1753592052389,04:54:12.389,bitget,AAVE/USDT:USDT,297.27,0.8,297.25,8.9,297.28,2.5,297.29,4.4
1753592052539,04:54:12.539,bitget,AAVE/USDT:USDT,297.27,0.8,297.26,28.0,297.28,0.7,297.29,0.4
1753592052689,04:54:12.689,bitget,AAVE/USDT:USDT,297.27,1.2,297.26,28.0,297.28,1.2,297.29,0.4
1753592052839,04:54:12.839,bitget,AAVE/USDT:USDT,297.27,5.2,297.26,30.4,297.28,0.7,297.29,0.4
1753592052989,04:54:12.989,bitget,AAVE/USDT:USDT,297.27,5.2,297.26,30.4,297.28,0.7,297.29,0.4
1753592053139,04:54:13.139,bitget,AAVE/USDT:USDT,297.27,5.2,297.26,30.4,297.3,0.1,297.31,1.3
1753592053289,04:54:13.289,bitget,AAVE/USDT:USDT,297.29,7.1,297.28,2.6,297.3,1.6,297.31,0.3
1753592053440,04:54:13.440,bitget,AAVE/USDT:USDT,297.29,7.1,297.28,1.9,297.3,1.6,297.31,0.3
1753592053590,04:54:13.590,bitget,AAVE/USDT:USDT,297.29,7.1,297.28,1.9,297.3,1.6,297.31,0.3
1753592053890,04:54:13.890,bitget,AAVE/USDT:USDT,297.29,7.1,297.28,1.9,297.3,2.2,297.31,0.3
1753592054040,04:54:14.040,bitget,AAVE/USDT:USDT,297.29,7.1,297.28,1.9,297.3,2.2,297.31,0.3
1753592054190,04:54:14.190,bitget,AAVE/USDT:USDT,297.29,7.1,297.28,1.9,297.3,2.2,297.31,0.3
1753592054340,04:54:14.340,bitget,AAVE/USDT:USDT,297.29,7.1,297.28,1.9,297.3,2.2,297.31,0.3
1753592054490,04:54:14.490,bitget,AAVE/USDT:USDT,297.29,7.1,297.28,1.9,297.3,2.2,297.31,0.3
1753592054640,04:54:14.640,bitget,AAVE/USDT:USDT,297.29,7.1,297.28,1.9,297.3,2.2,297.31,0.3
1753592054790,04:54:14.790,bitget,AAVE/USDT:USDT,297.29,7.1,297.28,4.6,297.3,1.6,297.31,0.2
1753592054940,04:54:14.940,bitget,AAVE/USDT:USDT,297.29,7.1,297.28,1.9,297.3,1.6,297.32,0.2
1753592055090,04:54:15.090,bitget,AAVE/USDT:USDT,297.29,7.1,297.28,1.9,297.3,1.6,297.32,0.2
1753592055241,04:54:15.241,bitget,AAVE/USDT:USDT,297.29,7.1,297.28,1.9,297.3,1.6,297.32,0.2
1753592055391,04:54:15.391,bitget,AAVE/USDT:USDT,297.29,7.1,297.28,1.9,297.3,1.6,297.32,0.2
1753592055541,04:54:15.541,bitget,AAVE/USDT:USDT,297.29,7.1,297.28,1.9,297.3,1.6,297.32,0.2
1753592055691,04:54:15.691,bitget,AAVE/USDT:USDT,297.29,7.1,297.28,1.9,297.3,1.6,297.32,0.2
1753592055841,04:54:15.841,bitget,AAVE/USDT:USDT,297.29,7.1,297.28,1.9,297.3,1.9,297.32,0.2
1753592055991,04:54:15.991,bitget,AAVE/USDT:USDT,297.29,0.4,297.28,1.9,297.3,2.4,297.31,1.0
1753592056141,04:54:16.141,bitget,AAVE/USDT:USDT,297.27,26.3,297.26,6.5,297.3,2.4,297.31,5.0
1753592056291,04:54:16.291,bitget,AAVE/USDT:USDT,297.27,32.2,297.25,6.5,297.28,0.5,297.3,3.6
1753592056441,04:54:16.441,bitget,AAVE/USDT:USDT,297.27,28.2,297.26,1.7,297.28,0.5,297.29,0.7
1753592056591,04:54:16.591,bitget,AAVE/USDT:USDT,297.27,28.2,297.26,1.7,297.28,0.5,297.29,0.7
1753592056741,04:54:16.741,bitget,AAVE/USDT:USDT,297.27,28.2,297.26,1.7,297.28,0.5,297.29,0.7
1753592056891,04:54:16.891,bitget,AAVE/USDT:USDT,297.27,28.2,297.26,1.7,297.28,0.5,297.29,0.7
1753592057042,04:54:17.042,bitget,AAVE/USDT:USDT,297.29,0.8,297.27,32.2,297.3,2.4,297.32,0.4
1753592057192,04:54:17.192,bitget,AAVE/USDT:USDT,297.29,1.2,297.27,32.2,297.3,2.1,297.32,0.4
1753592057342,04:54:17.342,bitget,AAVE/USDT:USDT,297.29,1.2,297.27,36.7,297.3,2.1,297.32,0.4
1753592057492,04:54:17.492,bitget,AAVE/USDT:USDT,297.29,1.2,297.27,36.7,297.3,2.1,297.32,0.4
1753592057642,04:54:17.642,bitget,AAVE/USDT:USDT,297.29,1.2,297.27,36.7,297.3,2.1,297.32,0.4
1753592057792,04:54:17.792,bitget,AAVE/USDT:USDT,297.29,1.2,297.27,36.7,297.3,2.1,297.32,0.4
1753592057942,04:54:17.942,bitget,AAVE/USDT:USDT,297.29,1.2,297.27,36.7,297.3,2.1,297.32,0.4
1753592058092,04:54:18.092,bitget,AAVE/USDT:USDT,297.29,1.2,297.27,36.7,297.3,2.1,297.32,0.4
1753592058392,04:54:18.392,bitget,AAVE/USDT:USDT,297.29,0.8,297.27,34.0,297.3,2.1,297.32,0.4
1753592058542,04:54:18.542,bitget,AAVE/USDT:USDT,297.29,0.8,297.27,34.0,297.3,2.1,297.32,0.4
1753592058692,04:54:18.692,bitget,AAVE/USDT:USDT,297.29,0.8,297.27,34.0,297.3,2.1,297.32,0.4
1753592058993,04:54:18.993,bitget,AAVE/USDT:USDT,297.29,0.8,297.27,34.0,297.3,2.1,297.32,0.4
1753592059143,04:54:19.143,bitget,AAVE/USDT:USDT,297.29,0.8,297.27,34.0,297.3,2.1,297.32,0.4
1753592059293,04:54:19.293,bitget,AAVE/USDT:USDT,297.29,0.8,297.27,34.0,297.3,2.1,297.32,0.4
1753592059443,04:54:19.443,bitget,AAVE/USDT:USDT,297.29,0.8,297.27,34.0,297.3,2.1,297.32,0.4
1753592059593,04:54:19.593,bitget,AAVE/USDT:USDT,297.27,30.0,297.26,16.6,297.28,0.5,297.3,2.1
1753592059743,04:54:19.743,bitget,AAVE/USDT:USDT,297.27,32.2,297.26,1.0,297.3,2.1,297.31,0.3
1753592059893,04:54:19.893,bitget,AAVE/USDT:USDT,297.29,1.2,297.27,32.2,297.3,6.6,297.31,1.0
1753592060043,04:54:20.043,bitget,AAVE/USDT:USDT,297.29,1.2,297.27,32.2,297.3,2.6,297.31,1.0
1753592060193,04:54:20.193,bitget,AAVE/USDT:USDT,297.29,1.2,297.27,32.2,297.3,2.3,297.32,0.4
1753592060343,04:54:20.343,bitget,AAVE/USDT:USDT,297.29,1.2,297.27,32.2,297.3,2.3,297.32,0.4
1753592060493,04:54:20.493,bitget,AAVE/USDT:USDT,297.29,0.8,297.27,32.2,297.3,2.3,297.32,0.4
1753592060644,04:54:20.644,bitget,AAVE/USDT:USDT,297.29,0.8,297.27,32.2,297.3,2.1,297.32,0.4
1753592060794,04:54:20.794,bitget,AAVE/USDT:USDT,297.29,0.8,297.27,33.6,297.3,2.1,297.32,0.4
1753592060944,04:54:20.944,bitget,AAVE/USDT:USDT,297.29,0.5,297.27,33.6,297.3,7.1,297.32,0.4
1753592061094,04:54:21.094,bitget,AAVE/USDT:USDT,297.27,32.2,297.26,6.5,297.3,6.4,297.32,0.4
1753592061244,04:54:21.244,bitget,AAVE/USDT:USDT,297.27,32.2,297.25,7.7,297.28,0.5,297.29,0.3
1753592061394,04:54:21.394,bitget,AAVE/USDT:USDT,297.27,32.2,297.25,7.7,297.28,0.5,297.3,2.1
1753592061544,04:54:21.544,bitget,AAVE/USDT:USDT,297.27,32.2,297.25,7.7,297.28,0.5,297.3,2.1
1753592061694,04:54:21.694,bitget,AAVE/USDT:USDT,297.27,32.2,297.25,7.7,297.28,0.5,297.3,2.1
1753592061844,04:54:21.844,bitget,AAVE/USDT:USDT,297.27,32.2,297.25,7.7,297.28,0.5,297.3,2.1
1753592062144,04:54:22.144,bitget,AAVE/USDT:USDT,297.29,0.8,297.27,32.2,297.3,0.5,297.32,0.4
1753592062294,04:54:22.294,bitget,AAVE/USDT:USDT,297.29,1.2,297.27,32.2,297.3,0.5,297.32,0.4
1753592062444,04:54:22.444,bitget,AAVE/USDT:USDT,297.29,1.2,297.27,32.2,297.3,0.8,297.32,0.4
1753592062595,04:54:22.595,bitget,AAVE/USDT:USDT,297.29,0.5,297.27,32.2,297.3,6.5,297.32,0.4
1753592062745,04:54:22.745,bitget,AAVE/USDT:USDT,297.29,0.5,297.27,32.2,297.3,7.5,297.32,0.4
1753592062895,04:54:22.895,bitget,AAVE/USDT:USDT,297.27,32.2,297.26,6.7,297.29,0.3,297.3,6.2
1753592063045,04:54:23.045,bitget,AAVE/USDT:USDT,297.27,28.2,297.26,0.2,297.28,0.5,297.29,0.3
1753592063195,04:54:23.195,bitget,AAVE/USDT:USDT,297.27,28.2,297.25,7.8,297.28,0.5,297.29,0.3
1753592063345,04:54:23.345,bitget,AAVE/USDT:USDT,297.27,28.2,297.25,7.8,297.28,0.5,297.29,0.3
1753592063495,04:54:23.495,bitget,AAVE/USDT:USDT,297.27,28.2,297.25,7.8,297.28,0.5,297.29,0.3
1753592063645,04:54:23.645,bitget,AAVE/USDT:USDT,297.27,28.2,297.25,7.8,297.28,0.5,297.29,0.3
1753592063795,04:54:23.795,bitget,AAVE/USDT:USDT,297.27,32.2,297.25,7.8,297.28,0.5,297.3,2.2
1753592063945,04:54:23.945,bitget,AAVE/USDT:USDT,297.27,32.2,297.25,7.8,297.28,0.5,297.3,1.9
1753592064095,04:54:24.095,bitget,AAVE/USDT:USDT,297.29,0.3,297.28,0.5,297.32,0.5,297.33,3.7
1753592064246,04:54:24.246,bitget,AAVE/USDT:USDT,297.31,4.4,297.3,1.9,297.32,0.5,297.33,4.9
1753592064396,04:54:24.396,bitget,AAVE/USDT:USDT,297.31,4.9,297.3,1.9,297.32,1.6,297.33,5.9
1753592064546,04:54:24.546,bitget,AAVE/USDT:USDT,297.31,4.5,297.3,1.9,297.32,1.6,297.33,5.9
1753592064696,04:54:24.696,bitget,AAVE/USDT:USDT,297.31,0.5,297.3,1.9,297.32,5.6,297.33,5.9
1753592064846,04:54:24.846,bitget,AAVE/USDT:USDT,297.31,0.8,297.3,1.9,297.32,1.6,297.33,4.9
1753592064996,04:54:24.996,bitget,AAVE/USDT:USDT,297.31,0.8,297.3,1.9,297.32,0.7,297.33,9.9
1753592065146,04:54:25.146,bitget,AAVE/USDT:USDT,297.31,0.8,297.3,1.9,297.32,0.7,297.33,9.9
1753592065296,04:54:25.296,bitget,AAVE/USDT:USDT,297.31,0.8,297.3,1.9,297.32,0.5,297.33,5.9
1753592065446,04:54:25.446,bitget,AAVE/USDT:USDT,297.31,0.8,297.3,1.9,297.32,0.5,297.33,9.9
1753592065596,04:54:25.596,bitget,AAVE/USDT:USDT,297.31,0.8,297.3,1.9,297.32,0.5,297.33,8.9
1753592065746,04:54:25.746,bitget,AAVE/USDT:USDT,297.31,0.8,297.3,1.9,297.32,0.5,297.33,8.9
1753592065896,04:54:25.896,bitget,AAVE/USDT:USDT,297.31,0.8,297.3,1.9,297.32,1.3,297.33,8.9
1753592066047,04:54:26.047,bitget,AAVE/USDT:USDT,297.31,0.8,297.3,1.9,297.32,1.3,297.33,8.9
1753592066197,04:54:26.197,bitget,AAVE/USDT:USDT,297.31,0.8,297.3,1.9,297.32,1.3,297.33,4.9
1753592066347,04:54:26.347,bitget,AAVE/USDT:USDT,297.32,2.8,297.31,6.8,297.33,0.7,297.34,4.7
1753592066497,04:54:26.497,bitget,AAVE/USDT:USDT,297.32,4.3,297.31,1.9,297.33,0.7,297.34,0.2
1753592066647,04:54:26.647,bitget,AAVE/USDT:USDT,297.32,4.3,297.31,12.4,297.33,0.7,297.34,0.2
1753592066797,04:54:26.797,bitget,AAVE/USDT:USDT,297.32,4.8,297.31,12.4,297.33,0.7,297.34,8.0
1753592067097,04:54:27.097,bitget,AAVE/USDT:USDT,297.32,4.8,297.31,12.4,297.33,0.7,297.34,8.0
1753592067397,04:54:27.397,bitget,AAVE/USDT:USDT,297.32,4.8,297.31,12.4,297.33,0.7,297.34,8.0
1753592067547,04:54:27.547,bitget,AAVE/USDT:USDT,297.32,4.8,297.31,12.4,297.33,0.7,297.34,8.0
1753592067697,04:54:27.697,bitget,AAVE/USDT:USDT,297.32,4.8,297.31,12.4,297.33,0.7,297.34,8.0
1753592067848,04:54:27.848,bitget,AAVE/USDT:USDT,297.32,4.8,297.31,12.4,297.33,0.7,297.34,8.0
1753592067998,04:54:27.998,bitget,AAVE/USDT:USDT,297.31,0.5,297.3,35.5,297.33,1.2,297.34,13.0
1753592068148,04:54:28.148,bitget,AAVE/USDT:USDT,297.27,27.7,297.26,15.0,297.32,1.9,297.33,3.3
1753592068298,04:54:28.298,bitget,AAVE/USDT:USDT,297.3,0.4,297.29,0.3,297.31,0.3,297.32,2.3
1753592068448,04:54:28.448,bitget,AAVE/USDT:USDT,297.3,1.2,297.28,7.1,297.32,2.3,297.33,1.7
1753592068598,04:54:28.598,bitget,AAVE/USDT:USDT,297.3,2.2,297.28,7.1,297.31,8.0,297.32,2.6
1753592068748,04:54:28.748,bitget,AAVE/USDT:USDT,297.3,0.3,297.28,7.1,297.31,8.0,297.32,2.6
1753592068898,04:54:28.898,bitget,AAVE/USDT:USDT,297.3,0.3,297.28,8.8,297.31,9.6,297.32,2.6
1753592069048,04:54:29.048,bitget,AAVE/USDT:USDT,297.3,0.3,297.28,8.8,297.31,9.6,297.32,2.6
1753592069198,04:54:29.198,bitget,AAVE/USDT:USDT,297.3,0.3,297.28,8.8,297.31,9.6,297.32,2.6
1753592069348,04:54:29.348,bitget,AAVE/USDT:USDT,297.3,0.3,297.28,0.5,297.31,9.6,297.32,3.4
1753592069498,04:54:29.498,bitget,AAVE/USDT:USDT,297.3,0.3,297.28,8.0,297.31,9.6,297.32,3.4
1753592069648,04:54:29.648,bitget,AAVE/USDT:USDT,297.3,0.3,297.28,8.0,297.31,9.6,297.32,3.4
1753592069799,04:54:29.799,bitget,AAVE/USDT:USDT,297.3,0.3,297.28,8.0,297.31,4.6,297.32,4.4
1753592069949,04:54:29.949,bitget,AAVE/USDT:USDT,297.3,0.3,297.28,0.5,297.31,4.6,297.32,8.4
1753592070099,04:54:30.099,bitget,AAVE/USDT:USDT,297.3,0.3,297.28,0.5,297.31,4.6,297.32,8.4
1753592070249,04:54:30.249,bitget,AAVE/USDT:USDT,297.3,0.3,297.28,0.5,297.31,4.6,297.32,8.4
1753592070399,04:54:30.399,bitget,AAVE/USDT:USDT,297.28,0.5,297.27,29.7,297.31,4.6,297.32,8.4
1753592070549,04:54:30.549,bitget,AAVE/USDT:USDT,297.28,4.5,297.27,29.7,297.31,3.0,297.32,4.2
1753592070699,04:54:30.699,bitget,AAVE/USDT:USDT,297.3,1.2,297.28,6.4,297.31,4.6,297.32,4.2
1753592070849,04:54:30.849,bitget,AAVE/USDT:USDT,297.3,1.2,297.28,21.3,297.31,4.6,297.32,8.2
1753592070999,04:54:30.999,bitget,AAVE/USDT:USDT,297.3,5.2,297.29,2.7,297.31,0.5,297.32,3.2
1753592071149,04:54:31.149,bitget,AAVE/USDT:USDT,297.3,5.2,297.29,6.1,297.31,0.5,297.32,3.2
1753592071299,04:54:31.299,bitget,AAVE/USDT:USDT,297.3,5.2,297.29,6.1,297.31,0.5,297.32,3.1
1753592071450,04:54:31.450,bitget,AAVE/USDT:USDT,297.3,5.2,297.29,6.1,297.31,0.7,297.32,1.2
1753592071600,04:54:31.600,bitget,AAVE/USDT:USDT,297.3,1.2,297.29,6.1,297.31,0.2,297.32,1.2
1753592071750,04:54:31.750,bitget,AAVE/USDT:USDT,297.3,1.2,297.29,6.1,297.31,0.2,297.32,6.2
1753592071900,04:54:31.900,bitget,AAVE/USDT:USDT,297.3,4.8,297.29,2.7,297.31,0.2,297.32,1.2
1753592072050,04:54:32.050,bitget,AAVE/USDT:USDT,297.3,0.8,297.29,2.7,297.31,0.2,297.32,1.2
1753592072200,04:54:32.200,bitget,AAVE/USDT:USDT,297.3,0.8,297.29,2.7,297.31,0.2,297.32,1.2
1753592072350,04:54:32.350,bitget,AAVE/USDT:USDT,297.3,0.8,297.29,2.7,297.31,0.2,297.32,1.2
1753592072500,04:54:32.500,bitget,AAVE/USDT:USDT,297.3,0.8,297.28,17.3,297.31,0.5,297.32,5.2
1753592072650,04:54:32.650,bitget,AAVE/USDT:USDT,297.3,0.8,297.28,17.3,297.31,1.0,297.32,6.2
1753592072800,04:54:32.800,bitget,AAVE/USDT:USDT,297.3,0.5,297.28,17.3,297.31,1.0,297.32,6.2
1753592072950,04:54:32.950,bitget,AAVE/USDT:USDT,297.29,0.3,297.28,17.3,297.31,1.0,297.32,6.2
1753592073100,04:54:33.100,bitget,AAVE/USDT:USDT,297.29,0.8,297.28,10.7,297.31,1.0,297.32,6.2
1753592073251,04:54:33.251,bitget,AAVE/USDT:USDT,297.3,0.3,297.29,0.5,297.31,1.0,297.32,6.2
1753592073401,04:54:33.401,bitget,AAVE/USDT:USDT,297.29,0.5,297.28,0.5,297.3,2.4,297.31,0.7
1753592073551,04:54:33.551,bitget,AAVE/USDT:USDT,297.29,0.8,297.28,3.2,297.3,2.9,297.31,0.7
1753592073701,04:54:33.701,bitget,AAVE/USDT:USDT,297.29,0.8,297.28,0.5,297.3,2.6,297.31,2.2
1753592073851,04:54:33.851,bitget,AAVE/USDT:USDT,297.29,0.8,297.28,0.5,297.3,2.6,297.31,2.2
1753592074001,04:54:34.001,bitget,AAVE/USDT:USDT,297.29,0.8,297.28,0.5,297.3,2.6,297.31,2.2
1753592074151,04:54:34.151,bitget,AAVE/USDT:USDT,297.29,0.8,297.28,0.5,297.3,2.6,297.31,2.2
1753592074301,04:54:34.301,bitget,AAVE/USDT:USDT,297.29,0.8,297.28,0.5,297.3,2.6,297.31,2.2
1753592074451,04:54:34.451,bitget,AAVE/USDT:USDT,297.29,0.8,297.28,0.5,297.3,2.6,297.31,2.2
1753592074601,04:54:34.601,bitget,AAVE/USDT:USDT,297.29,0.8,297.28,0.5,297.3,2.6,297.31,2.2
1753592074751,04:54:34.751,bitget,AAVE/USDT:USDT,297.24,14.5,297.23,5.6,297.28,8.2,297.29,1.0
1753592074901,04:54:34.901,bitget,AAVE/USDT:USDT,297.26,0.3,297.25,0.5,297.28,6.4,297.29,1.0
1753592075052,04:54:35.052,bitget,AAVE/USDT:USDT,297.27,0.7,297.26,0.5,297.28,2.4,297.3,2.6
1753592075202,04:54:35.202,bitget,AAVE/USDT:USDT,297.27,1.2,297.26,0.7,297.28,2.4,297.3,2.6
1753592075352,04:54:35.352,bitget,AAVE/USDT:USDT,297.27,0.9,297.26,0.5,297.28,2.4,297.29,5.7
1753592075502,04:54:35.502,bitget,AAVE/USDT:USDT,297.27,0.4,297.26,0.5,297.28,2.7,297.29,5.7
1753592075652,04:54:35.652,bitget,AAVE/USDT:USDT,297.27,0.4,297.26,0.5,297.28,2.7,297.29,5.7
1753592075802,04:54:35.802,bitget,AAVE/USDT:USDT,297.27,0.4,297.26,0.5,297.28,2.7,297.29,5.7
1753592075952,04:54:35.952,bitget,AAVE/USDT:USDT,297.27,0.4,297.26,0.5,297.28,2.7,297.29,5.7
1753592076102,04:54:36.102,bitget,AAVE/USDT:USDT,297.27,0.7,297.26,0.5,297.28,2.7,297.29,5.7
1753592076252,04:54:36.252,bitget,AAVE/USDT:USDT,297.27,0.7,297.26,0.5,297.28,2.7,297.29,5.7
1753592076402,04:54:36.402,bitget,AAVE/USDT:USDT,297.27,0.7,297.26,0.5,297.28,2.7,297.29,5.7
1753592076552,04:54:36.552,bitget,AAVE/USDT:USDT,297.27,0.4,297.26,0.5,297.28,2.7,297.29,5.7
1753592076703,04:54:36.703,bitget,AAVE/USDT:USDT,297.19,27.8,297.18,8.1,297.23,3.1,297.26,0.3
1753592076853,04:54:36.853,bitget,AAVE/USDT:USDT,297.19,0.5,297.17,14.0,297.2,3.4,297.21,0.3
1753592077002,04:54:37.002,bitget,AAVE/USDT:USDT,297.19,0.3,297.18,2.0,297.2,2.4,297.21,4.6
1753592077153,04:54:37.153,bitget,AAVE/USDT:USDT,297.19,0.3,297.17,27.1,297.2,2.4,297.21,4.6
1753592077453,04:54:37.453,bitget,AAVE/USDT:USDT,297.19,0.3,297.17,27.1,297.2,2.4,297.21,4.6
1753592077603,04:54:37.603,bitget,AAVE/USDT:USDT,297.19,0.3,297.17,27.1,297.2,2.4,297.21,4.6
1753592077753,04:54:37.753,bitget,AAVE/USDT:USDT,297.19,0.3,297.18,5.9,297.2,2.4,297.21,0.6
1753592077903,04:54:37.903,bitget,AAVE/USDT:USDT,297.19,1.2,297.18,5.9,297.2,0.5,297.21,0.3
1753592078053,04:54:38.053,bitget,AAVE/USDT:USDT,297.19,1.2,297.18,2.0,297.2,0.5,297.22,0.9
1753592078203,04:54:38.203,bitget,AAVE/USDT:USDT,297.19,1.2,297.17,14.0,297.2,0.5,297.22,0.9
1753592078353,04:54:38.353,bitget,AAVE/USDT:USDT,297.19,1.2,297.17,14.0,297.2,0.5,297.22,0.9
1753592078504,04:54:38.504,bitget,AAVE/USDT:USDT,297.19,1.2,297.17,14.0,297.2,0.5,297.22,0.9
1753592078654,04:54:38.654,bitget,AAVE/USDT:USDT,297.19,1.2,297.17,14.0,297.2,0.5,297.22,0.9
1753592078804,04:54:38.804,bitget,AAVE/USDT:USDT,297.19,1.2,297.17,14.0,297.2,0.5,297.22,0.9
1753592078954,04:54:38.954,bitget,AAVE/USDT:USDT,297.17,7.4,297.16,67.6,297.18,1.5,297.19,1.5
1753592079104,04:54:39.104,bitget,AAVE/USDT:USDT,297.17,1.3,297.16,30.7,297.18,2.0,297.2,5.1
1753592079254,04:54:39.254,bitget,AAVE/USDT:USDT,297.17,2.8,297.16,45.5,297.18,2.0,297.2,4.8
1753592079404,04:54:39.404,bitget,AAVE/USDT:USDT,297.17,2.8,297.16,45.5,297.18,2.0,297.2,4.8
1753592079554,04:54:39.554,bitget,AAVE/USDT:USDT,297.17,2.8,297.16,45.5,297.18,0.5,297.2,4.8
1753592079704,04:54:39.704,bitget,AAVE/USDT:USDT,297.17,2.8,297.16,45.5,297.18,0.5,297.2,4.8
1753592079854,04:54:39.854,bitget,AAVE/USDT:USDT,297.17,2.8,297.16,45.5,297.18,0.5,297.2,4.8
1753592080004,04:54:40.004,bitget,AAVE/USDT:USDT,297.17,2.8,297.16,45.5,297.18,0.5,297.2,4.8
1753592080155,04:54:40.155,bitget,AAVE/USDT:USDT,297.17,0.3,297.16,45.5,297.18,0.5,297.2,4.8
1753592080305,04:54:40.305,bitget,AAVE/USDT:USDT,297.17,3.0,297.16,45.5,297.18,0.5,297.2,4.8
1753592080455,04:54:40.455,bitget,AAVE/USDT:USDT,297.17,0.3,297.16,45.5,297.18,0.5,297.2,4.8
1753592080605,04:54:40.605,bitget,AAVE/USDT:USDT,297.17,3.0,297.16,42.8,297.18,0.5,297.2,4.8
1753592080755,04:54:40.755,bitget,AAVE/USDT:USDT,297.16,0.3,297.15,0.5,297.17,4.7,297.18,3.4
1753592080905,04:54:40.905,bitget,AAVE/USDT:USDT,297.16,0.3,297.15,0.5,297.17,4.7,297.18,3.4
1753592081055,04:54:41.055,bitget,AAVE/USDT:USDT,297.16,0.3,297.15,0.5,297.17,4.7,297.18,3.4
1753592081205,04:54:41.205,bitget,AAVE/USDT:USDT,297.16,0.3,297.15,0.5,297.17,5.2,297.18,3.4
1753592081355,04:54:41.355,bitget,AAVE/USDT:USDT,297.15,0.5,297.14,9.8,297.16,2.0,297.17,5.2
1753592081505,04:54:41.505,bitget,AAVE/USDT:USDT,297.15,0.8,297.14,9.8,297.16,2.0,297.17,5.2
1753592081655,04:54:41.655,bitget,AAVE/USDT:USDT,297.15,0.8,297.14,9.8,297.16,0.5,297.17,5.2
1753592081805,04:54:41.805,bitget,AAVE/USDT:USDT,297.15,0.8,297.14,9.8,297.16,0.5,297.17,5.2
1753592081955,04:54:41.955,bitget,AAVE/USDT:USDT,297.12,61.1,297.1,26.0,297.14,4.2,297.15,8.5
1753592082106,04:54:42.106,bitget,AAVE/USDT:USDT,297.12,0.5,297.1,25.8,297.13,1.5,297.14,5.0
1753592082256,04:54:42.256,bitget,AAVE/USDT:USDT,297.12,0.5,297.1,25.8,297.13,0.8,297.14,5.0
1753592082406,04:54:42.406,bitget,AAVE/USDT:USDT,297.11,0.8,297.1,48.1,297.12,1.5,297.13,2.0
1753592082556,04:54:42.556,bitget,AAVE/USDT:USDT,297.11,0.5,297.1,48.1,297.12,0.5,297.13,2.0
1753592082706,04:54:42.706,bitget,AAVE/USDT:USDT,297.09,61.1,297.08,9.4,297.12,7.1,297.13,4.4
1753592082856,04:54:42.856,bitget,AAVE/USDT:USDT,297.09,61.1,297.08,9.4,297.1,4.2,297.11,1.9
1753592083006,04:54:43.006,bitget,AAVE/USDT:USDT,297.07,25.8,297.06,49.0,297.1,5.4,297.11,4.0
1753592083156,04:54:43.156,bitget,AAVE/USDT:USDT,297.08,0.3,297.07,28.4,297.09,0.3,297.1,2.4
1753592083307,04:54:43.307,bitget,AAVE/USDT:USDT,297.08,1.2,297.07,26.3,297.09,0.5,297.1,2.4
1753592083456,04:54:43.456,bitget,AAVE/USDT:USDT,297.08,1.2,297.07,34.4,297.09,0.5,297.1,2.4
1753592083607,04:54:43.607,bitget,AAVE/USDT:USDT,297.08,1.2,297.07,34.4,297.09,0.5,297.1,2.4
1753592083757,04:54:43.757,bitget,AAVE/USDT:USDT,297.08,1.2,297.07,34.4,297.09,0.5,297.1,2.4
1753592083907,04:54:43.907,bitget,AAVE/USDT:USDT,297.08,1.2,297.07,34.4,297.09,0.5,297.1,2.4
1753592084057,04:54:44.057,bitget,AAVE/USDT:USDT,297.08,1.2,297.07,34.4,297.09,0.5,297.1,2.4
1753592084207,04:54:44.207,bitget,AAVE/USDT:USDT,297.08,1.2,297.07,34.4,297.09,0.5,297.1,2.4
1753592084357,04:54:44.357,bitget,AAVE/USDT:USDT,297.08,0.8,297.07,28.3,297.09,0.5,297.1,2.4
1753592084507,04:54:44.507,bitget,AAVE/USDT:USDT,297.08,0.8,297.07,28.3,297.09,0.5,297.1,3.0
1753592084657,04:54:44.657,bitget,AAVE/USDT:USDT,297.08,0.8,297.07,28.3,297.09,0.5,297.1,3.0
1753592084807,04:54:44.807,bitget,AAVE/USDT:USDT,297.08,0.8,297.07,28.3,297.09,0.5,297.1,3.0
1753592084957,04:54:44.957,bitget,AAVE/USDT:USDT,297.08,0.8,297.07,28.3,297.09,0.5,297.1,2.4
1753592085107,04:54:45.107,bitget,AAVE/USDT:USDT,297.08,0.8,297.07,28.3,297.09,0.5,297.1,2.4
1753592085257,04:54:45.257,bitget,AAVE/USDT:USDT,297.08,0.8,297.07,28.3,297.09,4.5,297.1,2.4
1753592085408,04:54:45.408,bitget,AAVE/USDT:USDT,297.08,0.8,297.07,28.3,297.09,4.5,297.1,2.4
1753592085558,04:54:45.558,bitget,AAVE/USDT:USDT,297.08,0.3,297.07,28.3,297.09,4.5,297.1,4.0
1753592085707,04:54:45.707,bitget,AAVE/USDT:USDT,297.08,0.3,297.07,28.3,297.09,0.5,297.1,3.0
1753592085858,04:54:45.858,bitget,AAVE/USDT:USDT,297.08,0.3,297.07,28.3,297.09,0.5,297.1,8.0
1753592086008,04:54:46.008,bitget,AAVE/USDT:USDT,297.08,0.3,297.07,28.3,297.09,0.5,297.1,8.0
1753592086158,04:54:46.158,bitget,AAVE/USDT:USDT,297.08,5.0,297.07,28.3,297.09,0.5,297.1,0.5
1753592086308,04:54:46.308,bitget,AAVE/USDT:USDT,297.08,5.0,297.07,28.3,297.09,0.5,297.1,0.5
1753592086458,04:54:46.458,bitget,AAVE/USDT:USDT,297.08,5.0,297.07,28.3,297.12,1.2,297.13,1.1
1753592086608,04:54:46.608,bitget,AAVE/USDT:USDT,297.11,0.8,297.09,1.9,297.12,1.5,297.13,6.1
1753592086758,04:54:46.758,bitget,AAVE/USDT:USDT,297.11,0.8,297.09,1.9,297.12,1.2,297.13,6.1
1753592086908,04:54:46.908,bitget,AAVE/USDT:USDT,297.11,0.8,297.09,8.5,297.12,1.2,297.13,5.1
1753592087058,04:54:47.058,bitget,AAVE/USDT:USDT,297.11,0.8,297.09,8.5,297.12,1.2,297.13,5.1
1753592087209,04:54:47.209,bitget,AAVE/USDT:USDT,297.11,5.4,297.1,25.8,297.15,0.7,297.16,2.2
1753592087359,04:54:47.359,bitget,AAVE/USDT:USDT,297.14,0.8,297.12,1.9,297.15,0.4,297.16,6.2
1753592087509,04:54:47.509,bitget,AAVE/USDT:USDT,297.14,0.8,297.13,0.6,297.15,0.2,297.16,3.2
1753592087659,04:54:47.659,bitget,AAVE/USDT:USDT,297.14,0.8,297.13,0.6,297.15,0.7,297.16,2.2
1753592087809,04:54:47.809,bitget,AAVE/USDT:USDT,297.14,0.8,297.13,0.6,297.15,0.7,297.16,2.2
1753592087959,04:54:47.959,bitget,AAVE/USDT:USDT,297.14,0.8,297.13,0.6,297.15,0.7,297.16,2.2
1753592088109,04:54:48.109,bitget,AAVE/USDT:USDT,297.14,0.8,297.13,0.6,297.15,0.7,297.16,2.2
1753592088259,04:54:48.259,bitget,AAVE/USDT:USDT,297.14,0.8,297.13,0.6,297.15,0.7,297.16,2.2
1753592088409,04:54:48.409,bitget,AAVE/USDT:USDT,297.14,0.8,297.13,0.6,297.15,0.7,297.16,2.2
1753592088559,04:54:48.559,bitget,AAVE/USDT:USDT,297.14,0.8,297.12,5.5,297.15,0.7,297.16,7.2
1753592088709,04:54:48.709,bitget,AAVE/USDT:USDT,297.14,0.8,297.12,5.5,297.15,1.0,297.16,7.2
1753592089010,04:54:49.010,bitget,AAVE/USDT:USDT,297.14,0.8,297.12,5.5,297.15,0.7,297.16,7.2
1753592089159,04:54:49.159,bitget,AAVE/USDT:USDT,297.14,0.8,297.12,5.5,297.15,0.7,297.16,7.2
1753592089310,04:54:49.310,bitget,AAVE/USDT:USDT,297.14,0.8,297.12,5.5,297.15,0.7,297.16,7.2
1753592089460,04:54:49.460,bitget,AAVE/USDT:USDT,297.14,0.8,297.12,5.5,297.15,0.7,297.16,7.2
1753592089610,04:54:49.610,bitget,AAVE/USDT:USDT,297.14,0.8,297.12,5.5,297.15,0.7,297.16,3.2
1753592089760,04:54:49.760,bitget,AAVE/USDT:USDT,297.14,0.8,297.12,5.5,297.15,0.7,297.16,3.2
1753592089910,04:54:49.910,bitget,AAVE/USDT:USDT,297.14,0.8,297.12,5.5,297.15,0.7,297.16,3.2
