timestamp,time,exchange,symbol,bid1_price,bid1_volume,bid2_price,bid2_volume,ask1_price,ask1_volume,ask2_price,ask2_volume
1753591897204,04:51:37.204,okx,ACE/USDT:USDT,0.5846,131.0,0.5845,84.0,0.585,87.0,0.5851,104.0
1753591897904,04:51:37.904,okx,ACE/USDT:USDT,0.5846,131.0,0.5845,84.0,0.585,87.0,0.5851,104.0
1753591898004,04:51:38.004,okx,ACE/USDT:USDT,0.5846,131.0,0.5845,84.0,0.585,87.0,0.5851,104.0
1753591898104,04:51:38.104,okx,ACE/USDT:USDT,0.5846,131.0,0.5845,84.0,0.585,87.0,0.5851,104.0
1753591898604,04:51:38.604,okx,ACE/USDT:USDT,0.5846,131.0,0.5845,84.0,0.585,87.0,0.5851,104.0
1753591898704,04:51:38.704,okx,ACE/USDT:USDT,0.5846,131.0,0.5845,84.0,0.585,87.0,0.5851,104.0
1753591898804,04:51:38.804,okx,ACE/USDT:USDT,0.5846,131.0,0.5845,84.0,0.585,87.0,0.5851,104.0
1753591898904,04:51:38.904,okx,ACE/USDT:USDT,0.5845,84.0,0.5844,87.0,0.585,87.0,0.5851,104.0
1753591899104,04:51:39.104,okx,ACE/USDT:USDT,0.5845,84.0,0.5844,87.0,0.585,102.0,0.5851,104.0
1753591899304,04:51:39.304,okx,ACE/USDT:USDT,0.5845,84.0,0.5844,87.0,0.585,102.0,0.5851,104.0
1753591899804,04:51:39.804,okx,ACE/USDT:USDT,0.5847,76.0,0.5846,1.0,0.585,15.0,0.5851,104.0
1753591900304,04:51:40.304,okx,ACE/USDT:USDT,0.5848,76.0,0.5846,185.0,0.5851,104.0,0.5852,87.0
1753591900904,04:51:40.904,okx,ACE/USDT:USDT,0.5848,76.0,0.5846,269.0,0.5851,104.0,0.5852,87.0
1753591901604,04:51:41.604,okx,ACE/USDT:USDT,0.5848,76.0,0.5846,269.0,0.5851,104.0,0.5852,87.0
1753591901904,04:51:41.904,okx,ACE/USDT:USDT,0.5848,76.0,0.5846,269.0,0.5851,104.0,0.5852,87.0
1753591902004,04:51:42.004,okx,ACE/USDT:USDT,0.5848,76.0,0.5846,269.0,0.5851,104.0,0.5852,87.0
1753591902704,04:51:42.704,okx,ACE/USDT:USDT,0.5848,76.0,0.5846,269.0,0.5851,104.0,0.5852,87.0
1753591903104,04:51:43.104,okx,ACE/USDT:USDT,0.5848,76.0,0.5846,269.0,0.5851,104.0,0.5852,87.0
1753591903704,04:51:43.704,okx,ACE/USDT:USDT,0.5848,76.0,0.5846,269.0,0.5851,104.0,0.5852,87.0
1753591903804,04:51:43.804,okx,ACE/USDT:USDT,0.5848,76.0,0.5846,269.0,0.5851,104.0,0.5852,87.0
1753591904204,04:51:44.204,okx,ACE/USDT:USDT,0.5848,76.0,0.5846,269.0,0.5851,104.0,0.5852,87.0
1753591904304,04:51:44.304,okx,ACE/USDT:USDT,0.5848,76.0,0.5846,269.0,0.5851,104.0,0.5852,87.0
1753591905404,04:51:45.404,okx,ACE/USDT:USDT,0.5848,76.0,0.5846,269.0,0.5851,104.0,0.5852,87.0
1753591905904,04:51:45.904,okx,ACE/USDT:USDT,0.5848,76.0,0.5846,269.0,0.5851,104.0,0.5852,87.0
1753591906004,04:51:46.004,okx,ACE/USDT:USDT,0.5848,76.0,0.5846,269.0,0.5851,104.0,0.5852,87.0
1753591906404,04:51:46.404,okx,ACE/USDT:USDT,0.5848,76.0,0.5846,269.0,0.5851,104.0,0.5852,87.0
1753591906504,04:51:46.504,okx,ACE/USDT:USDT,0.5848,76.0,0.5846,269.0,0.5851,104.0,0.5852,87.0
1753591906704,04:51:46.704,okx,ACE/USDT:USDT,0.5848,76.0,0.5846,269.0,0.5851,104.0,0.5852,87.0
1753591906904,04:51:46.904,okx,ACE/USDT:USDT,0.5848,76.0,0.5846,269.0,0.5851,104.0,0.5852,87.0
1753591907004,04:51:47.004,okx,ACE/USDT:USDT,0.5848,76.0,0.5846,269.0,0.5851,104.0,0.5852,87.0
1753591907104,04:51:47.104,okx,ACE/USDT:USDT,0.5848,76.0,0.5846,269.0,0.5851,104.0,0.5852,87.0
1753591907504,04:51:47.504,okx,ACE/USDT:USDT,0.5848,76.0,0.5846,269.0,0.5851,104.0,0.5852,87.0
1753591908204,04:51:48.204,okx,ACE/USDT:USDT,0.5848,76.0,0.5846,269.0,0.5851,104.0,0.5852,87.0
1753591908304,04:51:48.304,okx,ACE/USDT:USDT,0.5848,76.0,0.5846,269.0,0.5851,104.0,0.5852,87.0
1753591908704,04:51:48.704,okx,ACE/USDT:USDT,0.5848,76.0,0.5846,269.0,0.5851,104.0,0.5852,87.0
1753591908804,04:51:48.804,okx,ACE/USDT:USDT,0.5848,76.0,0.5846,269.0,0.5851,104.0,0.5852,87.0
1753591909104,04:51:49.104,okx,ACE/USDT:USDT,0.5848,76.0,0.5846,269.0,0.5851,104.0,0.5852,87.0
1753591909204,04:51:49.204,okx,ACE/USDT:USDT,0.5848,76.0,0.5846,269.0,0.5851,104.0,0.5852,87.0
1753591909404,04:51:49.404,okx,ACE/USDT:USDT,0.5848,76.0,0.5846,269.0,0.5851,104.0,0.5852,87.0
1753591909804,04:51:49.804,okx,ACE/USDT:USDT,0.5848,76.0,0.5846,269.0,0.5851,104.0,0.5852,87.0
1753591909904,04:51:49.904,okx,ACE/USDT:USDT,0.5848,76.0,0.5846,269.0,0.5851,104.0,0.5852,87.0
1753591910004,04:51:50.004,okx,ACE/USDT:USDT,0.5848,76.0,0.5846,269.0,0.5851,104.0,0.5852,87.0
1753591910404,04:51:50.404,okx,ACE/USDT:USDT,0.5848,76.0,0.5846,269.0,0.5851,104.0,0.5852,87.0
1753591910504,04:51:50.504,okx,ACE/USDT:USDT,0.5848,76.0,0.5846,269.0,0.5851,104.0,0.5852,87.0
1753591911004,04:51:51.004,okx,ACE/USDT:USDT,0.5848,76.0,0.5846,269.0,0.5851,104.0,0.5852,87.0
1753591911104,04:51:51.104,okx,ACE/USDT:USDT,0.5848,76.0,0.5846,269.0,0.5851,104.0,0.5852,87.0
1753591911304,04:51:51.304,okx,ACE/USDT:USDT,0.5848,76.0,0.5846,269.0,0.5851,104.0,0.5852,87.0
1753591911604,04:51:51.604,okx,ACE/USDT:USDT,0.5848,76.0,0.5846,269.0,0.5851,104.0,0.5852,87.0
1753591912304,04:51:52.304,okx,ACE/USDT:USDT,0.5848,76.0,0.5846,185.0,0.5851,104.0,0.5852,87.0
1753591912604,04:51:52.604,okx,ACE/USDT:USDT,0.5848,76.0,0.5846,185.0,0.5851,104.0,0.5852,87.0
1753591912704,04:51:52.704,okx,ACE/USDT:USDT,0.5848,76.0,0.5846,185.0,0.5851,104.0,0.5852,87.0
1753591912904,04:51:52.904,okx,ACE/USDT:USDT,0.5848,76.0,0.5846,185.0,0.5851,104.0,0.5852,87.0
1753591913004,04:51:53.004,okx,ACE/USDT:USDT,0.5848,76.0,0.5846,185.0,0.5851,104.0,0.5852,87.0
1753591913104,04:51:53.104,okx,ACE/USDT:USDT,0.5848,76.0,0.5846,185.0,0.5851,104.0,0.5852,87.0
1753591913204,04:51:53.204,okx,ACE/USDT:USDT,0.5848,76.0,0.5846,185.0,0.5851,104.0,0.5852,87.0
1753591913604,04:51:53.604,okx,ACE/USDT:USDT,0.5848,76.0,0.5846,185.0,0.5851,104.0,0.5852,87.0
1753591913704,04:51:53.704,okx,ACE/USDT:USDT,0.5848,76.0,0.5846,185.0,0.5851,104.0,0.5852,87.0
1753591914204,04:51:54.204,okx,ACE/USDT:USDT,0.5848,76.0,0.5846,185.0,0.5851,104.0,0.5852,87.0
1753591914304,04:51:54.304,okx,ACE/USDT:USDT,0.5848,76.0,0.5846,185.0,0.5851,104.0,0.5852,87.0
1753591915304,04:51:55.304,okx,ACE/USDT:USDT,0.5848,76.0,0.5846,185.0,0.5851,104.0,0.5852,87.0
1753591916304,04:51:56.304,okx,ACE/USDT:USDT,0.5848,76.0,0.5846,185.0,0.5851,89.0,0.5852,87.0
1753591916504,04:51:56.504,okx,ACE/USDT:USDT,0.5848,76.0,0.5846,185.0,0.5851,89.0,0.5852,87.0
1753591916804,04:51:56.804,okx,ACE/USDT:USDT,0.5848,76.0,0.5846,185.0,0.5851,89.0,0.5852,87.0
1753591917004,04:51:57.004,okx,ACE/USDT:USDT,0.5848,76.0,0.5846,185.0,0.5851,89.0,0.5852,87.0
1753591917104,04:51:57.104,okx,ACE/USDT:USDT,0.5848,76.0,0.5846,185.0,0.5851,89.0,0.5852,87.0
1753591917604,04:51:57.604,okx,ACE/USDT:USDT,0.5848,76.0,0.5846,185.0,0.5851,89.0,0.5852,87.0
1753591917704,04:51:57.704,okx,ACE/USDT:USDT,0.5848,76.0,0.5846,185.0,0.5851,89.0,0.5852,87.0
1753591918404,04:51:58.404,okx,ACE/USDT:USDT,0.5848,76.0,0.5846,185.0,0.5851,89.0,0.5852,87.0
1753591918504,04:51:58.504,okx,ACE/USDT:USDT,0.5848,76.0,0.5846,185.0,0.5851,87.0,0.5852,87.0
1753591918604,04:51:58.604,okx,ACE/USDT:USDT,0.5846,131.0,0.5845,99.0,0.585,124.0,0.5851,94.0
1753591918704,04:51:58.704,okx,ACE/USDT:USDT,0.5846,131.0,0.5845,99.0,0.585,124.0,0.5851,94.0
1753591918804,04:51:58.804,okx,ACE/USDT:USDT,0.5846,131.0,0.5845,99.0,0.585,124.0,0.5851,94.0
1753591919404,04:51:59.404,okx,ACE/USDT:USDT,0.5847,76.0,0.5846,132.0,0.585,124.0,0.5851,94.0
1753591919504,04:51:59.504,okx,ACE/USDT:USDT,0.5847,76.0,0.5846,132.0,0.585,124.0,0.5851,94.0
1753591920304,04:52:00.304,okx,ACE/USDT:USDT,0.5847,76.0,0.5846,132.0,0.585,124.0,0.5851,94.0
1753591922504,04:52:02.504,okx,ACE/USDT:USDT,0.5846,131.0,0.5845,99.0,0.585,86.0,0.5851,93.0
1753591922604,04:52:02.604,okx,ACE/USDT:USDT,0.5846,131.0,0.5845,99.0,0.585,86.0,0.5851,93.0
1753591922704,04:52:02.704,okx,ACE/USDT:USDT,0.5846,131.0,0.5845,99.0,0.585,86.0,0.5851,93.0
1753591923004,04:52:03.004,okx,ACE/USDT:USDT,0.5847,76.0,0.5846,132.0,0.5851,93.0,0.5852,87.0
1753591923304,04:52:03.304,okx,ACE/USDT:USDT,0.5847,76.0,0.5846,132.0,0.5851,93.0,0.5852,87.0
1753591923804,04:52:03.804,okx,ACE/USDT:USDT,0.5847,76.0,0.5846,132.0,0.5851,93.0,0.5852,87.0
1753591924004,04:52:04.004,okx,ACE/USDT:USDT,0.5847,76.0,0.5846,132.0,0.5851,93.0,0.5852,87.0
1753591924204,04:52:04.204,okx,ACE/USDT:USDT,0.5848,76.0,0.5846,218.0,0.5851,7.0,0.5852,87.0
1753591924504,04:52:04.504,okx,ACE/USDT:USDT,0.5848,76.0,0.5846,218.0,0.5851,7.0,0.5852,87.0
1753591924604,04:52:04.604,okx,ACE/USDT:USDT,0.5848,76.0,0.5846,218.0,0.5851,7.0,0.5852,87.0
1753591926504,04:52:06.504,okx,ACE/USDT:USDT,0.5846,232.0,0.5845,268.0,0.5851,93.0,0.5852,87.0
1753591926704,04:52:06.704,okx,ACE/USDT:USDT,0.5848,76.0,0.5846,233.0,0.5851,93.0,0.5852,87.0
1753591926804,04:52:06.804,okx,ACE/USDT:USDT,0.5848,76.0,0.5846,233.0,0.5851,93.0,0.5852,87.0
1753591927004,04:52:07.004,okx,ACE/USDT:USDT,0.5848,76.0,0.5846,233.0,0.5851,93.0,0.5852,87.0
1753591927304,04:52:07.304,okx,ACE/USDT:USDT,0.5848,76.0,0.5846,218.0,0.5851,93.0,0.5852,87.0
1753591927704,04:52:07.704,okx,ACE/USDT:USDT,0.5848,76.0,0.5846,218.0,0.5851,93.0,0.5852,87.0
1753591927804,04:52:07.804,okx,ACE/USDT:USDT,0.5848,76.0,0.5846,218.0,0.5851,93.0,0.5852,87.0
1753591928304,04:52:08.304,okx,ACE/USDT:USDT,0.5846,131.0,0.5845,99.0,0.5851,93.0,0.5852,87.0
1753591928404,04:52:08.404,okx,ACE/USDT:USDT,0.5846,131.0,0.5845,99.0,0.5851,93.0,0.5852,87.0
1753591928504,04:52:08.504,okx,ACE/USDT:USDT,0.5846,131.0,0.5845,99.0,0.5851,93.0,0.5852,87.0
1753591928704,04:52:08.704,okx,ACE/USDT:USDT,0.5847,76.0,0.5846,131.0,0.5851,93.0,0.5852,87.0
1753591928904,04:52:08.904,okx,ACE/USDT:USDT,0.5847,76.0,0.5846,131.0,0.5851,93.0,0.5852,87.0
1753591929004,04:52:09.004,okx,ACE/USDT:USDT,0.5847,76.0,0.5846,132.0,0.5851,93.0,0.5852,87.0
1753591929104,04:52:09.104,okx,ACE/USDT:USDT,0.5847,76.0,0.5846,132.0,0.5851,93.0,0.5852,87.0
1753591929204,04:52:09.204,okx,ACE/USDT:USDT,0.5847,76.0,0.5846,132.0,0.5851,93.0,0.5852,87.0
1753591929304,04:52:09.304,okx,ACE/USDT:USDT,0.5847,76.0,0.5846,132.0,0.5851,93.0,0.5852,87.0
1753591929404,04:52:09.404,okx,ACE/USDT:USDT,0.5847,76.0,0.5846,132.0,0.5851,93.0,0.5852,87.0
1753591929604,04:52:09.604,okx,ACE/USDT:USDT,0.5847,76.0,0.5846,132.0,0.5851,93.0,0.5852,87.0
1753591930104,04:52:10.104,okx,ACE/USDT:USDT,0.5847,76.0,0.5846,132.0,0.5851,93.0,0.5852,87.0
1753591931804,04:52:11.804,okx,ACE/USDT:USDT,0.5847,76.0,0.5846,132.0,0.5851,93.0,0.5852,87.0
1753591931904,04:52:11.904,okx,ACE/USDT:USDT,0.5847,76.0,0.5846,132.0,0.5851,93.0,0.5852,87.0
1753591932004,04:52:12.004,okx,ACE/USDT:USDT,0.5847,76.0,0.5846,132.0,0.5851,93.0,0.5852,87.0
1753591933104,04:52:13.104,okx,ACE/USDT:USDT,0.5847,76.0,0.5846,132.0,0.5851,93.0,0.5852,87.0
1753591933604,04:52:13.604,okx,ACE/USDT:USDT,0.5847,76.0,0.5846,132.0,0.5851,93.0,0.5852,87.0
1753591934204,04:52:14.204,okx,ACE/USDT:USDT,0.5847,76.0,0.5846,132.0,0.5851,93.0,0.5852,87.0
1753591934504,04:52:14.504,okx,ACE/USDT:USDT,0.5847,76.0,0.5846,132.0,0.5851,93.0,0.5852,87.0
1753591934604,04:52:14.604,okx,ACE/USDT:USDT,0.5847,76.0,0.5846,132.0,0.5851,93.0,0.5852,87.0
1753591934704,04:52:14.704,okx,ACE/USDT:USDT,0.5847,76.0,0.5846,132.0,0.5851,93.0,0.5852,87.0
1753591935304,04:52:15.304,okx,ACE/USDT:USDT,0.5847,76.0,0.5846,216.0,0.5851,93.0,0.5852,87.0
1753591936404,04:52:16.404,okx,ACE/USDT:USDT,0.5847,76.0,0.5846,216.0,0.5851,93.0,0.5852,87.0
1753591936904,04:52:16.904,okx,ACE/USDT:USDT,0.5847,76.0,0.5846,216.0,0.5851,93.0,0.5852,87.0
1753591937604,04:52:17.604,okx,ACE/USDT:USDT,0.5847,76.0,0.5846,216.0,0.5851,93.0,0.5852,87.0
1753591938004,04:52:18.004,okx,ACE/USDT:USDT,0.5847,76.0,0.5846,216.0,0.5851,93.0,0.5852,87.0
1753591938104,04:52:18.104,okx,ACE/USDT:USDT,0.5847,76.0,0.5846,216.0,0.5851,93.0,0.5852,87.0
1753591938604,04:52:18.604,okx,ACE/USDT:USDT,0.5847,76.0,0.5846,216.0,0.5851,93.0,0.5852,87.0
1753591938704,04:52:18.704,okx,ACE/USDT:USDT,0.5847,76.0,0.5846,216.0,0.5851,93.0,0.5852,87.0
1753591939204,04:52:19.204,okx,ACE/USDT:USDT,0.5847,76.0,0.5846,216.0,0.5851,93.0,0.5852,87.0
1753591939704,04:52:19.704,okx,ACE/USDT:USDT,0.5847,76.0,0.5846,216.0,0.5851,93.0,0.5852,87.0
1753591940304,04:52:20.304,okx,ACE/USDT:USDT,0.5847,76.0,0.5846,216.0,0.5851,100.0,0.5852,87.0
1753591940804,04:52:20.804,okx,ACE/USDT:USDT,0.5847,76.0,0.5846,216.0,0.5851,100.0,0.5852,87.0
1753591941004,04:52:21.004,okx,ACE/USDT:USDT,0.5847,160.0,0.5846,216.0,0.5851,14.0,0.5852,87.0
1753591941204,04:52:21.204,okx,ACE/USDT:USDT,0.5847,323.0,0.5846,216.0,0.5851,14.0,0.5852,87.0
1753591941504,04:52:21.504,okx,ACE/USDT:USDT,0.5847,323.0,0.5846,216.0,0.5851,14.0,0.5852,87.0
1753591941904,04:52:21.904,okx,ACE/USDT:USDT,0.5847,323.0,0.5846,216.0,0.5851,14.0,0.5852,87.0
1753591942604,04:52:22.604,okx,ACE/USDT:USDT,0.5847,323.0,0.5846,216.0,0.5851,14.0,0.5852,87.0
1753591943704,04:52:23.704,okx,ACE/USDT:USDT,0.5847,247.0,0.5846,216.0,0.5851,14.0,0.5852,1.0
1753591943904,04:52:23.904,okx,ACE/USDT:USDT,0.5847,247.0,0.5846,216.0,0.5851,14.0,0.5852,1.0
1753591944504,04:52:24.504,okx,ACE/USDT:USDT,0.5848,86.0,0.5847,85.0,0.5851,14.0,0.5852,1.0
1753591944704,04:52:24.704,okx,ACE/USDT:USDT,0.5848,86.0,0.5847,85.0,0.5851,14.0,0.5852,1.0
1753591945704,04:52:25.704,okx,ACE/USDT:USDT,0.5848,86.0,0.5847,85.0,0.5851,14.0,0.5852,1.0
1753591946204,04:52:26.204,okx,ACE/USDT:USDT,0.5848,86.0,0.5847,85.0,0.5851,14.0,0.5852,1.0
1753591946304,04:52:26.304,okx,ACE/USDT:USDT,0.5848,86.0,0.5847,85.0,0.5851,14.0,0.5852,1.0
1753591946704,04:52:26.704,okx,ACE/USDT:USDT,0.5848,86.0,0.5847,85.0,0.5851,14.0,0.5852,1.0
1753591946804,04:52:26.804,okx,ACE/USDT:USDT,0.5848,86.0,0.5847,85.0,0.5851,14.0,0.5852,1.0
1753591947304,04:52:27.304,okx,ACE/USDT:USDT,0.5848,86.0,0.5847,85.0,0.5851,14.0,0.5852,1.0
1753591947404,04:52:27.404,okx,ACE/USDT:USDT,0.5848,86.0,0.5847,85.0,0.5851,14.0,0.5852,1.0
1753591947504,04:52:27.504,okx,ACE/USDT:USDT,0.5848,86.0,0.5847,85.0,0.5851,14.0,0.5852,1.0
1753591947804,04:52:27.804,okx,ACE/USDT:USDT,0.5848,86.0,0.5847,85.0,0.5851,14.0,0.5852,1.0
1753591947904,04:52:27.904,okx,ACE/USDT:USDT,0.5848,86.0,0.5847,85.0,0.5851,14.0,0.5852,1.0
1753591948204,04:52:28.204,okx,ACE/USDT:USDT,0.5848,86.0,0.5847,85.0,0.5851,14.0,0.5852,1.0
1753591948304,04:52:28.304,okx,ACE/USDT:USDT,0.5847,84.0,0.5846,216.0,0.5851,14.0,0.5852,1.0
1753591948504,04:52:28.504,okx,ACE/USDT:USDT,0.5847,84.0,0.5846,216.0,0.5851,14.0,0.5852,1.0
1753591948604,04:52:28.604,okx,ACE/USDT:USDT,0.5847,84.0,0.5846,216.0,0.5851,14.0,0.5852,1.0
1753591949004,04:52:29.004,okx,ACE/USDT:USDT,0.5847,84.0,0.5846,216.0,0.5851,14.0,0.5852,1.0
1753591949204,04:52:29.204,okx,ACE/USDT:USDT,0.5847,84.0,0.5846,216.0,0.5851,14.0,0.5852,1.0
1753591949404,04:52:29.404,okx,ACE/USDT:USDT,0.5847,84.0,0.5846,85.0,0.5851,100.0,0.5852,1.0
1753591949504,04:52:29.504,okx,ACE/USDT:USDT,0.5847,84.0,0.5846,85.0,0.5851,100.0,0.5852,1.0
1753591949704,04:52:29.704,okx,ACE/USDT:USDT,0.5847,84.0,0.5846,85.0,0.5851,100.0,0.5852,1.0
1753591949904,04:52:29.904,okx,ACE/USDT:USDT,0.5847,84.0,0.5846,85.0,0.5851,100.0,0.5852,1.0
1753591950404,04:52:30.404,okx,ACE/USDT:USDT,0.5846,84.0,0.5845,99.0,0.5851,100.0,0.5852,17.0
1753591950804,04:52:30.804,okx,ACE/USDT:USDT,0.5846,84.0,0.5845,99.0,0.5851,100.0,0.5852,17.0
1753591951404,04:52:31.404,okx,ACE/USDT:USDT,0.5847,76.0,0.5846,216.0,0.5851,100.0,0.5852,17.0
1753591952004,04:52:32.004,okx,ACE/USDT:USDT,0.5847,76.0,0.5846,216.0,0.5851,100.0,0.5852,17.0
1753591952404,04:52:32.404,okx,ACE/USDT:USDT,0.5847,76.0,0.5846,216.0,0.5851,100.0,0.5852,17.0
1753591952504,04:52:32.504,okx,ACE/USDT:USDT,0.5847,76.0,0.5846,216.0,0.5851,100.0,0.5852,17.0
1753591952604,04:52:32.604,okx,ACE/USDT:USDT,0.5847,76.0,0.5846,216.0,0.5851,100.0,0.5852,17.0
1753591952704,04:52:32.704,okx,ACE/USDT:USDT,0.5847,76.0,0.5846,216.0,0.5851,100.0,0.5852,17.0
1753591954004,04:52:34.004,okx,ACE/USDT:USDT,0.5847,76.0,0.5846,216.0,0.5851,100.0,0.5852,17.0
1753591954204,04:52:34.204,okx,ACE/USDT:USDT,0.5847,76.0,0.5846,216.0,0.5851,100.0,0.5852,17.0
1753591954404,04:52:34.404,okx,ACE/USDT:USDT,0.5847,76.0,0.5846,216.0,0.5851,100.0,0.5852,17.0
1753591955204,04:52:35.204,okx,ACE/USDT:USDT,0.5847,76.0,0.5846,216.0,0.5851,100.0,0.5852,17.0
1753591955404,04:52:35.404,okx,ACE/USDT:USDT,0.5847,76.0,0.5846,216.0,0.5851,100.0,0.5852,17.0
1753591956104,04:52:36.104,okx,ACE/USDT:USDT,0.5847,76.0,0.5846,216.0,0.5851,100.0,0.5852,17.0
1753591956304,04:52:36.304,okx,ACE/USDT:USDT,0.5847,76.0,0.5846,216.0,0.5851,100.0,0.5852,17.0
1753591956904,04:52:36.904,okx,ACE/USDT:USDT,0.5847,76.0,0.5846,216.0,0.5851,100.0,0.5852,17.0
1753591957004,04:52:37.004,okx,ACE/USDT:USDT,0.5847,76.0,0.5846,216.0,0.5851,100.0,0.5852,17.0
1753591957404,04:52:37.404,okx,ACE/USDT:USDT,0.5847,76.0,0.5846,216.0,0.5851,100.0,0.5852,17.0
1753591957504,04:52:37.504,okx,ACE/USDT:USDT,0.5847,76.0,0.5846,216.0,0.5851,100.0,0.5852,17.0
1753591958004,04:52:38.004,okx,ACE/USDT:USDT,0.5847,76.0,0.5846,216.0,0.5851,100.0,0.5852,17.0
1753591958804,04:52:38.804,okx,ACE/USDT:USDT,0.5847,76.0,0.5846,216.0,0.5851,100.0,0.5852,17.0
1753591959504,04:52:39.504,okx,ACE/USDT:USDT,0.5847,76.0,0.5846,216.0,0.5851,100.0,0.5852,17.0
1753591960604,04:52:40.604,okx,ACE/USDT:USDT,0.5847,76.0,0.5846,216.0,0.5851,100.0,0.5852,17.0
1753591960704,04:52:40.704,okx,ACE/USDT:USDT,0.5847,76.0,0.5846,216.0,0.5851,100.0,0.5852,17.0
1753591961204,04:52:41.204,okx,ACE/USDT:USDT,0.5847,76.0,0.5846,216.0,0.5851,100.0,0.5852,17.0
1753591961404,04:52:41.404,okx,ACE/USDT:USDT,0.5847,76.0,0.5846,216.0,0.5851,104.0,0.5852,17.0
1753591962104,04:52:42.104,okx,ACE/USDT:USDT,0.5847,76.0,0.5846,216.0,0.5851,104.0,0.5852,17.0
1753591962204,04:52:42.204,okx,ACE/USDT:USDT,0.5847,76.0,0.5846,216.0,0.5851,104.0,0.5852,17.0
1753591962704,04:52:42.704,okx,ACE/USDT:USDT,0.5847,76.0,0.5846,216.0,0.5851,104.0,0.5852,17.0
1753591962804,04:52:42.804,okx,ACE/USDT:USDT,0.5847,76.0,0.5846,216.0,0.5851,104.0,0.5852,17.0
1753591963304,04:52:43.304,okx,ACE/USDT:USDT,0.5847,76.0,0.5846,216.0,0.5851,104.0,0.5852,17.0
1753591963704,04:52:43.704,okx,ACE/USDT:USDT,0.5847,76.0,0.5846,216.0,0.5851,104.0,0.5852,17.0
1753591964304,04:52:44.304,okx,ACE/USDT:USDT,0.5847,76.0,0.5846,216.0,0.5851,104.0,0.5852,17.0
1753591964404,04:52:44.404,okx,ACE/USDT:USDT,0.5847,76.0,0.5846,216.0,0.5851,104.0,0.5852,17.0
1753591964604,04:52:44.604,okx,ACE/USDT:USDT,0.5847,76.0,0.5846,216.0,0.5851,104.0,0.5852,17.0
1753591965004,04:52:45.004,okx,ACE/USDT:USDT,0.5847,76.0,0.5846,216.0,0.5851,104.0,0.5852,17.0
1753591965204,04:52:45.204,okx,ACE/USDT:USDT,0.5847,76.0,0.5846,216.0,0.5851,104.0,0.5852,17.0
1753591965504,04:52:45.504,okx,ACE/USDT:USDT,0.5847,76.0,0.5846,216.0,0.5851,104.0,0.5852,17.0
1753591965604,04:52:45.604,okx,ACE/USDT:USDT,0.5847,76.0,0.5846,216.0,0.5851,104.0,0.5852,17.0
1753591966104,04:52:46.104,okx,ACE/USDT:USDT,0.5847,76.0,0.5846,216.0,0.5851,104.0,0.5852,17.0
1753591966204,04:52:46.204,okx,ACE/USDT:USDT,0.5847,76.0,0.5846,216.0,0.5851,104.0,0.5852,17.0
1753591967204,04:52:47.204,okx,ACE/USDT:USDT,0.5847,76.0,0.5846,216.0,0.5851,104.0,0.5852,17.0
1753591967704,04:52:47.704,okx,ACE/USDT:USDT,0.5847,76.0,0.5846,216.0,0.5851,104.0,0.5852,17.0
1753591967804,04:52:47.804,okx,ACE/USDT:USDT,0.5847,76.0,0.5846,216.0,0.5851,104.0,0.5852,17.0
1753591968604,04:52:48.604,okx,ACE/USDT:USDT,0.5848,76.0,0.5847,87.0,0.5851,19.0,0.5852,17.0
1753591968704,04:52:48.704,okx,ACE/USDT:USDT,0.5848,76.0,0.5847,87.0,0.5851,19.0,0.5852,17.0
1753591968904,04:52:48.904,okx,ACE/USDT:USDT,0.5848,76.0,0.5847,87.0,0.5851,19.0,0.5852,17.0
1753591969004,04:52:49.004,okx,ACE/USDT:USDT,0.5848,76.0,0.5847,87.0,0.5851,19.0,0.5852,17.0
1753591969404,04:52:49.404,okx,ACE/USDT:USDT,0.5848,76.0,0.5847,87.0,0.5851,19.0,0.5852,17.0
1753591969604,04:52:49.604,okx,ACE/USDT:USDT,0.5848,76.0,0.5847,87.0,0.5851,19.0,0.5852,17.0
1753591970204,04:52:50.204,okx,ACE/USDT:USDT,0.5848,76.0,0.5847,87.0,0.5851,19.0,0.5852,17.0
1753591971304,04:52:51.304,okx,ACE/USDT:USDT,0.5848,76.0,0.5847,87.0,0.5851,19.0,0.5852,17.0
1753591972304,04:52:52.304,okx,ACE/USDT:USDT,0.5848,76.0,0.5847,87.0,0.5851,19.0,0.5852,17.0
1753591972404,04:52:52.404,okx,ACE/USDT:USDT,0.5848,76.0,0.5847,87.0,0.5851,19.0,0.5852,17.0
1753591973004,04:52:53.004,okx,ACE/USDT:USDT,0.5848,76.0,0.5847,87.0,0.5851,19.0,0.5852,17.0
1753591973304,04:52:53.304,okx,ACE/USDT:USDT,0.5848,76.0,0.5847,87.0,0.5851,19.0,0.5852,17.0
1753591973404,04:52:53.404,okx,ACE/USDT:USDT,0.5848,76.0,0.5847,87.0,0.5851,19.0,0.5852,17.0
1753591973504,04:52:53.504,okx,ACE/USDT:USDT,0.5848,76.0,0.5847,87.0,0.5851,19.0,0.5852,17.0
1753591973604,04:52:53.604,okx,ACE/USDT:USDT,0.5848,76.0,0.5847,87.0,0.5851,19.0,0.5852,17.0
1753591973704,04:52:53.704,okx,ACE/USDT:USDT,0.5848,76.0,0.5847,87.0,0.5851,19.0,0.5852,17.0
1753591973804,04:52:53.804,okx,ACE/USDT:USDT,0.5848,76.0,0.5847,87.0,0.5851,19.0,0.5852,17.0
1753591974004,04:52:54.004,okx,ACE/USDT:USDT,0.5848,76.0,0.5847,87.0,0.5851,19.0,0.5852,17.0
1753591974104,04:52:54.104,okx,ACE/USDT:USDT,0.5848,76.0,0.5847,87.0,0.5851,19.0,0.5852,17.0
1753591974704,04:52:54.704,okx,ACE/USDT:USDT,0.5848,76.0,0.5847,87.0,0.5851,19.0,0.5852,17.0
1753591974804,04:52:54.804,okx,ACE/USDT:USDT,0.5848,76.0,0.5847,87.0,0.5851,19.0,0.5852,17.0
1753591975504,04:52:55.504,okx,ACE/USDT:USDT,0.5848,76.0,0.5847,87.0,0.5851,19.0,0.5852,17.0
1753591975704,04:52:55.704,okx,ACE/USDT:USDT,0.5848,76.0,0.5847,87.0,0.5851,19.0,0.5852,17.0
1753591975804,04:52:55.804,okx,ACE/USDT:USDT,0.5848,76.0,0.5847,87.0,0.5851,19.0,0.5852,17.0
1753591975904,04:52:55.904,okx,ACE/USDT:USDT,0.5848,76.0,0.5847,87.0,0.5851,19.0,0.5852,17.0
1753591976604,04:52:56.604,okx,ACE/USDT:USDT,0.5848,76.0,0.5847,87.0,0.5851,19.0,0.5852,17.0
1753591976904,04:52:56.904,okx,ACE/USDT:USDT,0.5848,76.0,0.5847,87.0,0.5851,19.0,0.5852,17.0
1753591977304,04:52:57.304,okx,ACE/USDT:USDT,0.5848,76.0,0.5847,87.0,0.5851,19.0,0.5852,17.0
1753591977804,04:52:57.804,okx,ACE/USDT:USDT,0.5848,76.0,0.5847,87.0,0.5851,19.0,0.5852,17.0
1753591977904,04:52:57.904,okx,ACE/USDT:USDT,0.5848,76.0,0.5847,87.0,0.5851,19.0,0.5852,17.0
1753591978204,04:52:58.204,okx,ACE/USDT:USDT,0.5848,76.0,0.5847,87.0,0.5851,19.0,0.5852,17.0
1753591978504,04:52:58.504,okx,ACE/USDT:USDT,0.5848,76.0,0.5847,87.0,0.5851,19.0,0.5852,17.0
1753591978804,04:52:58.804,okx,ACE/USDT:USDT,0.5848,76.0,0.5847,87.0,0.5851,19.0,0.5852,17.0
1753591978904,04:52:58.904,okx,ACE/USDT:USDT,0.5848,76.0,0.5847,87.0,0.5851,19.0,0.5852,17.0
1753591979104,04:52:59.104,okx,ACE/USDT:USDT,0.5848,76.0,0.5847,87.0,0.5851,19.0,0.5852,17.0
1753591979204,04:52:59.204,okx,ACE/USDT:USDT,0.5848,76.0,0.5847,87.0,0.5851,19.0,0.5852,17.0
1753591979404,04:52:59.404,okx,ACE/USDT:USDT,0.5847,86.0,0.5846,379.0,0.5851,19.0,0.5852,103.0
1753591979604,04:52:59.604,okx,ACE/USDT:USDT,0.5848,76.0,0.5847,249.0,0.5851,19.0,0.5852,103.0
1753591980004,04:53:00.004,okx,ACE/USDT:USDT,0.5848,76.0,0.5847,249.0,0.5851,19.0,0.5852,87.0
1753591980904,04:53:00.904,okx,ACE/USDT:USDT,0.5848,76.0,0.5847,249.0,0.5851,19.0,0.5852,87.0
1753591981104,04:53:01.104,okx,ACE/USDT:USDT,0.5848,76.0,0.5847,249.0,0.5851,19.0,0.5852,87.0
1753591981604,04:53:01.604,okx,ACE/USDT:USDT,0.5848,76.0,0.5847,86.0,0.5851,19.0,0.5852,87.0
1753591981704,04:53:01.704,okx,ACE/USDT:USDT,0.5848,76.0,0.5847,86.0,0.5851,21.0,0.5852,87.0
1753591981904,04:53:01.904,okx,ACE/USDT:USDT,0.5848,76.0,0.5847,86.0,0.5851,21.0,0.5852,87.0
1753591982004,04:53:02.004,okx,ACE/USDT:USDT,0.5848,76.0,0.5847,86.0,0.5851,21.0,0.5852,87.0
1753591982804,04:53:02.804,okx,ACE/USDT:USDT,0.5848,76.0,0.5847,86.0,0.5851,21.0,0.5852,87.0
1753591982904,04:53:02.904,okx,ACE/USDT:USDT,0.5848,76.0,0.5847,86.0,0.5851,21.0,0.5852,87.0
1753591983304,04:53:03.304,okx,ACE/USDT:USDT,0.5848,76.0,0.5847,86.0,0.5851,21.0,0.5852,87.0
1753591983404,04:53:03.404,okx,ACE/USDT:USDT,0.5848,76.0,0.5847,86.0,0.5851,21.0,0.5852,87.0
1753591983504,04:53:03.504,okx,ACE/USDT:USDT,0.5848,76.0,0.5847,86.0,0.5851,21.0,0.5852,87.0
1753591984004,04:53:04.004,okx,ACE/USDT:USDT,0.5848,76.0,0.5847,86.0,0.5851,21.0,0.5852,87.0
1753591984204,04:53:04.204,okx,ACE/USDT:USDT,0.5848,76.0,0.5847,86.0,0.5851,21.0,0.5852,87.0
1753591984304,04:53:04.304,okx,ACE/USDT:USDT,0.5848,76.0,0.5847,86.0,0.5851,21.0,0.5852,87.0
1753591984404,04:53:04.404,okx,ACE/USDT:USDT,0.5848,76.0,0.5847,86.0,0.5851,21.0,0.5852,87.0
1753591984604,04:53:04.604,okx,ACE/USDT:USDT,0.5848,76.0,0.5847,86.0,0.5851,105.0,0.5852,87.0
1753591984704,04:53:04.704,okx,ACE/USDT:USDT,0.5848,76.0,0.5847,86.0,0.5851,105.0,0.5852,87.0
1753591984904,04:53:04.904,okx,ACE/USDT:USDT,0.5848,76.0,0.5847,86.0,0.5851,105.0,0.5852,87.0
1753591985004,04:53:05.004,okx,ACE/USDT:USDT,0.5848,76.0,0.5847,86.0,0.5851,105.0,0.5852,87.0
1753591985204,04:53:05.204,okx,ACE/USDT:USDT,0.5847,86.0,0.5846,292.0,0.5851,105.0,0.5852,87.0
1753591985304,04:53:05.304,okx,ACE/USDT:USDT,0.5847,76.0,0.5846,216.0,0.5851,105.0,0.5852,87.0
1753591985404,04:53:05.404,okx,ACE/USDT:USDT,0.5847,76.0,0.5846,216.0,0.5851,105.0,0.5852,87.0
1753591986404,04:53:06.404,okx,ACE/USDT:USDT,0.5847,76.0,0.5846,216.0,0.5851,105.0,0.5852,87.0
1753591986504,04:53:06.504,okx,ACE/USDT:USDT,0.5847,76.0,0.5846,216.0,0.5851,105.0,0.5852,87.0
1753591987104,04:53:07.104,okx,ACE/USDT:USDT,0.5847,76.0,0.5846,216.0,0.5851,105.0,0.5852,87.0
1753591987204,04:53:07.204,okx,ACE/USDT:USDT,0.5847,76.0,0.5846,216.0,0.5851,105.0,0.5852,87.0
1753591987504,04:53:07.504,okx,ACE/USDT:USDT,0.5847,76.0,0.5846,216.0,0.5851,105.0,0.5852,87.0
1753591987604,04:53:07.604,okx,ACE/USDT:USDT,0.5847,76.0,0.5846,216.0,0.5851,105.0,0.5852,87.0
1753591987704,04:53:07.704,okx,ACE/USDT:USDT,0.5847,76.0,0.5846,216.0,0.5851,105.0,0.5852,87.0
1753591988204,04:53:08.204,okx,ACE/USDT:USDT,0.5847,76.0,0.5846,216.0,0.5851,105.0,0.5852,87.0
1753591988804,04:53:08.804,okx,ACE/USDT:USDT,0.5847,76.0,0.5846,216.0,0.5851,105.0,0.5852,87.0
1753591989304,04:53:09.304,okx,ACE/USDT:USDT,0.5847,76.0,0.5846,216.0,0.5851,105.0,0.5852,87.0
1753591989404,04:53:09.404,okx,ACE/USDT:USDT,0.5847,76.0,0.5846,216.0,0.5851,105.0,0.5852,87.0
1753591989904,04:53:09.904,okx,ACE/USDT:USDT,0.5847,76.0,0.5846,216.0,0.5851,105.0,0.5852,87.0
1753591990004,04:53:10.004,okx,ACE/USDT:USDT,0.5847,76.0,0.5846,216.0,0.5851,105.0,0.5852,87.0
1753591990104,04:53:10.104,okx,ACE/USDT:USDT,0.5847,76.0,0.5846,216.0,0.5851,105.0,0.5852,87.0
1753591990204,04:53:10.204,okx,ACE/USDT:USDT,0.5847,76.0,0.5846,216.0,0.5851,105.0,0.5852,87.0
1753591990304,04:53:10.304,okx,ACE/USDT:USDT,0.5847,76.0,0.5846,216.0,0.5851,105.0,0.5852,87.0
1753591990404,04:53:10.404,okx,ACE/USDT:USDT,0.5847,76.0,0.5846,216.0,0.5851,105.0,0.5852,87.0
1753591990504,04:53:10.504,okx,ACE/USDT:USDT,0.5847,76.0,0.5846,216.0,0.5851,105.0,0.5852,87.0
1753591990804,04:53:10.804,okx,ACE/USDT:USDT,0.5847,76.0,0.5846,216.0,0.5851,105.0,0.5852,87.0
1753591991004,04:53:11.004,okx,ACE/USDT:USDT,0.5847,76.0,0.5846,216.0,0.5851,105.0,0.5852,87.0
1753591991104,04:53:11.104,okx,ACE/USDT:USDT,0.5847,76.0,0.5846,216.0,0.5851,105.0,0.5852,87.0
1753591991604,04:53:11.604,okx,ACE/USDT:USDT,0.5847,76.0,0.5846,216.0,0.5851,105.0,0.5852,87.0
1753591991704,04:53:11.704,okx,ACE/USDT:USDT,0.5847,76.0,0.5846,216.0,0.5851,105.0,0.5852,87.0
1753591992004,04:53:12.004,okx,ACE/USDT:USDT,0.5846,76.0,0.5845,84.0,0.585,86.0,0.5851,105.0
1753591992104,04:53:12.104,okx,ACE/USDT:USDT,0.5846,76.0,0.5845,84.0,0.585,88.0,0.5851,103.0
1753591992304,04:53:12.304,okx,ACE/USDT:USDT,0.5846,76.0,0.5845,84.0,0.585,88.0,0.5851,103.0
1753591992404,04:53:12.404,okx,ACE/USDT:USDT,0.5846,76.0,0.5845,84.0,0.585,88.0,0.5851,103.0
1753591992604,04:53:12.604,okx,ACE/USDT:USDT,0.5846,76.0,0.5845,84.0,0.585,88.0,0.5851,103.0
1753591992804,04:53:12.804,okx,ACE/USDT:USDT,0.5844,218.0,0.5843,394.0,0.5849,86.0,0.585,90.0
1753591994104,04:53:14.104,okx,ACE/USDT:USDT,0.5847,76.0,0.5846,1.0,0.585,88.0,0.5851,119.0
1753591994504,04:53:14.504,okx,ACE/USDT:USDT,0.5847,76.0,0.5846,1.0,0.585,88.0,0.5851,119.0
1753591994604,04:53:14.604,okx,ACE/USDT:USDT,0.5847,76.0,0.5846,1.0,0.585,88.0,0.5851,119.0
1753591995404,04:53:15.404,okx,ACE/USDT:USDT,0.5847,76.0,0.5846,1.0,0.585,88.0,0.5851,119.0
1753591995704,04:53:15.704,okx,ACE/USDT:USDT,0.5847,76.0,0.5846,1.0,0.585,88.0,0.5851,119.0
1753591995804,04:53:15.804,okx,ACE/USDT:USDT,0.5847,76.0,0.5846,1.0,0.585,88.0,0.5851,119.0
1753591995904,04:53:15.904,okx,ACE/USDT:USDT,0.5847,76.0,0.5846,1.0,0.585,88.0,0.5851,119.0
1753591996104,04:53:16.104,okx,ACE/USDT:USDT,0.5847,76.0,0.5846,1.0,0.585,88.0,0.5851,119.0
1753591996204,04:53:16.204,okx,ACE/USDT:USDT,0.5847,76.0,0.5846,1.0,0.585,88.0,0.5851,119.0
1753591996304,04:53:16.304,okx,ACE/USDT:USDT,0.5847,76.0,0.5846,1.0,0.585,88.0,0.5851,119.0
1753591997204,04:53:17.204,okx,ACE/USDT:USDT,0.5847,76.0,0.5846,1.0,0.585,88.0,0.5851,119.0
1753591997304,04:53:17.304,okx,ACE/USDT:USDT,0.5847,76.0,0.5846,1.0,0.585,108.0,0.5851,100.0
1753591997704,04:53:17.704,okx,ACE/USDT:USDT,0.5847,76.0,0.5846,1.0,0.585,108.0,0.5851,100.0
1753591997804,04:53:17.804,okx,ACE/USDT:USDT,0.5847,76.0,0.5846,1.0,0.585,108.0,0.5851,100.0
1753591998304,04:53:18.304,okx,ACE/USDT:USDT,0.5847,76.0,0.5846,1.0,0.585,108.0,0.5851,100.0
1753591998404,04:53:18.404,okx,ACE/USDT:USDT,0.5847,76.0,0.5846,1.0,0.585,108.0,0.5851,100.0
1753591998604,04:53:18.604,okx,ACE/USDT:USDT,0.5847,78.0,0.5846,1.0,0.585,108.0,0.5851,100.0
1753591998804,04:53:18.804,okx,ACE/USDT:USDT,0.5847,78.0,0.5846,1.0,0.585,108.0,0.5851,100.0
1753591999204,04:53:19.204,okx,ACE/USDT:USDT,0.5847,78.0,0.5846,87.0,0.585,108.0,0.5851,100.0
1753591999404,04:53:19.404,okx,ACE/USDT:USDT,0.5847,78.0,0.5846,87.0,0.585,108.0,0.5851,100.0
1753591999504,04:53:19.504,okx,ACE/USDT:USDT,0.5847,78.0,0.5846,87.0,0.585,108.0,0.5851,100.0
1753591999604,04:53:19.604,okx,ACE/USDT:USDT,0.5847,78.0,0.5846,87.0,0.585,108.0,0.5851,100.0
1753592000504,04:53:20.504,okx,ACE/USDT:USDT,0.5847,78.0,0.5846,87.0,0.585,108.0,0.5851,100.0
1753592001104,04:53:21.104,okx,ACE/USDT:USDT,0.5847,78.0,0.5846,87.0,0.585,108.0,0.5851,100.0
1753592001604,04:53:21.604,okx,ACE/USDT:USDT,0.5847,78.0,0.5846,87.0,0.585,108.0,0.5851,100.0
1753592002204,04:53:22.204,okx,ACE/USDT:USDT,0.5847,78.0,0.5846,87.0,0.585,22.0,0.5851,100.0
1753592002704,04:53:22.704,okx,ACE/USDT:USDT,0.5847,78.0,0.5846,87.0,0.585,22.0,0.5851,100.0
1753592002804,04:53:22.804,okx,ACE/USDT:USDT,0.5847,78.0,0.5846,87.0,0.585,22.0,0.5851,100.0
1753592002904,04:53:22.904,okx,ACE/USDT:USDT,0.5847,78.0,0.5846,87.0,0.585,22.0,0.5851,100.0
1753592003204,04:53:23.204,okx,ACE/USDT:USDT,0.5847,78.0,0.5846,87.0,0.585,22.0,0.5851,100.0
1753592003704,04:53:23.704,okx,ACE/USDT:USDT,0.5847,166.0,0.5846,250.0,0.585,22.0,0.5851,16.0
1753592003804,04:53:23.804,okx,ACE/USDT:USDT,0.5847,166.0,0.5846,250.0,0.585,22.0,0.5851,16.0
1753592004504,04:53:24.504,okx,ACE/USDT:USDT,0.5847,166.0,0.5846,760.0,0.585,22.0,0.5851,16.0
1753592004604,04:53:24.604,okx,ACE/USDT:USDT,0.5847,166.0,0.5846,760.0,0.585,22.0,0.5851,16.0
1753592004804,04:53:24.804,okx,ACE/USDT:USDT,0.5848,88.0,0.5847,90.0,0.585,22.0,0.5851,16.0
1753592004904,04:53:24.904,okx,ACE/USDT:USDT,0.5848,88.0,0.5847,90.0,0.585,22.0,0.5851,16.0
1753592005004,04:53:25.004,okx,ACE/USDT:USDT,0.5848,88.0,0.5847,90.0,0.585,22.0,0.5851,16.0
1753592006204,04:53:26.204,okx,ACE/USDT:USDT,0.5847,90.0,0.5846,728.0,0.585,22.0,0.5851,16.0
1753592006604,04:53:26.604,okx,ACE/USDT:USDT,0.5847,90.0,0.5846,728.0,0.585,22.0,0.5851,16.0
1753592007104,04:53:27.104,okx,ACE/USDT:USDT,0.5847,90.0,0.5846,728.0,0.585,22.0,0.5851,16.0
1753592007304,04:53:27.304,okx,ACE/USDT:USDT,0.5847,90.0,0.5846,728.0,0.585,22.0,0.5851,16.0
1753592007404,04:53:27.404,okx,ACE/USDT:USDT,0.5847,90.0,0.5846,728.0,0.585,22.0,0.5851,16.0
1753592008204,04:53:28.204,okx,ACE/USDT:USDT,0.5847,90.0,0.5846,728.0,0.585,22.0,0.5851,16.0
1753592008304,04:53:28.304,okx,ACE/USDT:USDT,0.5847,90.0,0.5846,728.0,0.585,22.0,0.5851,16.0
1753592008904,04:53:28.904,okx,ACE/USDT:USDT,0.5847,90.0,0.5846,218.0,0.585,22.0,0.5851,16.0
1753592009004,04:53:29.004,okx,ACE/USDT:USDT,0.5847,90.0,0.5846,218.0,0.585,22.0,0.5851,16.0
1753592009204,04:53:29.204,okx,ACE/USDT:USDT,0.5847,90.0,0.5846,218.0,0.585,22.0,0.5851,16.0
1753592009304,04:53:29.304,okx,ACE/USDT:USDT,0.5847,90.0,0.5846,218.0,0.585,22.0,0.5851,16.0
1753592009604,04:53:29.604,okx,ACE/USDT:USDT,0.5847,90.0,0.5846,218.0,0.585,22.0,0.5851,16.0
1753592010104,04:53:30.104,okx,ACE/USDT:USDT,0.5847,90.0,0.5846,218.0,0.585,22.0,0.5851,16.0
1753592010204,04:53:30.204,okx,ACE/USDT:USDT,0.5847,90.0,0.5846,381.0,0.585,22.0,0.5851,16.0
1753592010304,04:53:30.304,okx,ACE/USDT:USDT,0.5848,88.0,0.5847,90.0,0.585,22.0,0.5852,203.0
1753592010704,04:53:30.704,okx,ACE/USDT:USDT,0.5848,88.0,0.5847,90.0,0.585,22.0,0.5852,203.0
1753592010804,04:53:30.804,okx,ACE/USDT:USDT,0.5848,88.0,0.5847,90.0,0.585,22.0,0.5852,203.0
1753592011204,04:53:31.204,okx,ACE/USDT:USDT,0.5848,88.0,0.5847,90.0,0.585,22.0,0.5852,203.0
1753592011404,04:53:31.404,okx,ACE/USDT:USDT,0.5848,88.0,0.5847,90.0,0.585,22.0,0.5852,203.0
1753592011504,04:53:31.504,okx,ACE/USDT:USDT,0.5848,88.0,0.5847,90.0,0.585,22.0,0.5852,203.0
1753592011804,04:53:31.804,okx,ACE/USDT:USDT,0.5848,88.0,0.5847,90.0,0.585,22.0,0.5852,203.0
1753592012404,04:53:32.404,okx,ACE/USDT:USDT,0.5848,88.0,0.5847,90.0,0.585,22.0,0.5852,203.0
1753592012504,04:53:32.504,okx,ACE/USDT:USDT,0.5848,88.0,0.5847,90.0,0.585,22.0,0.5852,203.0
1753592013304,04:53:33.304,okx,ACE/USDT:USDT,0.5848,88.0,0.5847,90.0,0.585,22.0,0.5852,203.0
1753592013404,04:53:33.404,okx,ACE/USDT:USDT,0.5848,88.0,0.5847,90.0,0.585,22.0,0.5852,203.0
1753592014204,04:53:34.204,okx,ACE/USDT:USDT,0.5848,88.0,0.5847,90.0,0.585,22.0,0.5852,203.0
1753592014704,04:53:34.704,okx,ACE/USDT:USDT,0.5848,88.0,0.5847,90.0,0.585,22.0,0.5852,203.0
1753592014804,04:53:34.804,okx,ACE/USDT:USDT,0.5848,88.0,0.5847,90.0,0.585,22.0,0.5852,203.0
1753592015404,04:53:35.404,okx,ACE/USDT:USDT,0.5848,88.0,0.5847,90.0,0.585,22.0,0.5852,203.0
1753592015504,04:53:35.504,okx,ACE/USDT:USDT,0.5848,88.0,0.5847,90.0,0.585,22.0,0.5852,203.0
1753592015804,04:53:35.804,okx,ACE/USDT:USDT,0.5848,88.0,0.5847,932.0,0.585,22.0,0.5852,203.0
1753592017404,04:53:37.404,okx,ACE/USDT:USDT,0.5848,88.0,0.5847,600.0,0.585,22.0,0.5852,203.0
1753592017504,04:53:37.504,okx,ACE/USDT:USDT,0.5848,88.0,0.5847,600.0,0.585,22.0,0.5852,203.0
1753592018304,04:53:38.304,okx,ACE/USDT:USDT,0.5848,88.0,0.5847,600.0,0.585,22.0,0.5852,203.0
1753592018604,04:53:38.604,okx,ACE/USDT:USDT,0.5848,88.0,0.5847,600.0,0.585,22.0,0.5852,203.0
1753592019404,04:53:39.404,okx,ACE/USDT:USDT,0.5848,88.0,0.5847,600.0,0.585,22.0,0.5852,203.0
1753592019704,04:53:39.704,okx,ACE/USDT:USDT,0.5848,88.0,0.5847,600.0,0.585,22.0,0.5852,203.0
1753592020204,04:53:40.204,okx,ACE/USDT:USDT,0.5848,88.0,0.5847,600.0,0.585,22.0,0.5852,203.0
1753592020304,04:53:40.304,okx,ACE/USDT:USDT,0.5848,88.0,0.5847,600.0,0.585,22.0,0.5852,203.0
1753592021304,04:53:41.304,okx,ACE/USDT:USDT,0.5848,88.0,0.5847,600.0,0.585,22.0,0.5852,203.0
1753592021504,04:53:41.504,okx,ACE/USDT:USDT,0.5849,76.0,0.5848,89.0,0.585,22.0,0.5852,77.0
1753592021604,04:53:41.604,okx,ACE/USDT:USDT,0.5848,88.0,0.5847,600.0,0.585,22.0,0.5852,77.0
1753592022104,04:53:42.104,okx,ACE/USDT:USDT,0.5848,88.0,0.5847,600.0,0.585,22.0,0.5852,77.0
1753592022204,04:53:42.204,okx,ACE/USDT:USDT,0.5848,88.0,0.5847,600.0,0.585,22.0,0.5852,77.0
1753592022604,04:53:42.604,okx,ACE/USDT:USDT,0.5848,88.0,0.5847,600.0,0.585,22.0,0.5852,77.0
1753592022704,04:53:42.704,okx,ACE/USDT:USDT,0.5848,88.0,0.5847,600.0,0.585,22.0,0.5852,77.0
1753592023804,04:53:43.804,okx,ACE/USDT:USDT,0.5848,88.0,0.5847,932.0,0.585,22.0,0.5852,77.0
1753592023904,04:53:43.904,okx,ACE/USDT:USDT,0.5848,88.0,0.5847,932.0,0.585,22.0,0.5852,77.0
1753592024104,04:53:44.104,okx,ACE/USDT:USDT,0.5848,88.0,0.5847,932.0,0.585,22.0,0.5852,77.0
1753592024304,04:53:44.304,okx,ACE/USDT:USDT,0.5848,88.0,0.5847,932.0,0.585,22.0,0.5852,77.0
1753592024504,04:53:44.504,okx,ACE/USDT:USDT,0.5848,88.0,0.5847,769.0,0.585,22.0,0.5852,208.0
1753592024604,04:53:44.604,okx,ACE/USDT:USDT,0.5848,88.0,0.5847,769.0,0.585,22.0,0.5852,77.0
1753592024704,04:53:44.704,okx,ACE/USDT:USDT,0.5848,88.0,0.5847,932.0,0.585,22.0,0.5852,77.0
1753592024804,04:53:44.804,okx,ACE/USDT:USDT,0.5848,88.0,0.5847,932.0,0.585,22.0,0.5852,77.0
1753592024904,04:53:44.904,okx,ACE/USDT:USDT,0.5848,88.0,0.5847,932.0,0.585,22.0,0.5852,77.0
1753592025104,04:53:45.104,okx,ACE/USDT:USDT,0.5848,88.0,0.5847,932.0,0.585,22.0,0.5852,77.0
1753592025504,04:53:45.504,okx,ACE/USDT:USDT,0.5848,88.0,0.5847,932.0,0.585,22.0,0.5852,77.0
1753592026104,04:53:46.104,okx,ACE/USDT:USDT,0.5848,88.0,0.5847,932.0,0.585,22.0,0.5852,77.0
1753592026204,04:53:46.204,okx,ACE/USDT:USDT,0.5848,88.0,0.5847,769.0,0.585,20.0,0.5852,77.0
1753592026304,04:53:46.304,okx,ACE/USDT:USDT,0.5848,88.0,0.5847,769.0,0.585,20.0,0.5852,77.0
1753592026504,04:53:46.504,okx,ACE/USDT:USDT,0.5848,88.0,0.5847,769.0,0.585,20.0,0.5852,77.0
1753592026604,04:53:46.604,okx,ACE/USDT:USDT,0.5848,88.0,0.5847,932.0,0.585,20.0,0.5852,77.0
1753592026704,04:53:46.704,okx,ACE/USDT:USDT,0.5848,88.0,0.5847,932.0,0.585,20.0,0.5852,77.0
1753592027604,04:53:47.604,okx,ACE/USDT:USDT,0.5848,88.0,0.5847,932.0,0.585,20.0,0.5852,77.0
1753592027904,04:53:47.904,okx,ACE/USDT:USDT,0.5848,88.0,0.5847,932.0,0.585,22.0,0.5852,77.0
1753592028004,04:53:48.004,okx,ACE/USDT:USDT,0.5848,88.0,0.5847,932.0,0.585,22.0,0.5852,77.0
1753592028404,04:53:48.404,okx,ACE/USDT:USDT,0.5848,88.0,0.5847,1101.0,0.585,22.0,0.5852,77.0
1753592028504,04:53:48.504,okx,ACE/USDT:USDT,0.5848,88.0,0.5847,1101.0,0.585,22.0,0.5852,77.0
1753592029004,04:53:49.004,okx,ACE/USDT:USDT,0.5848,88.0,0.5847,932.0,0.585,22.0,0.5852,77.0
1753592029504,04:53:49.504,okx,ACE/USDT:USDT,0.5848,92.0,0.5847,930.0,0.585,22.0,0.5852,77.0
1753592029704,04:53:49.704,okx,ACE/USDT:USDT,0.5849,85.0,0.5848,93.0,0.585,22.0,0.5852,77.0
1753592030304,04:53:50.304,okx,ACE/USDT:USDT,0.5849,85.0,0.5848,93.0,0.585,22.0,0.5852,77.0
1753592030604,04:53:50.604,okx,ACE/USDT:USDT,0.5849,85.0,0.5848,93.0,0.585,22.0,0.5852,77.0
1753592030704,04:53:50.704,okx,ACE/USDT:USDT,0.5849,85.0,0.5848,93.0,0.585,22.0,0.5852,77.0
1753592031204,04:53:51.204,okx,ACE/USDT:USDT,0.5849,85.0,0.5848,93.0,0.585,22.0,0.5852,77.0
1753592031704,04:53:51.704,okx,ACE/USDT:USDT,0.5849,85.0,0.5848,93.0,0.585,20.0,0.5852,77.0
1753592031904,04:53:51.904,okx,ACE/USDT:USDT,0.5849,85.0,0.5848,93.0,0.585,20.0,0.5852,77.0
1753592033804,04:53:53.804,okx,ACE/USDT:USDT,0.5849,85.0,0.5848,93.0,0.585,20.0,0.5852,1.0
1753592034104,04:53:54.104,okx,ACE/USDT:USDT,0.5849,85.0,0.5848,93.0,0.585,20.0,0.5852,1.0
1753592034204,04:53:54.204,okx,ACE/USDT:USDT,0.5849,85.0,0.5848,93.0,0.585,20.0,0.5852,1.0
1753592034804,04:53:54.804,okx,ACE/USDT:USDT,0.5849,85.0,0.5848,93.0,0.585,20.0,0.5852,1.0
1753592034904,04:53:54.904,okx,ACE/USDT:USDT,0.5849,85.0,0.5848,93.0,0.585,20.0,0.5852,1.0
1753592035104,04:53:55.104,okx,ACE/USDT:USDT,0.5849,85.0,0.5848,93.0,0.585,20.0,0.5852,1.0
1753592035604,04:53:55.604,okx,ACE/USDT:USDT,0.5849,85.0,0.5848,93.0,0.585,20.0,0.5852,1.0
1753592036004,04:53:56.004,okx,ACE/USDT:USDT,0.5849,85.0,0.5848,93.0,0.585,20.0,0.5852,1.0
1753592036104,04:53:56.104,okx,ACE/USDT:USDT,0.5849,85.0,0.5848,93.0,0.585,20.0,0.5852,1.0
1753592036704,04:53:56.704,okx,ACE/USDT:USDT,0.5849,85.0,0.5848,93.0,0.585,20.0,0.5852,1.0
1753592036904,04:53:56.904,okx,ACE/USDT:USDT,0.5849,85.0,0.5848,93.0,0.585,20.0,0.5852,1.0
1753592037804,04:53:57.804,okx,ACE/USDT:USDT,0.5849,85.0,0.5848,93.0,0.585,20.0,0.5852,1.0
1753592038304,04:53:58.304,okx,ACE/USDT:USDT,0.5849,85.0,0.5848,93.0,0.585,20.0,0.5852,1.0
1753592038404,04:53:58.404,okx,ACE/USDT:USDT,0.5849,85.0,0.5848,93.0,0.585,20.0,0.5852,1.0
1753592038904,04:53:58.904,okx,ACE/USDT:USDT,0.5849,85.0,0.5848,93.0,0.585,20.0,0.5852,1.0
1753592039504,04:53:59.504,okx,ACE/USDT:USDT,0.5849,85.0,0.5848,93.0,0.585,20.0,0.5852,1.0
1753592039604,04:53:59.604,okx,ACE/USDT:USDT,0.5849,85.0,0.5848,93.0,0.585,20.0,0.5852,1.0
1753592040704,04:54:00.704,okx,ACE/USDT:USDT,0.5849,85.0,0.5848,93.0,0.585,22.0,0.5852,1.0
1753592041304,04:54:01.304,okx,ACE/USDT:USDT,0.5849,85.0,0.5848,93.0,0.585,22.0,0.5852,1.0
1753592041904,04:54:01.904,okx,ACE/USDT:USDT,0.5849,85.0,0.5848,93.0,0.585,22.0,0.5852,1.0
1753592042404,04:54:02.404,okx,ACE/USDT:USDT,0.5849,85.0,0.5848,93.0,0.585,22.0,0.5852,1.0
1753592042704,04:54:02.704,okx,ACE/USDT:USDT,0.5849,85.0,0.5848,93.0,0.585,22.0,0.5852,1.0
1753592043504,04:54:03.504,okx,ACE/USDT:USDT,0.5849,85.0,0.5848,93.0,0.585,22.0,0.5852,1.0
1753592043604,04:54:03.604,okx,ACE/USDT:USDT,0.5849,85.0,0.5848,93.0,0.585,22.0,0.5852,1.0
1753592044104,04:54:04.104,okx,ACE/USDT:USDT,0.5849,85.0,0.5848,93.0,0.585,22.0,0.5852,1.0
1753592044204,04:54:04.204,okx,ACE/USDT:USDT,0.5849,85.0,0.5848,93.0,0.585,22.0,0.5852,1.0
1753592044704,04:54:04.704,okx,ACE/USDT:USDT,0.5849,85.0,0.5848,93.0,0.585,22.0,0.5852,1.0
1753592044804,04:54:04.804,okx,ACE/USDT:USDT,0.5849,85.0,0.5848,93.0,0.585,22.0,0.5852,1.0
1753592045604,04:54:05.604,okx,ACE/USDT:USDT,0.5849,85.0,0.5848,93.0,0.585,22.0,0.5852,1.0
1753592045704,04:54:05.704,okx,ACE/USDT:USDT,0.5849,85.0,0.5848,93.0,0.585,22.0,0.5852,1.0
1753592046404,04:54:06.404,okx,ACE/USDT:USDT,0.5849,85.0,0.5848,93.0,0.585,22.0,0.5852,1.0
1753592046704,04:54:06.704,okx,ACE/USDT:USDT,0.5851,842.0,0.585,88.0,0.5854,1.0,0.5855,1.0
1753592046904,04:54:06.904,okx,ACE/USDT:USDT,0.5851,842.0,0.585,88.0,0.5854,1.0,0.5855,1.0
1753592047004,04:54:07.004,okx,ACE/USDT:USDT,0.5851,842.0,0.585,88.0,0.5854,1.0,0.5855,1.0
1753592047604,04:54:07.604,okx,ACE/USDT:USDT,0.5851,673.0,0.585,88.0,0.5854,1.0,0.5855,1.0
1753592048104,04:54:08.104,okx,ACE/USDT:USDT,0.5851,673.0,0.585,88.0,0.5854,1.0,0.5855,1.0
1753592048204,04:54:08.204,okx,ACE/USDT:USDT,0.5851,673.0,0.585,88.0,0.5854,1.0,0.5855,1.0
1753592048304,04:54:08.304,okx,ACE/USDT:USDT,0.5851,673.0,0.585,88.0,0.5854,1.0,0.5855,1.0
1753592048404,04:54:08.404,okx,ACE/USDT:USDT,0.5851,673.0,0.585,88.0,0.5854,1.0,0.5855,1.0
1753592048704,04:54:08.704,okx,ACE/USDT:USDT,0.5851,673.0,0.585,88.0,0.5854,1.0,0.5855,1.0
1753592048804,04:54:08.804,okx,ACE/USDT:USDT,0.5851,673.0,0.585,88.0,0.5854,1.0,0.5855,1.0
1753592049304,04:54:09.304,okx,ACE/USDT:USDT,0.5851,673.0,0.585,88.0,0.5854,1.0,0.5855,1.0
1753592049404,04:54:09.404,okx,ACE/USDT:USDT,0.5851,673.0,0.585,88.0,0.5854,1.0,0.5855,1.0
1753592049704,04:54:09.704,okx,ACE/USDT:USDT,0.5851,673.0,0.585,88.0,0.5854,1.0,0.5855,1.0
1753592049904,04:54:09.904,okx,ACE/USDT:USDT,0.5851,673.0,0.585,88.0,0.5854,1.0,0.5855,1.0
1753592050204,04:54:10.204,okx,ACE/USDT:USDT,0.5851,673.0,0.585,88.0,0.5854,1.0,0.5855,1.0
1753592050604,04:54:10.604,okx,ACE/USDT:USDT,0.5852,86.0,0.5851,510.0,0.5854,1.0,0.5855,1.0
1753592050704,04:54:10.704,okx,ACE/USDT:USDT,0.5852,86.0,0.5851,510.0,0.5854,1.0,0.5855,1.0
1753592050804,04:54:10.804,okx,ACE/USDT:USDT,0.5852,86.0,0.5851,510.0,0.5854,1.0,0.5855,1.0
1753592050904,04:54:10.904,okx,ACE/USDT:USDT,0.5852,86.0,0.5851,510.0,0.5854,1.0,0.5855,1.0
1753592051004,04:54:11.004,okx,ACE/USDT:USDT,0.5852,86.0,0.5851,510.0,0.5854,1.0,0.5855,1.0
1753592051204,04:54:11.204,okx,ACE/USDT:USDT,0.5852,86.0,0.5851,510.0,0.5854,1.0,0.5855,1.0
1753592051604,04:54:11.604,okx,ACE/USDT:USDT,0.5851,510.0,0.585,388.0,0.5854,1.0,0.5855,1.0
1753592052004,04:54:12.004,okx,ACE/USDT:USDT,0.5851,510.0,0.585,388.0,0.5854,1.0,0.5855,1.0
1753592052204,04:54:12.204,okx,ACE/USDT:USDT,0.5851,510.0,0.585,388.0,0.5854,1.0,0.5855,1.0
1753592052504,04:54:12.504,okx,ACE/USDT:USDT,0.5851,510.0,0.585,388.0,0.5854,1.0,0.5855,1.0
1753592052804,04:54:12.804,okx,ACE/USDT:USDT,0.5851,510.0,0.585,388.0,0.5854,1.0,0.5855,1.0
1753592053104,04:54:13.104,okx,ACE/USDT:USDT,0.5851,510.0,0.585,388.0,0.5854,1.0,0.5855,1.0
1753592053704,04:54:13.704,okx,ACE/USDT:USDT,0.5851,510.0,0.585,388.0,0.5854,1.0,0.5855,1.0
1753592053804,04:54:13.804,okx,ACE/USDT:USDT,0.5851,510.0,0.585,388.0,0.5854,1.0,0.5855,1.0
1753592054204,04:54:14.204,okx,ACE/USDT:USDT,0.5851,510.0,0.585,388.0,0.5854,1.0,0.5855,1.0
1753592054604,04:54:14.604,okx,ACE/USDT:USDT,0.5851,510.0,0.585,388.0,0.5854,1.0,0.5855,1.0
1753592054804,04:54:14.804,okx,ACE/USDT:USDT,0.5851,510.0,0.585,388.0,0.5854,1.0,0.5855,1.0
1753592054904,04:54:14.904,okx,ACE/USDT:USDT,0.5851,510.0,0.585,388.0,0.5854,1.0,0.5855,1.0
1753592055304,04:54:15.304,okx,ACE/USDT:USDT,0.5851,510.0,0.585,388.0,0.5854,1.0,0.5855,1.0
1753592055404,04:54:15.404,okx,ACE/USDT:USDT,0.5851,510.0,0.585,388.0,0.5854,1.0,0.5855,1.0
1753592055504,04:54:15.504,okx,ACE/USDT:USDT,0.5851,510.0,0.585,388.0,0.5854,1.0,0.5855,1.0
1753592055704,04:54:15.704,okx,ACE/USDT:USDT,0.5851,510.0,0.585,388.0,0.5854,1.0,0.5855,1.0
1753592056304,04:54:16.304,okx,ACE/USDT:USDT,0.5851,510.0,0.585,88.0,0.5854,1.0,0.5855,1.0
1753592056604,04:54:16.604,okx,ACE/USDT:USDT,0.5849,758.0,0.5848,959.0,0.5853,84.0,0.5854,102.0
1753592056704,04:54:16.704,okx,ACE/USDT:USDT,0.585,76.0,0.5849,595.0,0.5854,101.0,0.5855,17.0
1753592056904,04:54:16.904,okx,ACE/USDT:USDT,0.5851,76.0,0.585,2.0,0.5854,101.0,0.5855,17.0
1753592057004,04:54:17.004,okx,ACE/USDT:USDT,0.5851,76.0,0.585,86.0,0.5854,101.0,0.5855,17.0
1753592057104,04:54:17.104,okx,ACE/USDT:USDT,0.5851,76.0,0.585,86.0,0.5854,116.0,0.5855,17.0
1753592057604,04:54:17.604,okx,ACE/USDT:USDT,0.5851,76.0,0.585,86.0,0.5854,116.0,0.5855,17.0
1753592057904,04:54:17.904,okx,ACE/USDT:USDT,0.5851,76.0,0.585,86.0,0.5854,116.0,0.5855,17.0
1753592058004,04:54:18.004,okx,ACE/USDT:USDT,0.5851,76.0,0.585,86.0,0.5854,116.0,0.5855,17.0
1753592058104,04:54:18.104,okx,ACE/USDT:USDT,0.5851,76.0,0.585,86.0,0.5854,101.0,0.5855,17.0
1753592058304,04:54:18.304,okx,ACE/USDT:USDT,0.5851,76.0,0.585,86.0,0.5854,101.0,0.5855,17.0
1753592058404,04:54:18.404,okx,ACE/USDT:USDT,0.5851,76.0,0.585,86.0,0.5854,101.0,0.5855,17.0
1753592058504,04:54:18.504,okx,ACE/USDT:USDT,0.5851,76.0,0.585,86.0,0.5854,101.0,0.5855,17.0
1753592058704,04:54:18.704,okx,ACE/USDT:USDT,0.5851,76.0,0.585,86.0,0.5854,101.0,0.5855,17.0
1753592059004,04:54:19.004,okx,ACE/USDT:USDT,0.5851,76.0,0.585,86.0,0.5854,101.0,0.5855,17.0
1753592059104,04:54:19.104,okx,ACE/USDT:USDT,0.5851,76.0,0.585,86.0,0.5854,101.0,0.5855,17.0
1753592059704,04:54:19.704,okx,ACE/USDT:USDT,0.5851,76.0,0.585,86.0,0.5854,101.0,0.5855,17.0
1753592060204,04:54:20.204,okx,ACE/USDT:USDT,0.5851,76.0,0.585,86.0,0.5854,101.0,0.5855,17.0
1753592060404,04:54:20.404,okx,ACE/USDT:USDT,0.5851,76.0,0.585,86.0,0.5854,106.0,0.5855,17.0
1753592060504,04:54:20.504,okx,ACE/USDT:USDT,0.5851,76.0,0.585,86.0,0.5854,106.0,0.5855,17.0
1753592060604,04:54:20.604,okx,ACE/USDT:USDT,0.5851,76.0,0.585,86.0,0.5854,106.0,0.5855,17.0
1753592060704,04:54:20.704,okx,ACE/USDT:USDT,0.5851,76.0,0.585,86.0,0.5854,106.0,0.5855,17.0
1753592060904,04:54:20.904,okx,ACE/USDT:USDT,0.5851,76.0,0.585,86.0,0.5854,106.0,0.5855,17.0
1753592061104,04:54:21.104,okx,ACE/USDT:USDT,0.5851,76.0,0.585,86.0,0.5854,121.0,0.5855,17.0
1753592061304,04:54:21.304,okx,ACE/USDT:USDT,0.5851,76.0,0.585,86.0,0.5854,121.0,0.5855,17.0
1753592061404,04:54:21.404,okx,ACE/USDT:USDT,0.5851,76.0,0.585,86.0,0.5854,121.0,0.5855,17.0
1753592061904,04:54:21.904,okx,ACE/USDT:USDT,0.5851,76.0,0.585,86.0,0.5854,121.0,0.5855,17.0
1753592062004,04:54:22.004,okx,ACE/USDT:USDT,0.5851,76.0,0.585,86.0,0.5854,121.0,0.5855,17.0
1753592062104,04:54:22.104,okx,ACE/USDT:USDT,0.5851,76.0,0.585,86.0,0.5854,121.0,0.5855,17.0
1753592062504,04:54:22.504,okx,ACE/USDT:USDT,0.5851,76.0,0.585,86.0,0.5854,121.0,0.5855,17.0
1753592062604,04:54:22.604,okx,ACE/USDT:USDT,0.5851,76.0,0.585,86.0,0.5854,121.0,0.5855,17.0
1753592063704,04:54:23.704,okx,ACE/USDT:USDT,0.5851,76.0,0.585,86.0,0.5854,121.0,0.5855,17.0
1753592064104,04:54:24.104,okx,ACE/USDT:USDT,0.5851,76.0,0.585,86.0,0.5854,121.0,0.5855,17.0
1753592064304,04:54:24.304,okx,ACE/USDT:USDT,0.5851,76.0,0.585,86.0,0.5854,121.0,0.5855,17.0
1753592064804,04:54:24.804,okx,ACE/USDT:USDT,0.5851,76.0,0.585,86.0,0.5854,121.0,0.5855,17.0
1753592064904,04:54:24.904,okx,ACE/USDT:USDT,0.5851,76.0,0.585,86.0,0.5854,121.0,0.5855,17.0
1753592065404,04:54:25.404,okx,ACE/USDT:USDT,0.5851,76.0,0.585,86.0,0.5854,106.0,0.5855,17.0
1753592066004,04:54:26.004,okx,ACE/USDT:USDT,0.5851,76.0,0.585,86.0,0.5854,22.0,0.5855,17.0
1753592066104,04:54:26.104,okx,ACE/USDT:USDT,0.5851,76.0,0.585,86.0,0.5854,22.0,0.5855,17.0
1753592066404,04:54:26.404,okx,ACE/USDT:USDT,0.5851,76.0,0.585,86.0,0.5854,22.0,0.5855,17.0
1753592066504,04:54:26.504,okx,ACE/USDT:USDT,0.5851,76.0,0.585,86.0,0.5854,22.0,0.5855,17.0
1753592066804,04:54:26.804,okx,ACE/USDT:USDT,0.5851,76.0,0.585,86.0,0.5854,22.0,0.5855,17.0
1753592067004,04:54:27.004,okx,ACE/USDT:USDT,0.5851,76.0,0.585,86.0,0.5854,22.0,0.5855,17.0
1753592067604,04:54:27.604,okx,ACE/USDT:USDT,0.5851,76.0,0.585,86.0,0.5854,22.0,0.5855,17.0
1753592067904,04:54:27.904,okx,ACE/USDT:USDT,0.5851,76.0,0.585,86.0,0.5854,22.0,0.5855,17.0
1753592068104,04:54:28.104,okx,ACE/USDT:USDT,0.5851,76.0,0.585,86.0,0.5854,22.0,0.5855,17.0
1753592068704,04:54:28.704,okx,ACE/USDT:USDT,0.5851,76.0,0.585,86.0,0.5854,22.0,0.5855,17.0
1753592068804,04:54:28.804,okx,ACE/USDT:USDT,0.5851,76.0,0.585,86.0,0.5854,22.0,0.5855,17.0
1753592068904,04:54:28.904,okx,ACE/USDT:USDT,0.5851,76.0,0.585,86.0,0.5854,22.0,0.5855,17.0
1753592069804,04:54:29.804,okx,ACE/USDT:USDT,0.5851,76.0,0.585,86.0,0.5854,22.0,0.5855,17.0
1753592069904,04:54:29.904,okx,ACE/USDT:USDT,0.5851,76.0,0.585,86.0,0.5854,22.0,0.5855,17.0
1753592070104,04:54:30.104,okx,ACE/USDT:USDT,0.5851,76.0,0.585,86.0,0.5854,22.0,0.5855,17.0
1753592070404,04:54:30.404,okx,ACE/USDT:USDT,0.5851,76.0,0.585,86.0,0.5854,22.0,0.5855,17.0
1753592070504,04:54:30.504,okx,ACE/USDT:USDT,0.5851,76.0,0.585,86.0,0.5854,22.0,0.5855,17.0
1753592071104,04:54:31.104,okx,ACE/USDT:USDT,0.5851,76.0,0.585,86.0,0.5854,22.0,0.5855,17.0
1753592071704,04:54:31.704,okx,ACE/USDT:USDT,0.5851,76.0,0.585,86.0,0.5854,22.0,0.5855,17.0
1753592072304,04:54:32.304,okx,ACE/USDT:USDT,0.5851,76.0,0.585,86.0,0.5854,22.0,0.5855,17.0
1753592072804,04:54:32.804,okx,ACE/USDT:USDT,0.5851,76.0,0.585,86.0,0.5854,22.0,0.5855,17.0
1753592072904,04:54:32.904,okx,ACE/USDT:USDT,0.5851,76.0,0.585,86.0,0.5854,22.0,0.5855,17.0
1753592073304,04:54:33.304,okx,ACE/USDT:USDT,0.5851,76.0,0.585,86.0,0.5854,22.0,0.5855,17.0
1753592073904,04:54:33.904,okx,ACE/USDT:USDT,0.5851,76.0,0.585,86.0,0.5854,22.0,0.5855,17.0
1753592074004,04:54:34.004,okx,ACE/USDT:USDT,0.5851,76.0,0.585,86.0,0.5854,22.0,0.5855,17.0
1753592074404,04:54:34.404,okx,ACE/USDT:USDT,0.5851,76.0,0.585,86.0,0.5854,22.0,0.5855,17.0
1753592074604,04:54:34.604,okx,ACE/USDT:USDT,0.5849,85.0,0.5848,393.0,0.5854,107.0,0.5855,17.0
1753592074704,04:54:34.704,okx,ACE/USDT:USDT,0.5849,85.0,0.5848,393.0,0.5854,107.0,0.5855,17.0
1753592074804,04:54:34.804,okx,ACE/USDT:USDT,0.5849,85.0,0.5848,393.0,0.5854,107.0,0.5855,17.0
1753592075104,04:54:35.104,okx,ACE/USDT:USDT,0.5849,85.0,0.5848,393.0,0.5854,122.0,0.5855,17.0
1753592075204,04:54:35.204,okx,ACE/USDT:USDT,0.5849,85.0,0.5848,393.0,0.5854,122.0,0.5855,17.0
1753592075304,04:54:35.304,okx,ACE/USDT:USDT,0.5849,85.0,0.5848,393.0,0.5854,122.0,0.5855,17.0
1753592075404,04:54:35.404,okx,ACE/USDT:USDT,0.5849,85.0,0.5848,393.0,0.5854,122.0,0.5855,17.0
1753592075504,04:54:35.504,okx,ACE/USDT:USDT,0.5849,85.0,0.5848,393.0,0.5854,122.0,0.5855,17.0
1753592075604,04:54:35.604,okx,ACE/USDT:USDT,0.5849,85.0,0.5848,393.0,0.5854,122.0,0.5855,17.0
1753592075704,04:54:35.704,okx,ACE/USDT:USDT,0.5849,85.0,0.5848,393.0,0.5854,122.0,0.5855,17.0
1753592075804,04:54:35.804,okx,ACE/USDT:USDT,0.5849,85.0,0.5848,393.0,0.5854,122.0,0.5855,17.0
1753592075904,04:54:35.904,okx,ACE/USDT:USDT,0.5849,85.0,0.5848,393.0,0.5854,122.0,0.5855,17.0
1753592076104,04:54:36.104,okx,ACE/USDT:USDT,0.5849,85.0,0.5848,393.0,0.5854,122.0,0.5855,17.0
1753592076604,04:54:36.604,okx,ACE/USDT:USDT,0.5848,262.0,0.5847,315.0,0.5853,85.0,0.5854,123.0
1753592077504,04:54:37.504,okx,ACE/USDT:USDT,0.5848,80.0,0.5847,89.0,0.5852,85.0,0.5853,101.0
1753592077904,04:54:37.904,okx,ACE/USDT:USDT,0.5848,80.0,0.5847,89.0,0.5852,85.0,0.5853,101.0
1753592078204,04:54:38.204,okx,ACE/USDT:USDT,0.5848,80.0,0.5847,89.0,0.5852,85.0,0.5853,86.0
1753592078304,04:54:38.304,okx,ACE/USDT:USDT,0.5848,80.0,0.5847,89.0,0.5852,85.0,0.5853,86.0
1753592078404,04:54:38.404,okx,ACE/USDT:USDT,0.5848,80.0,0.5847,89.0,0.5852,85.0,0.5853,86.0
1753592078704,04:54:38.704,okx,ACE/USDT:USDT,0.5848,80.0,0.5847,89.0,0.5852,85.0,0.5853,86.0
1753592078804,04:54:38.804,okx,ACE/USDT:USDT,0.5848,80.0,0.5847,89.0,0.5852,85.0,0.5853,86.0
1753592078904,04:54:38.904,okx,ACE/USDT:USDT,0.5848,80.0,0.5847,89.0,0.5852,85.0,0.5853,86.0
1753592079004,04:54:39.004,okx,ACE/USDT:USDT,0.5848,80.0,0.5847,89.0,0.5852,85.0,0.5853,86.0
1753592079404,04:54:39.404,okx,ACE/USDT:USDT,0.5848,80.0,0.5847,89.0,0.5852,85.0,0.5853,86.0
1753592079704,04:54:39.704,okx,ACE/USDT:USDT,0.5848,80.0,0.5847,89.0,0.5852,85.0,0.5853,86.0
1753592079904,04:54:39.904,okx,ACE/USDT:USDT,0.5848,80.0,0.5847,89.0,0.5852,85.0,0.5853,86.0
1753592080004,04:54:40.004,okx,ACE/USDT:USDT,0.5848,80.0,0.5847,89.0,0.5852,85.0,0.5853,86.0
1753592081104,04:54:41.104,okx,ACE/USDT:USDT,0.5848,80.0,0.5847,1.0,0.5851,85.0,0.5852,101.0
1753592081204,04:54:41.204,okx,ACE/USDT:USDT,0.5848,80.0,0.5847,1.0,0.5851,85.0,0.5852,101.0
1753592081604,04:54:41.604,okx,ACE/USDT:USDT,0.5848,80.0,0.5847,1.0,0.5851,85.0,0.5852,101.0
1753592081704,04:54:41.704,okx,ACE/USDT:USDT,0.5848,80.0,0.5847,1.0,0.5851,85.0,0.5852,101.0
1753592082204,04:54:42.204,okx,ACE/USDT:USDT,0.5848,80.0,0.5847,1.0,0.5851,85.0,0.5852,86.0
1753592083904,04:54:43.904,okx,ACE/USDT:USDT,0.5848,4.0,0.5847,1.0,0.5851,85.0,0.5852,86.0
1753592084404,04:54:44.404,okx,ACE/USDT:USDT,0.5848,4.0,0.5847,1.0,0.5851,85.0,0.5852,86.0
1753592084504,04:54:44.504,okx,ACE/USDT:USDT,0.5848,4.0,0.5847,1.0,0.5851,85.0,0.5852,86.0
1753592084904,04:54:44.904,okx,ACE/USDT:USDT,0.5848,4.0,0.5847,1.0,0.5851,85.0,0.5852,86.0
1753592085004,04:54:45.004,okx,ACE/USDT:USDT,0.5848,4.0,0.5847,1.0,0.5851,85.0,0.5852,86.0
1753592085104,04:54:45.104,okx,ACE/USDT:USDT,0.5848,4.0,0.5847,1.0,0.5851,85.0,0.5852,86.0
1753592085704,04:54:45.704,okx,ACE/USDT:USDT,0.5848,4.0,0.5847,1.0,0.5851,85.0,0.5852,86.0
1753592086104,04:54:46.104,okx,ACE/USDT:USDT,0.5848,4.0,0.5847,1.0,0.5851,85.0,0.5852,86.0
1753592086204,04:54:46.204,okx,ACE/USDT:USDT,0.5848,4.0,0.5847,1.0,0.5851,85.0,0.5852,86.0
1753592086504,04:54:46.504,okx,ACE/USDT:USDT,0.5848,4.0,0.5847,1.0,0.5851,85.0,0.5852,86.0
1753592086604,04:54:46.604,okx,ACE/USDT:USDT,0.5848,4.0,0.5847,1.0,0.5851,85.0,0.5852,86.0
1753592087104,04:54:47.104,okx,ACE/USDT:USDT,0.5848,4.0,0.5847,1.0,0.5851,85.0,0.5852,86.0
1753592087404,04:54:47.404,okx,ACE/USDT:USDT,0.5848,80.0,0.5847,86.0,0.5851,85.0,0.5852,86.0
1753592087504,04:54:47.504,okx,ACE/USDT:USDT,0.5848,80.0,0.5847,86.0,0.5851,85.0,0.5852,86.0
1753592087804,04:54:47.804,okx,ACE/USDT:USDT,0.5848,80.0,0.5847,86.0,0.5851,85.0,0.5852,86.0
1753592087904,04:54:47.904,okx,ACE/USDT:USDT,0.5848,80.0,0.5847,86.0,0.5851,85.0,0.5852,86.0
1753592088004,04:54:48.004,okx,ACE/USDT:USDT,0.5848,80.0,0.5847,86.0,0.5851,85.0,0.5852,86.0
1753592088304,04:54:48.304,okx,ACE/USDT:USDT,0.5848,80.0,0.5847,86.0,0.5851,85.0,0.5852,86.0
1753592088404,04:54:48.404,okx,ACE/USDT:USDT,0.5848,80.0,0.5847,86.0,0.5851,85.0,0.5852,86.0
1753592088604,04:54:48.604,okx,ACE/USDT:USDT,0.5848,4.0,0.5847,86.0,0.5851,85.0,0.5852,86.0
1753592088704,04:54:48.704,okx,ACE/USDT:USDT,0.5848,4.0,0.5847,86.0,0.5851,85.0,0.5852,86.0
1753592089304,04:54:49.304,okx,ACE/USDT:USDT,0.5848,4.0,0.5847,86.0,0.5851,85.0,0.5852,86.0
1753592089404,04:54:49.404,okx,ACE/USDT:USDT,0.5848,4.0,0.5847,86.0,0.5851,85.0,0.5852,86.0
1753592089604,04:54:49.604,okx,ACE/USDT:USDT,0.5848,4.0,0.5847,86.0,0.5851,85.0,0.5852,86.0
1753592089904,04:54:49.904,okx,ACE/USDT:USDT,0.5848,4.0,0.5847,86.0,0.5851,85.0,0.5852,86.0
1753592090104,04:54:50.104,okx,ACE/USDT:USDT,0.5848,4.0,0.5847,86.0,0.5851,85.0,0.5852,86.0
1753592090204,04:54:50.204,okx,ACE/USDT:USDT,0.5848,4.0,0.5847,86.0,0.5851,85.0,0.5852,86.0
1753592090304,04:54:50.304,okx,ACE/USDT:USDT,0.5848,4.0,0.5847,86.0,0.5851,85.0,0.5852,86.0
1753592090404,04:54:50.404,okx,ACE/USDT:USDT,0.5848,4.0,0.5847,86.0,0.5851,85.0,0.5852,86.0
1753592090504,04:54:50.504,okx,ACE/USDT:USDT,0.5848,4.0,0.5847,86.0,0.5851,85.0,0.5852,86.0
1753592090604,04:54:50.604,okx,ACE/USDT:USDT,0.5848,4.0,0.5847,86.0,0.5851,85.0,0.5852,86.0
1753592090804,04:54:50.804,okx,ACE/USDT:USDT,0.5848,4.0,0.5847,86.0,0.5851,85.0,0.5852,86.0
1753592091204,04:54:51.204,okx,ACE/USDT:USDT,0.5848,4.0,0.5847,86.0,0.5851,85.0,0.5852,86.0
1753592091404,04:54:51.404,okx,ACE/USDT:USDT,0.5848,4.0,0.5847,86.0,0.5851,85.0,0.5852,86.0
1753592091504,04:54:51.504,okx,ACE/USDT:USDT,0.5848,4.0,0.5847,86.0,0.5851,85.0,0.5852,86.0
1753592092504,04:54:52.504,okx,ACE/USDT:USDT,0.5848,4.0,0.5847,86.0,0.5851,85.0,0.5852,86.0
1753592093804,04:54:53.804,okx,ACE/USDT:USDT,0.5848,4.0,0.5847,86.0,0.5851,85.0,0.5852,86.0
1753592094304,04:54:54.304,okx,ACE/USDT:USDT,0.5848,4.0,0.5847,86.0,0.5851,85.0,0.5852,86.0
1753592094704,04:54:54.704,okx,ACE/USDT:USDT,0.5848,4.0,0.5847,86.0,0.5851,85.0,0.5852,86.0
1753592094804,04:54:54.804,okx,ACE/USDT:USDT,0.5848,4.0,0.5847,86.0,0.5851,85.0,0.5852,86.0
1753592095104,04:54:55.104,okx,ACE/USDT:USDT,0.5848,4.0,0.5847,86.0,0.5851,85.0,0.5852,86.0
1753592095204,04:54:55.204,okx,ACE/USDT:USDT,0.5848,4.0,0.5847,86.0,0.5851,85.0,0.5852,86.0
1753592095404,04:54:55.404,okx,ACE/USDT:USDT,0.5848,4.0,0.5847,86.0,0.5851,85.0,0.5852,86.0
1753592095604,04:54:55.604,okx,ACE/USDT:USDT,0.5848,4.0,0.5847,86.0,0.5851,85.0,0.5852,86.0
1753592095804,04:54:55.804,okx,ACE/USDT:USDT,0.5848,4.0,0.5847,86.0,0.5851,85.0,0.5852,86.0
1753592095904,04:54:55.904,okx,ACE/USDT:USDT,0.5848,4.0,0.5847,86.0,0.5851,85.0,0.5852,86.0
1753592096404,04:54:56.404,okx,ACE/USDT:USDT,0.5848,4.0,0.5847,86.0,0.5851,85.0,0.5852,86.0
1753592097004,04:54:57.004,okx,ACE/USDT:USDT,0.5848,4.0,0.5847,86.0,0.5851,85.0,0.5852,86.0
1753592097204,04:54:57.204,okx,ACE/USDT:USDT,0.5848,4.0,0.5847,86.0,0.5851,85.0,0.5852,86.0
1753592097904,04:54:57.904,okx,ACE/USDT:USDT,0.5848,4.0,0.5847,86.0,0.5851,85.0,0.5852,86.0
1753592098304,04:54:58.304,okx,ACE/USDT:USDT,0.5848,4.0,0.5847,86.0,0.5851,85.0,0.5852,86.0
1753592098404,04:54:58.404,okx,ACE/USDT:USDT,0.5848,4.0,0.5847,86.0,0.5851,85.0,0.5852,86.0
1753592098704,04:54:58.704,okx,ACE/USDT:USDT,0.5848,4.0,0.5847,86.0,0.5851,85.0,0.5852,86.0
1753592098804,04:54:58.804,okx,ACE/USDT:USDT,0.5848,4.0,0.5847,86.0,0.5851,85.0,0.5852,86.0
1753592099004,04:54:59.004,okx,ACE/USDT:USDT,0.5848,80.0,0.5847,86.0,0.5852,85.0,0.5853,102.0
1753592099104,04:54:59.104,okx,ACE/USDT:USDT,0.5849,76.0,0.5848,5.0,0.5852,85.0,0.5853,101.0
1753592099704,04:54:59.704,okx,ACE/USDT:USDT,0.5849,76.0,0.5848,5.0,0.5852,85.0,0.5853,101.0
1753592099804,04:54:59.804,okx,ACE/USDT:USDT,0.5849,76.0,0.5848,5.0,0.5852,85.0,0.5853,101.0
1753592099904,04:54:59.904,okx,ACE/USDT:USDT,0.5849,76.0,0.5848,5.0,0.5852,85.0,0.5853,101.0
1753592100404,04:55:00.404,okx,ACE/USDT:USDT,0.5849,76.0,0.5848,89.0,0.5852,85.0,0.5853,85.0
1753592100504,04:55:00.504,okx,ACE/USDT:USDT,0.5849,76.0,0.5848,89.0,0.5853,85.0,0.5854,261.0
1753592100604,04:55:00.604,okx,ACE/USDT:USDT,0.5849,76.0,0.5848,89.0,0.5853,85.0,0.5854,261.0
1753592101804,04:55:01.804,okx,ACE/USDT:USDT,0.585,76.0,0.5848,236.0,0.5853,86.0,0.5854,91.0
1753592102004,04:55:02.004,okx,ACE/USDT:USDT,0.585,76.0,0.5848,236.0,0.5853,86.0,0.5854,91.0
1753592102504,04:55:02.504,okx,ACE/USDT:USDT,0.585,76.0,0.5848,236.0,0.5853,86.0,0.5854,91.0
1753592102604,04:55:02.604,okx,ACE/USDT:USDT,0.585,76.0,0.5848,236.0,0.5853,86.0,0.5854,91.0
1753592102704,04:55:02.704,okx,ACE/USDT:USDT,0.5848,4.0,0.5847,248.0,0.5852,102.0,0.5853,272.0
1753592102904,04:55:02.904,okx,ACE/USDT:USDT,0.5848,4.0,0.5847,85.0,0.5852,102.0,0.5853,272.0
1753592103204,04:55:03.204,okx,ACE/USDT:USDT,0.5848,4.0,0.5847,85.0,0.5852,102.0,0.5853,272.0
1753592103804,04:55:03.804,okx,ACE/USDT:USDT,0.5848,80.0,0.5847,85.0,0.5852,102.0,0.5853,102.0
1753592103904,04:55:03.904,okx,ACE/USDT:USDT,0.5848,80.0,0.5847,85.0,0.5852,102.0,0.5853,102.0
1753592104004,04:55:04.004,okx,ACE/USDT:USDT,0.5848,80.0,0.5847,85.0,0.5852,102.0,0.5853,102.0
1753592104804,04:55:04.804,okx,ACE/USDT:USDT,0.5848,80.0,0.5847,85.0,0.5852,102.0,0.5853,102.0
1753592105004,04:55:05.004,okx,ACE/USDT:USDT,0.5848,221.0,0.5847,101.0,0.5853,86.0,0.5854,91.0
1753592105204,04:55:05.204,okx,ACE/USDT:USDT,0.5849,76.0,0.5848,91.0,0.5853,86.0,0.5854,91.0
1753592105304,04:55:05.304,okx,ACE/USDT:USDT,0.5849,76.0,0.5848,91.0,0.5853,86.0,0.5854,91.0
1753592105604,04:55:05.604,okx,ACE/USDT:USDT,0.5849,76.0,0.5848,91.0,0.5853,86.0,0.5854,91.0
1753592106104,04:55:06.104,okx,ACE/USDT:USDT,0.5849,76.0,0.5848,91.0,0.5853,86.0,0.5854,91.0
1753592106304,04:55:06.304,okx,ACE/USDT:USDT,0.5849,76.0,0.5848,91.0,0.5853,86.0,0.5854,91.0
1753592106404,04:55:06.404,okx,ACE/USDT:USDT,0.5849,76.0,0.5848,91.0,0.5853,86.0,0.5854,91.0
1753592106504,04:55:06.504,okx,ACE/USDT:USDT,0.5849,76.0,0.5848,91.0,0.5853,86.0,0.5854,91.0
1753592106704,04:55:06.704,okx,ACE/USDT:USDT,0.5849,76.0,0.5848,91.0,0.5853,86.0,0.5854,91.0
1753592106804,04:55:06.804,okx,ACE/USDT:USDT,0.5849,76.0,0.5848,91.0,0.5853,86.0,0.5854,91.0
1753592106904,04:55:06.904,okx,ACE/USDT:USDT,0.5849,76.0,0.5848,91.0,0.5853,86.0,0.5854,91.0
1753592107204,04:55:07.204,okx,ACE/USDT:USDT,0.5849,76.0,0.5848,91.0,0.5853,86.0,0.5854,91.0
1753592107404,04:55:07.404,okx,ACE/USDT:USDT,0.5849,76.0,0.5848,91.0,0.5853,86.0,0.5854,91.0
1753592107604,04:55:07.604,okx,ACE/USDT:USDT,0.5849,76.0,0.5848,91.0,0.5853,86.0,0.5854,91.0
1753592107704,04:55:07.704,okx,ACE/USDT:USDT,0.5849,76.0,0.5848,91.0,0.5852,86.0,0.5853,86.0
1753592107804,04:55:07.804,okx,ACE/USDT:USDT,0.5849,76.0,0.5848,91.0,0.5852,86.0,0.5853,86.0
1753592107904,04:55:07.904,okx,ACE/USDT:USDT,0.5849,76.0,0.5848,91.0,0.5852,86.0,0.5853,86.0
1753592108404,04:55:08.404,okx,ACE/USDT:USDT,0.5849,76.0,0.5848,91.0,0.5852,86.0,0.5853,86.0
1753592108604,04:55:08.604,okx,ACE/USDT:USDT,0.5849,76.0,0.5848,91.0,0.5852,86.0,0.5853,86.0
1753592108804,04:55:08.804,okx,ACE/USDT:USDT,0.5849,76.0,0.5848,91.0,0.5852,86.0,0.5853,86.0
1753592108904,04:55:08.904,okx,ACE/USDT:USDT,0.5849,76.0,0.5848,91.0,0.5852,86.0,0.5853,86.0
1753592109004,04:55:09.004,okx,ACE/USDT:USDT,0.5849,76.0,0.5848,91.0,0.5852,86.0,0.5853,86.0
1753592109104,04:55:09.104,okx,ACE/USDT:USDT,0.5849,76.0,0.5848,91.0,0.5852,86.0,0.5853,86.0
1753592109404,04:55:09.404,okx,ACE/USDT:USDT,0.5849,76.0,0.5848,91.0,0.5852,86.0,0.5853,86.0
1753592109504,04:55:09.504,okx,ACE/USDT:USDT,0.5849,76.0,0.5848,91.0,0.5852,86.0,0.5853,86.0
1753592109704,04:55:09.704,okx,ACE/USDT:USDT,0.5849,76.0,0.5848,91.0,0.5852,86.0,0.5853,86.0
1753592110104,04:55:10.104,okx,ACE/USDT:USDT,0.5848,90.0,0.5847,85.0,0.5852,86.0,0.5853,86.0
1753592110404,04:55:10.404,okx,ACE/USDT:USDT,0.5848,90.0,0.5847,85.0,0.5852,86.0,0.5853,86.0
1753592110704,04:55:10.704,okx,ACE/USDT:USDT,0.5848,90.0,0.5847,85.0,0.5852,86.0,0.5853,86.0
1753592110804,04:55:10.804,okx,ACE/USDT:USDT,0.5848,90.0,0.5847,85.0,0.5852,86.0,0.5853,86.0
1753592110904,04:55:10.904,okx,ACE/USDT:USDT,0.5848,90.0,0.5847,85.0,0.5852,86.0,0.5853,86.0
1753592111004,04:55:11.004,okx,ACE/USDT:USDT,0.5848,90.0,0.5847,85.0,0.5852,86.0,0.5853,86.0
1753592111304,04:55:11.304,okx,ACE/USDT:USDT,0.5848,90.0,0.5847,85.0,0.5852,86.0,0.5853,86.0
1753592111404,04:55:11.404,okx,ACE/USDT:USDT,0.5848,90.0,0.5847,85.0,0.5852,86.0,0.5853,86.0
1753592111904,04:55:11.904,okx,ACE/USDT:USDT,0.5848,90.0,0.5847,85.0,0.5852,86.0,0.5853,86.0
1753592112004,04:55:12.004,okx,ACE/USDT:USDT,0.5848,90.0,0.5847,85.0,0.5852,86.0,0.5853,86.0
1753592112304,04:55:12.304,okx,ACE/USDT:USDT,0.5848,90.0,0.5847,85.0,0.5852,86.0,0.5853,86.0
1753592112404,04:55:12.404,okx,ACE/USDT:USDT,0.5848,90.0,0.5847,85.0,0.5852,86.0,0.5853,86.0
1753592112504,04:55:12.504,okx,ACE/USDT:USDT,0.5848,90.0,0.5847,85.0,0.5852,86.0,0.5853,86.0
1753592112804,04:55:12.804,okx,ACE/USDT:USDT,0.5848,90.0,0.5847,85.0,0.5852,86.0,0.5853,86.0
1753592113704,04:55:13.704,okx,ACE/USDT:USDT,0.5848,4.0,0.5847,85.0,0.5852,86.0,0.5853,86.0
1753592114104,04:55:14.104,okx,ACE/USDT:USDT,0.5848,4.0,0.5847,85.0,0.5852,86.0,0.5853,86.0
1753592114304,04:55:14.304,okx,ACE/USDT:USDT,0.5848,4.0,0.5847,85.0,0.5852,86.0,0.5853,86.0
1753592114504,04:55:14.504,okx,ACE/USDT:USDT,0.5848,4.0,0.5847,85.0,0.5852,86.0,0.5853,86.0
1753592114704,04:55:14.704,okx,ACE/USDT:USDT,0.5848,4.0,0.5847,85.0,0.5852,86.0,0.5853,86.0
1753592115104,04:55:15.104,okx,ACE/USDT:USDT,0.5848,4.0,0.5847,85.0,0.5852,86.0,0.5853,86.0
1753592115204,04:55:15.204,okx,ACE/USDT:USDT,0.5848,4.0,0.5847,85.0,0.5852,86.0,0.5853,86.0
1753592115504,04:55:15.504,okx,ACE/USDT:USDT,0.5848,4.0,0.5847,85.0,0.5852,86.0,0.5853,86.0
1753592115604,04:55:15.604,okx,ACE/USDT:USDT,0.5848,4.0,0.5847,85.0,0.5852,86.0,0.5853,86.0
1753592115704,04:55:15.704,okx,ACE/USDT:USDT,0.5848,4.0,0.5847,85.0,0.5852,86.0,0.5853,86.0
1753592115804,04:55:15.804,okx,ACE/USDT:USDT,0.5848,4.0,0.5847,85.0,0.5852,86.0,0.5853,86.0
1753592115904,04:55:15.904,okx,ACE/USDT:USDT,0.5848,4.0,0.5847,85.0,0.5852,86.0,0.5853,86.0
1753592116004,04:55:16.004,okx,ACE/USDT:USDT,0.5848,4.0,0.5847,85.0,0.5852,86.0,0.5853,86.0
1753592116104,04:55:16.104,okx,ACE/USDT:USDT,0.5848,4.0,0.5847,85.0,0.5852,86.0,0.5853,86.0
1753592116204,04:55:16.204,okx,ACE/USDT:USDT,0.5848,4.0,0.5847,85.0,0.5852,86.0,0.5853,86.0
1753592116504,04:55:16.504,okx,ACE/USDT:USDT,0.5848,4.0,0.5847,85.0,0.5852,86.0,0.5853,86.0
1753592116804,04:55:16.804,okx,ACE/USDT:USDT,0.5848,4.0,0.5847,85.0,0.5852,86.0,0.5853,86.0
1753592117004,04:55:17.004,okx,ACE/USDT:USDT,0.5848,80.0,0.5847,85.0,0.5852,86.0,0.5853,86.0
1753592117104,04:55:17.104,okx,ACE/USDT:USDT,0.5848,80.0,0.5847,85.0,0.5852,86.0,0.5853,86.0
1753592117504,04:55:17.504,okx,ACE/USDT:USDT,0.5848,80.0,0.5847,85.0,0.5852,86.0,0.5853,86.0
1753592117704,04:55:17.704,okx,ACE/USDT:USDT,0.5848,80.0,0.5847,85.0,0.5852,86.0,0.5853,86.0
1753592118104,04:55:18.104,okx,ACE/USDT:USDT,0.5848,80.0,0.5847,85.0,0.5852,86.0,0.5853,86.0
1753592118204,04:55:18.204,okx,ACE/USDT:USDT,0.5848,80.0,0.5847,85.0,0.5852,86.0,0.5853,86.0
1753592118404,04:55:18.404,okx,ACE/USDT:USDT,0.5848,80.0,0.5847,85.0,0.5852,109.0,0.5853,86.0
1753592118704,04:55:18.704,okx,ACE/USDT:USDT,0.5848,80.0,0.5847,85.0,0.5852,109.0,0.5853,86.0
1753592118804,04:55:18.804,okx,ACE/USDT:USDT,0.5848,80.0,0.5847,85.0,0.5852,109.0,0.5853,86.0
1753592119304,04:55:19.304,okx,ACE/USDT:USDT,0.5848,80.0,0.5847,85.0,0.5852,109.0,0.5853,86.0
1753592119404,04:55:19.404,okx,ACE/USDT:USDT,0.5848,80.0,0.5847,85.0,0.5852,109.0,0.5853,86.0
1753592119504,04:55:19.504,okx,ACE/USDT:USDT,0.5848,80.0,0.5847,85.0,0.5852,109.0,0.5853,86.0
1753592119904,04:55:19.904,okx,ACE/USDT:USDT,0.5848,80.0,0.5847,85.0,0.5852,109.0,0.5853,86.0
1753592120104,04:55:20.104,okx,ACE/USDT:USDT,0.5848,80.0,0.5847,85.0,0.5852,109.0,0.5853,86.0
1753592120404,04:55:20.404,okx,ACE/USDT:USDT,0.5848,80.0,0.5847,85.0,0.5852,109.0,0.5853,86.0
1753592120504,04:55:20.504,okx,ACE/USDT:USDT,0.5848,80.0,0.5847,85.0,0.5852,109.0,0.5853,86.0
1753592122104,04:55:22.104,okx,ACE/USDT:USDT,0.5848,81.0,0.5847,85.0,0.5852,109.0,0.5853,86.0
1753592122804,04:55:22.804,okx,ACE/USDT:USDT,0.5848,5.0,0.5846,294.0,0.5851,87.0,0.5852,110.0
1753592124504,04:55:24.504,okx,ACE/USDT:USDT,0.5848,5.0,0.5846,294.0,0.5851,87.0,0.5852,126.0
1753592124604,04:55:24.604,okx,ACE/USDT:USDT,0.5848,5.0,0.5846,294.0,0.5851,87.0,0.5852,126.0
1753592125204,04:55:25.204,okx,ACE/USDT:USDT,0.5848,5.0,0.5846,294.0,0.5851,87.0,0.5852,126.0
1753592126004,04:55:26.004,okx,ACE/USDT:USDT,0.5848,81.0,0.5847,87.0,0.5851,87.0,0.5852,110.0
1753592126204,04:55:26.204,okx,ACE/USDT:USDT,0.5848,5.0,0.5847,87.0,0.5851,87.0,0.5852,110.0
1753592126304,04:55:26.304,okx,ACE/USDT:USDT,0.5848,5.0,0.5847,87.0,0.5851,87.0,0.5852,110.0
1753592126404,04:55:26.404,okx,ACE/USDT:USDT,0.5848,5.0,0.5847,87.0,0.5851,87.0,0.5852,110.0
1753592126504,04:55:26.504,okx,ACE/USDT:USDT,0.5848,5.0,0.5847,87.0,0.5851,87.0,0.5852,110.0
1753592126704,04:55:26.704,okx,ACE/USDT:USDT,0.5848,5.0,0.5847,87.0,0.5851,87.0,0.5852,110.0
1753592127304,04:55:27.304,okx,ACE/USDT:USDT,0.5848,5.0,0.5847,87.0,0.5851,87.0,0.5852,110.0
1753592127404,04:55:27.404,okx,ACE/USDT:USDT,0.5848,5.0,0.5847,87.0,0.5851,87.0,0.5852,110.0
1753592127804,04:55:27.804,okx,ACE/USDT:USDT,0.5848,5.0,0.5847,87.0,0.5851,87.0,0.5852,110.0
1753592128404,04:55:28.404,okx,ACE/USDT:USDT,0.5848,5.0,0.5847,87.0,0.5851,87.0,0.5852,110.0
1753592128604,04:55:28.604,okx,ACE/USDT:USDT,0.5848,5.0,0.5847,87.0,0.5851,87.0,0.5852,110.0
1753592128904,04:55:28.904,okx,ACE/USDT:USDT,0.5848,5.0,0.5847,87.0,0.5851,87.0,0.5852,110.0
1753592129004,04:55:29.004,okx,ACE/USDT:USDT,0.5848,5.0,0.5847,87.0,0.5851,87.0,0.5852,110.0
1753592129104,04:55:29.104,okx,ACE/USDT:USDT,0.5848,5.0,0.5847,87.0,0.5851,87.0,0.5852,110.0
1753592129504,04:55:29.504,okx,ACE/USDT:USDT,0.5848,5.0,0.5847,87.0,0.5851,87.0,0.5852,110.0
1753592129604,04:55:29.604,okx,ACE/USDT:USDT,0.5848,5.0,0.5847,87.0,0.5851,87.0,0.5852,110.0
1753592129904,04:55:29.904,okx,ACE/USDT:USDT,0.5848,5.0,0.5847,87.0,0.5851,87.0,0.5852,110.0
1753592130104,04:55:30.104,okx,ACE/USDT:USDT,0.5848,5.0,0.5847,87.0,0.5851,87.0,0.5852,110.0
1753592130204,04:55:30.204,okx,ACE/USDT:USDT,0.5848,5.0,0.5847,87.0,0.5851,87.0,0.5852,110.0
1753592130404,04:55:30.404,okx,ACE/USDT:USDT,0.5848,5.0,0.5847,87.0,0.5851,87.0,0.5852,110.0
1753592130704,04:55:30.704,okx,ACE/USDT:USDT,0.5848,5.0,0.5847,87.0,0.5851,87.0,0.5852,110.0
1753592130804,04:55:30.804,okx,ACE/USDT:USDT,0.5848,5.0,0.5847,87.0,0.5851,87.0,0.5852,110.0
1753592130904,04:55:30.904,okx,ACE/USDT:USDT,0.5848,5.0,0.5847,87.0,0.5851,87.0,0.5852,110.0
1753592131204,04:55:31.204,okx,ACE/USDT:USDT,0.5848,5.0,0.5847,87.0,0.5851,87.0,0.5852,110.0
1753592131704,04:55:31.704,okx,ACE/USDT:USDT,0.5848,5.0,0.5847,87.0,0.5851,87.0,0.5852,110.0
1753592131804,04:55:31.804,okx,ACE/USDT:USDT,0.5848,5.0,0.5847,87.0,0.5851,87.0,0.5852,110.0
1753592132304,04:55:32.304,okx,ACE/USDT:USDT,0.5848,5.0,0.5847,87.0,0.5851,87.0,0.5852,110.0
1753592132404,04:55:32.404,okx,ACE/USDT:USDT,0.5848,5.0,0.5847,87.0,0.5851,87.0,0.5852,110.0
1753592132904,04:55:32.904,okx,ACE/USDT:USDT,0.5848,5.0,0.5847,87.0,0.5851,87.0,0.5852,110.0
1753592133004,04:55:33.004,okx,ACE/USDT:USDT,0.5848,5.0,0.5847,87.0,0.5851,87.0,0.5852,110.0
1753592133404,04:55:33.404,okx,ACE/USDT:USDT,0.5848,5.0,0.5847,87.0,0.5851,87.0,0.5852,110.0
1753592133504,04:55:33.504,okx,ACE/USDT:USDT,0.5848,5.0,0.5847,87.0,0.5851,87.0,0.5852,110.0
1753592134504,04:55:34.504,okx,ACE/USDT:USDT,0.5848,5.0,0.5847,87.0,0.5851,87.0,0.5852,110.0
1753592134604,04:55:34.604,okx,ACE/USDT:USDT,0.5848,5.0,0.5847,87.0,0.5851,87.0,0.5852,110.0
1753592135104,04:55:35.104,okx,ACE/USDT:USDT,0.5848,5.0,0.5847,87.0,0.5851,87.0,0.5852,110.0
1753592135704,04:55:35.704,okx,ACE/USDT:USDT,0.5848,5.0,0.5847,87.0,0.5851,87.0,0.5852,110.0
1753592136204,04:55:36.204,okx,ACE/USDT:USDT,0.5848,5.0,0.5846,294.0,0.5851,87.0,0.5852,110.0
1753592136804,04:55:36.804,okx,ACE/USDT:USDT,0.5848,5.0,0.5846,294.0,0.5851,87.0,0.5852,110.0
1753592137304,04:55:37.304,okx,ACE/USDT:USDT,0.5848,5.0,0.5846,294.0,0.5851,87.0,0.5852,110.0
1753592138004,04:55:38.004,okx,ACE/USDT:USDT,0.5848,5.0,0.5846,294.0,0.5851,87.0,0.5852,110.0
1753592138504,04:55:38.504,okx,ACE/USDT:USDT,0.5848,5.0,0.5846,294.0,0.5851,87.0,0.5852,110.0
1753592138604,04:55:38.604,okx,ACE/USDT:USDT,0.5848,5.0,0.5846,294.0,0.5851,87.0,0.5852,110.0
1753592139204,04:55:39.204,okx,ACE/USDT:USDT,0.5848,5.0,0.5846,294.0,0.5851,87.0,0.5852,110.0
1753592139604,04:55:39.604,okx,ACE/USDT:USDT,0.5848,5.0,0.5846,294.0,0.5851,87.0,0.5852,110.0
1753592139704,04:55:39.704,okx,ACE/USDT:USDT,0.5848,5.0,0.5846,294.0,0.5851,87.0,0.5852,110.0
1753592139804,04:55:39.804,okx,ACE/USDT:USDT,0.5848,5.0,0.5846,294.0,0.5851,87.0,0.5852,110.0
1753592140204,04:55:40.204,okx,ACE/USDT:USDT,0.5848,5.0,0.5846,208.0,0.5851,87.0,0.5852,110.0
1753592140704,04:55:40.704,okx,ACE/USDT:USDT,0.5848,5.0,0.5846,208.0,0.5851,87.0,0.5852,110.0
1753592140804,04:55:40.804,okx,ACE/USDT:USDT,0.5848,5.0,0.5846,208.0,0.5851,87.0,0.5852,110.0
1753592140904,04:55:40.904,okx,ACE/USDT:USDT,0.5848,5.0,0.5846,208.0,0.5851,87.0,0.5852,110.0
1753592141004,04:55:41.004,okx,ACE/USDT:USDT,0.5848,5.0,0.5846,208.0,0.5851,87.0,0.5852,110.0
1753592141104,04:55:41.104,okx,ACE/USDT:USDT,0.5848,5.0,0.5846,208.0,0.5851,87.0,0.5852,110.0
1753592141804,04:55:41.804,okx,ACE/USDT:USDT,0.5848,5.0,0.5846,208.0,0.5851,87.0,0.5852,110.0
1753592142104,04:55:42.104,okx,ACE/USDT:USDT,0.5848,5.0,0.5846,208.0,0.5851,87.0,0.5852,110.0
1753592142204,04:55:42.204,okx,ACE/USDT:USDT,0.5848,5.0,0.5846,208.0,0.5851,87.0,0.5852,110.0
1753592142904,04:55:42.904,okx,ACE/USDT:USDT,0.5848,5.0,0.5846,208.0,0.5851,87.0,0.5852,110.0
1753592143504,04:55:43.504,okx,ACE/USDT:USDT,0.5848,5.0,0.5846,208.0,0.5851,87.0,0.5852,110.0
1753592144204,04:55:44.204,okx,ACE/USDT:USDT,0.5848,5.0,0.5846,208.0,0.5851,87.0,0.5852,110.0
1753592144704,04:55:44.704,okx,ACE/USDT:USDT,0.5848,5.0,0.5846,208.0,0.5851,87.0,0.5852,110.0
1753592144804,04:55:44.804,okx,ACE/USDT:USDT,0.5848,5.0,0.5846,208.0,0.5851,87.0,0.5852,110.0
1753592145404,04:55:45.404,okx,ACE/USDT:USDT,0.5848,5.0,0.5846,208.0,0.5851,87.0,0.5852,110.0
1753592145904,04:55:45.904,okx,ACE/USDT:USDT,0.5848,5.0,0.5846,208.0,0.5851,87.0,0.5852,110.0
1753592146004,04:55:46.004,okx,ACE/USDT:USDT,0.5848,5.0,0.5846,208.0,0.5851,87.0,0.5852,110.0
1753592146504,04:55:46.504,okx,ACE/USDT:USDT,0.5848,5.0,0.5846,208.0,0.5851,87.0,0.5852,110.0
1753592146604,04:55:46.604,okx,ACE/USDT:USDT,0.5848,5.0,0.5846,208.0,0.5851,87.0,0.5852,110.0
1753592146804,04:55:46.804,okx,ACE/USDT:USDT,0.5848,5.0,0.5846,208.0,0.5851,87.0,0.5852,110.0
1753592147404,04:55:47.404,okx,ACE/USDT:USDT,0.5848,5.0,0.5846,208.0,0.5851,87.0,0.5852,110.0
1753592147604,04:55:47.604,okx,ACE/USDT:USDT,0.5848,5.0,0.5846,208.0,0.5851,87.0,0.5852,110.0
1753592147704,04:55:47.704,okx,ACE/USDT:USDT,0.5848,5.0,0.5846,208.0,0.5851,87.0,0.5852,110.0
1753592148104,04:55:48.104,okx,ACE/USDT:USDT,0.5848,5.0,0.5846,208.0,0.5851,87.0,0.5852,110.0
1753592148304,04:55:48.304,okx,ACE/USDT:USDT,0.5848,5.0,0.5846,208.0,0.5851,87.0,0.5852,110.0
1753592148504,04:55:48.504,okx,ACE/USDT:USDT,0.5848,5.0,0.5846,208.0,0.5851,87.0,0.5852,110.0
1753592148904,04:55:48.904,okx,ACE/USDT:USDT,0.5848,5.0,0.5846,208.0,0.5851,87.0,0.5852,110.0
1753592149404,04:55:49.404,okx,ACE/USDT:USDT,0.5848,5.0,0.5846,208.0,0.5851,87.0,0.5852,110.0
1753592150004,04:55:50.004,okx,ACE/USDT:USDT,0.5848,5.0,0.5846,208.0,0.5851,87.0,0.5852,110.0
1753592150104,04:55:50.104,okx,ACE/USDT:USDT,0.5848,5.0,0.5846,208.0,0.5851,87.0,0.5852,110.0
1753592150604,04:55:50.604,okx,ACE/USDT:USDT,0.5848,5.0,0.5846,208.0,0.5851,87.0,0.5852,110.0
1753592150704,04:55:50.704,okx,ACE/USDT:USDT,0.5848,5.0,0.5846,208.0,0.5851,87.0,0.5852,110.0
1753592151204,04:55:51.204,okx,ACE/USDT:USDT,0.5848,5.0,0.5846,208.0,0.5851,87.0,0.5852,110.0
1753592151604,04:55:51.604,okx,ACE/USDT:USDT,0.5848,81.0,0.5846,208.0,0.5851,87.0,0.5852,110.0
1753592151704,04:55:51.704,okx,ACE/USDT:USDT,0.5848,81.0,0.5846,208.0,0.5851,87.0,0.5852,110.0
1753592151804,04:55:51.804,okx,ACE/USDT:USDT,0.5848,81.0,0.5846,208.0,0.5851,87.0,0.5852,110.0
1753592152004,04:55:52.004,okx,ACE/USDT:USDT,0.5848,81.0,0.5846,208.0,0.5851,87.0,0.5852,110.0
1753592152304,04:55:52.304,okx,ACE/USDT:USDT,0.5848,81.0,0.5846,208.0,0.5851,87.0,0.5852,110.0
1753592152404,04:55:52.404,okx,ACE/USDT:USDT,0.5848,81.0,0.5846,208.0,0.5851,87.0,0.5852,110.0
1753592152904,04:55:52.904,okx,ACE/USDT:USDT,0.5848,81.0,0.5846,208.0,0.5851,87.0,0.5852,110.0
1753592153004,04:55:53.004,okx,ACE/USDT:USDT,0.5848,81.0,0.5846,208.0,0.5851,87.0,0.5852,110.0
1753592153304,04:55:53.304,okx,ACE/USDT:USDT,0.5848,81.0,0.5847,86.0,0.5851,87.0,0.5852,110.0
1753592153404,04:55:53.404,okx,ACE/USDT:USDT,0.5848,81.0,0.5847,86.0,0.5851,87.0,0.5852,110.0
1753592153504,04:55:53.504,okx,ACE/USDT:USDT,0.5848,81.0,0.5847,86.0,0.5851,87.0,0.5852,110.0
1753592153604,04:55:53.604,okx,ACE/USDT:USDT,0.5848,81.0,0.5847,86.0,0.5851,87.0,0.5852,110.0
1753592153804,04:55:53.804,okx,ACE/USDT:USDT,0.5848,81.0,0.5847,86.0,0.5851,87.0,0.5852,110.0
1753592153904,04:55:53.904,okx,ACE/USDT:USDT,0.5848,81.0,0.5847,86.0,0.5851,87.0,0.5852,110.0
1753592154104,04:55:54.104,okx,ACE/USDT:USDT,0.5848,81.0,0.5847,86.0,0.5851,87.0,0.5852,110.0
1753592154204,04:55:54.204,okx,ACE/USDT:USDT,0.5848,81.0,0.5847,86.0,0.5851,87.0,0.5852,110.0
1753592154804,04:55:54.804,okx,ACE/USDT:USDT,0.5848,81.0,0.5847,86.0,0.5851,87.0,0.5852,110.0
1753592155204,04:55:55.204,okx,ACE/USDT:USDT,0.5848,81.0,0.5847,86.0,0.5851,87.0,0.5852,110.0
1753592156204,04:55:56.204,okx,ACE/USDT:USDT,0.5849,86.0,0.5848,6.0,0.5852,23.0,0.5853,87.0
1753592156304,04:55:56.304,okx,ACE/USDT:USDT,0.5849,86.0,0.5848,6.0,0.5852,23.0,0.5853,87.0
1753592156904,04:55:56.904,okx,ACE/USDT:USDT,0.585,76.0,0.5849,103.0,0.5852,23.0,0.5853,2.0
1753592157404,04:55:57.404,okx,ACE/USDT:USDT,0.585,76.0,0.5849,103.0,0.5852,23.0,0.5853,2.0
1753592157504,04:55:57.504,okx,ACE/USDT:USDT,0.585,76.0,0.5849,103.0,0.5852,23.0,0.5853,2.0
1753592157904,04:55:57.904,okx,ACE/USDT:USDT,0.585,76.0,0.5849,103.0,0.5852,23.0,0.5853,2.0
1753592158104,04:55:58.104,okx,ACE/USDT:USDT,0.585,76.0,0.5849,103.0,0.5852,23.0,0.5853,2.0
1753592158504,04:55:58.504,okx,ACE/USDT:USDT,0.585,162.0,0.5849,266.0,0.5852,23.0,0.5853,2.0
1753592158904,04:55:58.904,okx,ACE/USDT:USDT,0.585,162.0,0.5849,266.0,0.5852,23.0,0.5853,2.0
1753592159404,04:55:59.404,okx,ACE/USDT:USDT,0.585,162.0,0.5849,250.0,0.5852,23.0,0.5853,2.0
1753592160004,04:56:00.004,okx,ACE/USDT:USDT,0.585,162.0,0.5849,250.0,0.5852,23.0,0.5853,1.0
1753592160104,04:56:00.104,okx,ACE/USDT:USDT,0.585,162.0,0.5849,250.0,0.5852,23.0,0.5853,1.0
1753592160404,04:56:00.404,okx,ACE/USDT:USDT,0.585,162.0,0.5849,250.0,0.5852,23.0,0.5853,1.0
1753592160504,04:56:00.504,okx,ACE/USDT:USDT,0.585,162.0,0.5849,250.0,0.5852,23.0,0.5853,1.0
1753592160704,04:56:00.704,okx,ACE/USDT:USDT,0.585,162.0,0.5849,250.0,0.5852,23.0,0.5853,1.0
1753592160804,04:56:00.804,okx,ACE/USDT:USDT,0.585,162.0,0.5849,250.0,0.5852,23.0,0.5853,1.0
1753592160904,04:56:00.904,okx,ACE/USDT:USDT,0.585,162.0,0.5849,250.0,0.5852,23.0,0.5853,2.0
1753592161404,04:56:01.404,okx,ACE/USDT:USDT,0.585,162.0,0.5849,250.0,0.5852,26.0,0.5853,2.0
1753592161504,04:56:01.504,okx,ACE/USDT:USDT,0.585,162.0,0.5849,250.0,0.5852,26.0,0.5853,2.0
1753592161904,04:56:01.904,okx,ACE/USDT:USDT,0.5851,85.0,0.585,162.0,0.5852,26.0,0.5853,2.0
1753592162704,04:56:02.704,okx,ACE/USDT:USDT,0.5851,85.0,0.585,88.0,0.5852,26.0,0.5853,2.0
1753592163304,04:56:03.304,okx,ACE/USDT:USDT,0.5851,85.0,0.585,88.0,0.5852,26.0,0.5853,2.0
1753592163404,04:56:03.404,okx,ACE/USDT:USDT,0.5851,85.0,0.585,88.0,0.5852,26.0,0.5853,2.0
1753592163504,04:56:03.504,okx,ACE/USDT:USDT,0.5851,85.0,0.585,88.0,0.5852,26.0,0.5853,2.0
1753592163904,04:56:03.904,okx,ACE/USDT:USDT,0.5851,85.0,0.585,88.0,0.5852,26.0,0.5853,2.0
1753592164504,04:56:04.504,okx,ACE/USDT:USDT,0.5851,85.0,0.585,88.0,0.5852,26.0,0.5853,2.0
1753592165004,04:56:05.004,okx,ACE/USDT:USDT,0.5851,85.0,0.585,88.0,0.5852,26.0,0.5853,2.0
1753592167804,04:56:07.804,okx,ACE/USDT:USDT,0.5851,85.0,0.585,88.0,0.5852,26.0,0.5853,2.0
1753592168004,04:56:08.004,okx,ACE/USDT:USDT,0.5851,85.0,0.585,88.0,0.5852,26.0,0.5853,2.0
1753592168104,04:56:08.104,okx,ACE/USDT:USDT,0.5851,85.0,0.585,88.0,0.5852,26.0,0.5853,2.0
1753592168504,04:56:08.504,okx,ACE/USDT:USDT,0.5851,85.0,0.585,88.0,0.5852,26.0,0.5853,2.0
1753592168804,04:56:08.804,okx,ACE/USDT:USDT,0.5851,85.0,0.585,88.0,0.5852,26.0,0.5853,2.0
1753592168904,04:56:08.904,okx,ACE/USDT:USDT,0.5851,85.0,0.585,88.0,0.5852,26.0,0.5853,2.0
1753592169104,04:56:09.104,okx,ACE/USDT:USDT,0.5851,85.0,0.585,88.0,0.5852,26.0,0.5853,2.0
1753592169204,04:56:09.204,okx,ACE/USDT:USDT,0.5851,85.0,0.585,88.0,0.5852,26.0,0.5853,2.0
1753592169404,04:56:09.404,okx,ACE/USDT:USDT,0.5851,85.0,0.585,88.0,0.5852,26.0,0.5853,2.0
1753592169904,04:56:09.904,okx,ACE/USDT:USDT,0.5851,85.0,0.585,88.0,0.5852,26.0,0.5853,2.0
1753592170304,04:56:10.304,okx,ACE/USDT:USDT,0.5851,85.0,0.585,88.0,0.5852,26.0,0.5853,2.0
1753592170704,04:56:10.704,okx,ACE/USDT:USDT,0.5851,85.0,0.585,88.0,0.5852,26.0,0.5853,2.0
1753592171004,04:56:11.004,okx,ACE/USDT:USDT,0.5851,85.0,0.585,88.0,0.5852,26.0,0.5853,2.0
1753592171104,04:56:11.104,okx,ACE/USDT:USDT,0.5851,85.0,0.585,88.0,0.5852,26.0,0.5853,2.0
1753592171604,04:56:11.604,okx,ACE/USDT:USDT,0.5851,85.0,0.585,88.0,0.5852,26.0,0.5853,2.0
1753592171804,04:56:11.804,okx,ACE/USDT:USDT,0.5851,85.0,0.585,88.0,0.5852,26.0,0.5853,2.0
1753592172004,04:56:12.004,okx,ACE/USDT:USDT,0.5851,85.0,0.585,88.0,0.5852,26.0,0.5853,2.0
1753592172304,04:56:12.304,okx,ACE/USDT:USDT,0.5851,85.0,0.585,88.0,0.5852,26.0,0.5853,2.0
1753592172404,04:56:12.404,okx,ACE/USDT:USDT,0.5851,85.0,0.585,88.0,0.5852,26.0,0.5853,2.0
1753592172804,04:56:12.804,okx,ACE/USDT:USDT,0.5851,85.0,0.585,88.0,0.5852,26.0,0.5853,2.0
1753592173304,04:56:13.304,okx,ACE/USDT:USDT,0.5851,85.0,0.585,88.0,0.5852,26.0,0.5853,2.0
1753592173404,04:56:13.404,okx,ACE/USDT:USDT,0.5851,85.0,0.585,88.0,0.5852,26.0,0.5853,2.0
1753592174404,04:56:14.404,okx,ACE/USDT:USDT,0.5851,85.0,0.585,88.0,0.5852,26.0,0.5853,2.0
1753592175304,04:56:15.304,okx,ACE/USDT:USDT,0.5851,85.0,0.585,88.0,0.5852,26.0,0.5853,2.0
1753592175704,04:56:15.704,okx,ACE/USDT:USDT,0.5851,85.0,0.585,88.0,0.5852,26.0,0.5853,2.0
1753592175804,04:56:15.804,okx,ACE/USDT:USDT,0.5851,85.0,0.585,88.0,0.5852,26.0,0.5853,2.0
1753592176304,04:56:16.304,okx,ACE/USDT:USDT,0.5851,85.0,0.585,88.0,0.5852,26.0,0.5853,2.0
1753592176404,04:56:16.404,okx,ACE/USDT:USDT,0.5851,85.0,0.585,88.0,0.5852,26.0,0.5853,2.0
1753592176604,04:56:16.604,okx,ACE/USDT:USDT,0.5851,85.0,0.585,88.0,0.5852,26.0,0.5853,2.0
1753592177504,04:56:17.504,okx,ACE/USDT:USDT,0.5851,85.0,0.585,88.0,0.5852,26.0,0.5853,2.0
1753592177604,04:56:17.604,okx,ACE/USDT:USDT,0.5851,85.0,0.585,88.0,0.5852,26.0,0.5853,2.0
1753592178204,04:56:18.204,okx,ACE/USDT:USDT,0.5851,85.0,0.585,88.0,0.5852,26.0,0.5853,2.0
1753592178804,04:56:18.804,okx,ACE/USDT:USDT,0.5851,85.0,0.585,88.0,0.5852,26.0,0.5853,2.0
1753592179404,04:56:19.404,okx,ACE/USDT:USDT,0.5851,85.0,0.585,88.0,0.5852,26.0,0.5853,2.0
1753592179704,04:56:19.704,okx,ACE/USDT:USDT,0.5851,85.0,0.585,88.0,0.5852,26.0,0.5853,2.0
1753592179904,04:56:19.904,okx,ACE/USDT:USDT,0.5851,85.0,0.585,88.0,0.5852,26.0,0.5853,2.0
1753592181204,04:56:21.204,okx,ACE/USDT:USDT,0.5851,85.0,0.585,88.0,0.5852,29.0,0.5853,2.0
1753592181804,04:56:21.804,okx,ACE/USDT:USDT,0.5851,85.0,0.585,88.0,0.5852,29.0,0.5853,2.0
1753592182204,04:56:22.204,okx,ACE/USDT:USDT,0.5851,85.0,0.585,88.0,0.5852,29.0,0.5853,2.0
1753592182304,04:56:22.304,okx,ACE/USDT:USDT,0.5851,85.0,0.585,88.0,0.5852,29.0,0.5853,2.0
1753592182704,04:56:22.704,okx,ACE/USDT:USDT,0.5851,85.0,0.585,88.0,0.5852,29.0,0.5853,2.0
1753592182804,04:56:22.804,okx,ACE/USDT:USDT,0.5851,85.0,0.585,88.0,0.5852,29.0,0.5853,2.0
1753592183904,04:56:23.904,okx,ACE/USDT:USDT,0.5851,85.0,0.585,88.0,0.5852,29.0,0.5853,2.0
1753592185104,04:56:25.104,okx,ACE/USDT:USDT,0.5851,85.0,0.585,88.0,0.5852,29.0,0.5853,2.0
1753592185204,04:56:25.204,okx,ACE/USDT:USDT,0.5851,85.0,0.585,88.0,0.5852,29.0,0.5853,2.0
1753592186204,04:56:26.204,okx,ACE/USDT:USDT,0.5851,85.0,0.585,88.0,0.5852,29.0,0.5853,2.0
1753592186704,04:56:26.704,okx,ACE/USDT:USDT,0.5851,85.0,0.585,88.0,0.5852,29.0,0.5853,2.0
1753592187004,04:56:27.004,okx,ACE/USDT:USDT,0.5851,85.0,0.585,88.0,0.5852,29.0,0.5853,2.0
1753592187304,04:56:27.304,okx,ACE/USDT:USDT,0.5851,85.0,0.585,88.0,0.5852,29.0,0.5853,2.0
1753592187404,04:56:27.404,okx,ACE/USDT:USDT,0.5851,85.0,0.585,88.0,0.5852,29.0,0.5853,2.0
1753592187504,04:56:27.504,okx,ACE/USDT:USDT,0.5851,85.0,0.585,88.0,0.5852,29.0,0.5853,2.0
1753592187604,04:56:27.604,okx,ACE/USDT:USDT,0.5851,85.0,0.585,88.0,0.5852,29.0,0.5853,2.0
1753592187804,04:56:27.804,okx,ACE/USDT:USDT,0.5851,85.0,0.585,88.0,0.5852,29.0,0.5853,2.0
1753592188004,04:56:28.004,okx,ACE/USDT:USDT,0.5851,85.0,0.585,88.0,0.5852,29.0,0.5853,2.0
1753592188204,04:56:28.204,okx,ACE/USDT:USDT,0.5851,85.0,0.585,88.0,0.5852,29.0,0.5853,2.0
1753592188604,04:56:28.604,okx,ACE/USDT:USDT,0.5851,85.0,0.585,88.0,0.5852,29.0,0.5853,2.0
1753592188704,04:56:28.704,okx,ACE/USDT:USDT,0.5851,85.0,0.585,88.0,0.5852,29.0,0.5853,2.0
1753592189204,04:56:29.204,okx,ACE/USDT:USDT,0.5851,85.0,0.585,88.0,0.5852,29.0,0.5853,2.0
1753592189804,04:56:29.804,okx,ACE/USDT:USDT,0.5851,85.0,0.585,88.0,0.5852,29.0,0.5853,2.0
1753592189904,04:56:29.904,okx,ACE/USDT:USDT,0.5851,85.0,0.585,88.0,0.5852,29.0,0.5853,2.0
1753592190304,04:56:30.304,okx,ACE/USDT:USDT,0.5851,85.0,0.585,88.0,0.5852,29.0,0.5853,2.0
1753592190404,04:56:30.404,okx,ACE/USDT:USDT,0.5851,85.0,0.585,88.0,0.5852,29.0,0.5853,2.0
1753592190604,04:56:30.604,okx,ACE/USDT:USDT,0.5851,85.0,0.585,88.0,0.5852,29.0,0.5853,2.0
1753592190904,04:56:30.904,okx,ACE/USDT:USDT,0.5851,85.0,0.585,88.0,0.5852,29.0,0.5853,2.0
1753592191004,04:56:31.004,okx,ACE/USDT:USDT,0.5851,85.0,0.585,88.0,0.5852,29.0,0.5853,2.0
1753592191104,04:56:31.104,okx,ACE/USDT:USDT,0.5851,85.0,0.585,88.0,0.5852,29.0,0.5853,2.0
1753592192604,04:56:32.604,okx,ACE/USDT:USDT,0.5851,85.0,0.585,88.0,0.5852,29.0,0.5853,2.0
1753592192704,04:56:32.704,okx,ACE/USDT:USDT,0.5851,85.0,0.585,88.0,0.5852,29.0,0.5853,2.0
1753592193704,04:56:33.704,okx,ACE/USDT:USDT,0.5851,85.0,0.585,88.0,0.5852,29.0,0.5853,2.0
1753592194304,04:56:34.304,okx,ACE/USDT:USDT,0.5851,85.0,0.585,88.0,0.5852,29.0,0.5853,2.0
1753592194904,04:56:34.904,okx,ACE/USDT:USDT,0.5851,85.0,0.585,88.0,0.5852,29.0,0.5853,2.0
1753592195404,04:56:35.404,okx,ACE/USDT:USDT,0.5851,85.0,0.585,88.0,0.5852,29.0,0.5853,2.0
1753592195504,04:56:35.504,okx,ACE/USDT:USDT,0.5851,85.0,0.585,88.0,0.5852,29.0,0.5853,2.0
1753592196604,04:56:36.604,okx,ACE/USDT:USDT,0.5851,85.0,0.585,88.0,0.5852,29.0,0.5853,2.0
1753592197304,04:56:37.304,okx,ACE/USDT:USDT,0.5851,85.0,0.585,88.0,0.5852,29.0,0.5853,2.0
1753592197704,04:56:37.704,okx,ACE/USDT:USDT,0.5852,86.0,0.5851,310.0,0.5857,217.0,0.5858,86.0
1753592197904,04:56:37.904,okx,ACE/USDT:USDT,0.5852,86.0,0.5851,103.0,0.5857,217.0,0.5858,87.0
1753592198104,04:56:38.104,okx,ACE/USDT:USDT,0.5852,86.0,0.5851,103.0,0.5857,232.0,0.5858,87.0
1753592198204,04:56:38.204,okx,ACE/USDT:USDT,0.5852,86.0,0.5851,103.0,0.5857,232.0,0.5858,87.0
1753592198304,04:56:38.304,okx,ACE/USDT:USDT,0.5853,86.0,0.5852,597.0,0.5857,232.0,0.5858,87.0
1753592198704,04:56:38.704,okx,ACE/USDT:USDT,0.5853,86.0,0.5852,87.0,0.5857,101.0,0.5858,87.0
1753592199504,04:56:39.504,okx,ACE/USDT:USDT,0.5854,86.0,0.5853,249.0,0.5857,15.0,0.5858,87.0
1753592199604,04:56:39.604,okx,ACE/USDT:USDT,0.5853,249.0,0.5852,218.0,0.5857,15.0,0.5858,87.0
1753592199704,04:56:39.704,okx,ACE/USDT:USDT,0.5853,249.0,0.5852,218.0,0.5857,15.0,0.5858,87.0
1753592199904,04:56:39.904,okx,ACE/USDT:USDT,0.5853,249.0,0.5852,218.0,0.5857,15.0,0.5858,87.0
1753592200404,04:56:40.404,okx,ACE/USDT:USDT,0.5853,249.0,0.5852,218.0,0.5857,15.0,0.5858,87.0
1753592200504,04:56:40.504,okx,ACE/USDT:USDT,0.5853,249.0,0.5852,218.0,0.5857,15.0,0.5858,87.0
1753592200904,04:56:40.904,okx,ACE/USDT:USDT,0.5853,86.0,0.5852,218.0,0.5857,101.0,0.5858,87.0
1753592201004,04:56:41.004,okx,ACE/USDT:USDT,0.5853,86.0,0.5852,218.0,0.5857,101.0,0.5858,87.0
1753592201104,04:56:41.104,okx,ACE/USDT:USDT,0.5853,86.0,0.5852,218.0,0.5857,101.0,0.5858,87.0
1753592201204,04:56:41.204,okx,ACE/USDT:USDT,0.5853,86.0,0.5852,218.0,0.5857,101.0,0.5858,87.0
1753592201504,04:56:41.504,okx,ACE/USDT:USDT,0.5852,380.0,0.5851,254.0,0.5856,84.0,0.5857,101.0
1753592202104,04:56:42.104,okx,ACE/USDT:USDT,0.5852,217.0,0.5851,254.0,0.5857,86.0,0.5858,87.0
1753592202204,04:56:42.204,okx,ACE/USDT:USDT,0.5852,217.0,0.5851,254.0,0.5857,86.0,0.5858,87.0
1753592202404,04:56:42.404,okx,ACE/USDT:USDT,0.5852,217.0,0.5851,254.0,0.5857,86.0,0.5858,87.0
1753592202704,04:56:42.704,okx,ACE/USDT:USDT,0.5852,217.0,0.5851,254.0,0.5857,86.0,0.5858,87.0
1753592202804,04:56:42.804,okx,ACE/USDT:USDT,0.5852,217.0,0.5851,254.0,0.5857,86.0,0.5858,87.0
1753592203004,04:56:43.004,okx,ACE/USDT:USDT,0.5852,217.0,0.5851,254.0,0.5857,86.0,0.5858,87.0
1753592203304,04:56:43.304,okx,ACE/USDT:USDT,0.5852,217.0,0.5851,254.0,0.5857,101.0,0.5858,87.0
1753592203504,04:56:43.504,okx,ACE/USDT:USDT,0.5853,76.0,0.5852,218.0,0.5857,101.0,0.5858,87.0
1753592204204,04:56:44.204,okx,ACE/USDT:USDT,0.5853,76.0,0.5852,218.0,0.5857,101.0,0.5858,87.0
1753592204404,04:56:44.404,okx,ACE/USDT:USDT,0.5853,76.0,0.5852,87.0,0.5856,84.0,0.5857,101.0
1753592204604,04:56:44.604,okx,ACE/USDT:USDT,0.5853,76.0,0.5852,87.0,0.5856,84.0,0.5857,101.0
1753592205304,04:56:45.304,okx,ACE/USDT:USDT,0.5853,76.0,0.5852,87.0,0.5857,86.0,0.5858,87.0
1753592205704,04:56:45.704,okx,ACE/USDT:USDT,0.5854,84.0,0.5853,76.0,0.5858,1.0,0.5859,292.0
1753592205804,04:56:45.804,okx,ACE/USDT:USDT,0.5854,75.0,0.5853,247.0,0.5858,84.0,0.5859,215.0
1753592206904,04:56:46.904,okx,ACE/USDT:USDT,0.5854,75.0,0.5853,84.0,0.5857,84.0,0.5858,85.0
1753592207104,04:56:47.104,okx,ACE/USDT:USDT,0.5852,217.0,0.5851,254.0,0.5857,84.0,0.5858,85.0
1753592207204,04:56:47.204,okx,ACE/USDT:USDT,0.5853,76.0,0.5852,218.0,0.5857,84.0,0.5858,85.0
1753592207404,04:56:47.404,okx,ACE/USDT:USDT,0.5853,76.0,0.5852,218.0,0.5857,84.0,0.5858,85.0
1753592207704,04:56:47.704,okx,ACE/USDT:USDT,0.5853,76.0,0.5852,218.0,0.5857,84.0,0.5858,85.0
1753592207804,04:56:47.804,okx,ACE/USDT:USDT,0.5853,76.0,0.5852,218.0,0.5857,84.0,0.5858,85.0
1753592208004,04:56:48.004,okx,ACE/USDT:USDT,0.5853,76.0,0.5852,218.0,0.5857,84.0,0.5858,85.0
1753592208104,04:56:48.104,okx,ACE/USDT:USDT,0.5853,76.0,0.5852,218.0,0.5857,99.0,0.5858,85.0
1753592208404,04:56:48.404,okx,ACE/USDT:USDT,0.5853,76.0,0.5852,218.0,0.5857,99.0,0.5858,85.0
1753592208904,04:56:48.904,okx,ACE/USDT:USDT,0.5853,76.0,0.5852,218.0,0.5857,99.0,0.5858,85.0
1753592209004,04:56:49.004,okx,ACE/USDT:USDT,0.5853,76.0,0.5852,218.0,0.5857,99.0,0.5858,85.0
1753592209304,04:56:49.304,okx,ACE/USDT:USDT,0.5853,76.0,0.5852,218.0,0.5856,84.0,0.5857,99.0
1753592209404,04:56:49.404,okx,ACE/USDT:USDT,0.5853,76.0,0.5852,218.0,0.5856,84.0,0.5857,99.0
1753592209504,04:56:49.504,okx,ACE/USDT:USDT,0.5853,76.0,0.5852,218.0,0.5856,84.0,0.5857,99.0
1753592210004,04:56:50.004,okx,ACE/USDT:USDT,0.5853,76.0,0.5852,218.0,0.5856,84.0,0.5857,99.0
1753592210104,04:56:50.104,okx,ACE/USDT:USDT,0.5853,76.0,0.5852,218.0,0.5857,84.0,0.5858,85.0
1753592210304,04:56:50.304,okx,ACE/USDT:USDT,0.5853,76.0,0.5852,218.0,0.5857,84.0,0.5858,85.0
1753592210604,04:56:50.604,okx,ACE/USDT:USDT,0.5853,76.0,0.5852,218.0,0.5857,84.0,0.5858,85.0
1753592210704,04:56:50.704,okx,ACE/USDT:USDT,0.5853,76.0,0.5852,218.0,0.5857,84.0,0.5858,85.0
1753592210804,04:56:50.804,okx,ACE/USDT:USDT,0.5853,76.0,0.5852,218.0,0.5857,84.0,0.5858,85.0
1753592210904,04:56:50.904,okx,ACE/USDT:USDT,0.5853,76.0,0.5852,218.0,0.5857,84.0,0.5858,85.0
1753592211004,04:56:51.004,okx,ACE/USDT:USDT,0.5853,76.0,0.5852,218.0,0.5857,84.0,0.5858,85.0
1753592211104,04:56:51.104,okx,ACE/USDT:USDT,0.5853,76.0,0.5852,218.0,0.5857,99.0,0.5858,85.0
1753592211204,04:56:51.204,okx,ACE/USDT:USDT,0.5853,76.0,0.5852,218.0,0.5857,99.0,0.5858,85.0
1753592211304,04:56:51.304,okx,ACE/USDT:USDT,0.5853,76.0,0.5852,218.0,0.5857,99.0,0.5858,85.0
1753592211604,04:56:51.604,okx,ACE/USDT:USDT,0.5853,76.0,0.5852,218.0,0.5857,99.0,0.5858,85.0
1753592211704,04:56:51.704,okx,ACE/USDT:USDT,0.5853,76.0,0.5852,218.0,0.5856,85.0,0.5857,99.0
1753592212904,04:56:52.904,okx,ACE/USDT:USDT,0.5853,76.0,0.5852,218.0,0.5857,84.0,0.5858,85.0
1753592213604,04:56:53.604,okx,ACE/USDT:USDT,0.5853,76.0,0.5852,87.0,0.5856,85.0,0.5857,99.0
1753592215104,04:56:55.104,okx,ACE/USDT:USDT,0.5853,76.0,0.5852,87.0,0.5856,85.0,0.5857,99.0
1753592215304,04:56:55.304,okx,ACE/USDT:USDT,0.5853,76.0,0.5852,87.0,0.5856,85.0,0.5857,99.0
1753592215604,04:56:55.604,okx,ACE/USDT:USDT,0.5853,76.0,0.5852,87.0,0.5856,85.0,0.5857,99.0
1753592216104,04:56:56.104,okx,ACE/USDT:USDT,0.5853,76.0,0.5852,87.0,0.5857,84.0,0.5858,85.0
1753592216604,04:56:56.604,okx,ACE/USDT:USDT,0.5853,76.0,0.5852,87.0,0.5857,84.0,0.5858,85.0
1753592216904,04:56:56.904,okx,ACE/USDT:USDT,0.5853,76.0,0.5852,87.0,0.5857,84.0,0.5858,85.0
1753592217104,04:56:57.104,okx,ACE/USDT:USDT,0.5853,76.0,0.5852,87.0,0.5856,85.0,0.5857,99.0
1753592217204,04:56:57.204,okx,ACE/USDT:USDT,0.5851,248.0,0.585,219.0,0.5856,85.0,0.5857,99.0
1753592217304,04:56:57.304,okx,ACE/USDT:USDT,0.5851,248.0,0.585,219.0,0.5856,85.0,0.5857,99.0
1753592217404,04:56:57.404,okx,ACE/USDT:USDT,0.5852,85.0,0.5851,248.0,0.5856,85.0,0.5857,99.0
1753592217604,04:56:57.604,okx,ACE/USDT:USDT,0.5852,85.0,0.5851,248.0,0.5856,85.0,0.5857,99.0
1753592217804,04:56:57.804,okx,ACE/USDT:USDT,0.5852,85.0,0.5851,248.0,0.5856,85.0,0.5857,99.0
1753592218004,04:56:58.004,okx,ACE/USDT:USDT,0.5852,85.0,0.5851,248.0,0.5856,85.0,0.5857,99.0
1753592218104,04:56:58.104,okx,ACE/USDT:USDT,0.5852,85.0,0.5851,248.0,0.5856,100.0,0.5857,84.0
1753592218204,04:56:58.204,okx,ACE/USDT:USDT,0.5852,85.0,0.5851,248.0,0.5856,100.0,0.5857,84.0
1753592218504,04:56:58.504,okx,ACE/USDT:USDT,0.5852,85.0,0.5851,248.0,0.5856,100.0,0.5857,84.0
1753592218704,04:56:58.704,okx,ACE/USDT:USDT,0.5851,85.0,0.585,219.0,0.5856,100.0,0.5857,84.0
1753592218804,04:56:58.804,okx,ACE/USDT:USDT,0.5851,85.0,0.585,219.0,0.5856,100.0,0.5857,84.0
1753592218904,04:56:58.904,okx,ACE/USDT:USDT,0.5851,85.0,0.585,219.0,0.5856,100.0,0.5857,84.0
1753592219304,04:56:59.304,okx,ACE/USDT:USDT,0.5853,76.0,0.5852,1.0,0.5857,84.0,0.5858,85.0
1753592219504,04:56:59.504,okx,ACE/USDT:USDT,0.5851,101.0,0.585,219.0,0.5856,85.0,0.5857,100.0
1753592219604,04:56:59.604,okx,ACE/USDT:USDT,0.5851,101.0,0.585,219.0,0.5856,85.0,0.5857,100.0
1753592219704,04:56:59.704,okx,ACE/USDT:USDT,0.5851,101.0,0.585,219.0,0.5856,85.0,0.5857,100.0
1753592220304,04:57:00.304,okx,ACE/USDT:USDT,0.5851,101.0,0.585,219.0,0.5856,85.0,0.5857,100.0
1753592220504,04:57:00.504,okx,ACE/USDT:USDT,0.5851,16.0,0.585,219.0,0.5856,85.0,0.5857,100.0
1753592220704,04:57:00.704,okx,ACE/USDT:USDT,0.5851,16.0,0.585,219.0,0.5856,85.0,0.5857,100.0
1753592221104,04:57:01.104,okx,ACE/USDT:USDT,0.5851,16.0,0.585,219.0,0.5854,1.0,0.5856,217.0
1753592221304,04:57:01.304,okx,ACE/USDT:USDT,0.5851,16.0,0.585,219.0,0.5854,1.0,0.5856,217.0
1753592222504,04:57:02.504,okx,ACE/USDT:USDT,0.5849,86.0,0.5848,307.0,0.5853,83.0,0.5854,85.0
1753592223504,04:57:03.504,okx,ACE/USDT:USDT,0.5848,5.0,0.5847,1.0,0.5852,83.0,0.5853,99.0
1753592223804,04:57:03.804,okx,ACE/USDT:USDT,0.5848,5.0,0.5847,100.0,0.5852,83.0,0.5853,99.0
1753592223904,04:57:03.904,okx,ACE/USDT:USDT,0.5848,164.0,0.5847,100.0,0.5852,83.0,0.5853,99.0
1753592224204,04:57:04.204,okx,ACE/USDT:USDT,0.5848,164.0,0.5847,100.0,0.5852,83.0,0.5853,99.0
1753592224504,04:57:04.504,okx,ACE/USDT:USDT,0.5848,164.0,0.5847,100.0,0.5852,83.0,0.5853,99.0
1753592224604,04:57:04.604,okx,ACE/USDT:USDT,0.5848,164.0,0.5847,100.0,0.5852,83.0,0.5853,99.0
1753592224904,04:57:04.904,okx,ACE/USDT:USDT,0.5848,164.0,0.5847,100.0,0.5852,83.0,0.5853,99.0
1753592225004,04:57:05.004,okx,ACE/USDT:USDT,0.5848,164.0,0.5847,100.0,0.5852,83.0,0.5853,99.0
1753592225204,04:57:05.204,okx,ACE/USDT:USDT,0.5848,164.0,0.5847,100.0,0.5852,83.0,0.5853,99.0
1753592225704,04:57:05.704,okx,ACE/USDT:USDT,0.5848,164.0,0.5847,100.0,0.5852,83.0,0.5853,99.0
1753592225804,04:57:05.804,okx,ACE/USDT:USDT,0.5848,164.0,0.5847,100.0,0.5852,83.0,0.5853,99.0
1753592225904,04:57:05.904,okx,ACE/USDT:USDT,0.5848,164.0,0.5847,100.0,0.5852,83.0,0.5853,99.0
1753592226004,04:57:06.004,okx,ACE/USDT:USDT,0.5848,164.0,0.5847,100.0,0.5852,83.0,0.5853,99.0
1753592226204,04:57:06.204,okx,ACE/USDT:USDT,0.5848,164.0,0.5847,100.0,0.5852,83.0,0.5853,99.0
1753592226604,04:57:06.604,okx,ACE/USDT:USDT,0.5848,164.0,0.5847,100.0,0.5852,83.0,0.5853,99.0
1753592226704,04:57:06.704,okx,ACE/USDT:USDT,0.5849,83.0,0.5848,252.0,0.5853,99.0,0.5854,232.0
1753592226804,04:57:06.804,okx,ACE/USDT:USDT,0.5849,83.0,0.5848,89.0,0.5853,99.0,0.5854,232.0
1753592227104,04:57:07.104,okx,ACE/USDT:USDT,0.5849,83.0,0.5848,89.0,0.5853,114.0,0.5854,232.0
1753592227304,04:57:07.304,okx,ACE/USDT:USDT,0.5849,83.0,0.5848,89.0,0.5853,114.0,0.5854,232.0
1753592227404,04:57:07.404,okx,ACE/USDT:USDT,0.5849,83.0,0.5848,89.0,0.5853,114.0,0.5854,232.0
1753592227904,04:57:07.904,okx,ACE/USDT:USDT,0.5849,83.0,0.5848,89.0,0.5853,114.0,0.5854,232.0
1753592228104,04:57:08.104,okx,ACE/USDT:USDT,0.5849,83.0,0.5848,89.0,0.5853,99.0,0.5854,232.0
1753592228404,04:57:08.404,okx,ACE/USDT:USDT,0.5848,88.0,0.5847,100.0,0.5852,83.0,0.5853,99.0
1753592228504,04:57:08.504,okx,ACE/USDT:USDT,0.5848,88.0,0.5847,100.0,0.5852,83.0,0.5853,99.0
1753592228704,04:57:08.704,okx,ACE/USDT:USDT,0.5848,88.0,0.5847,100.0,0.5852,83.0,0.5853,99.0
1753592229004,04:57:09.004,okx,ACE/USDT:USDT,0.5848,88.0,0.5847,100.0,0.5852,83.0,0.5853,99.0
1753592229104,04:57:09.104,okx,ACE/USDT:USDT,0.5848,88.0,0.5847,100.0,0.5852,83.0,0.5853,99.0
1753592229304,04:57:09.304,okx,ACE/USDT:USDT,0.5848,88.0,0.5847,100.0,0.5852,83.0,0.5853,99.0
1753592229604,04:57:09.604,okx,ACE/USDT:USDT,0.5848,89.0,0.5847,100.0,0.5852,83.0,0.5853,99.0
1753592229704,04:57:09.704,okx,ACE/USDT:USDT,0.5848,89.0,0.5847,100.0,0.5852,83.0,0.5853,99.0
1753592230004,04:57:10.004,okx,ACE/USDT:USDT,0.5848,89.0,0.5847,100.0,0.5852,83.0,0.5853,99.0
1753592230304,04:57:10.304,okx,ACE/USDT:USDT,0.5848,89.0,0.5847,100.0,0.5852,83.0,0.5853,99.0
1753592230404,04:57:10.404,okx,ACE/USDT:USDT,0.5848,89.0,0.5847,100.0,0.5852,83.0,0.5853,99.0
1753592230604,04:57:10.604,okx,ACE/USDT:USDT,0.5848,89.0,0.5847,100.0,0.5852,83.0,0.5853,99.0
1753592230704,04:57:10.704,okx,ACE/USDT:USDT,0.5848,89.0,0.5847,100.0,0.5852,83.0,0.5853,99.0
1753592230804,04:57:10.804,okx,ACE/USDT:USDT,0.5848,89.0,0.5847,100.0,0.5852,83.0,0.5853,99.0
1753592230904,04:57:10.904,okx,ACE/USDT:USDT,0.5848,89.0,0.5847,100.0,0.5852,83.0,0.5853,99.0
1753592231404,04:57:11.404,okx,ACE/USDT:USDT,0.5848,89.0,0.5847,100.0,0.5852,83.0,0.5853,99.0
1753592231804,04:57:11.804,okx,ACE/USDT:USDT,0.5848,89.0,0.5847,100.0,0.5852,83.0,0.5853,99.0
1753592231904,04:57:11.904,okx,ACE/USDT:USDT,0.5848,89.0,0.5847,100.0,0.5852,83.0,0.5853,99.0
1753592232104,04:57:12.104,okx,ACE/USDT:USDT,0.5848,89.0,0.5847,100.0,0.5852,83.0,0.5853,99.0
1753592232204,04:57:12.204,okx,ACE/USDT:USDT,0.5848,89.0,0.5847,100.0,0.5852,83.0,0.5853,99.0
1753592232804,04:57:12.804,okx,ACE/USDT:USDT,0.5848,89.0,0.5847,100.0,0.5852,83.0,0.5853,99.0
1753592233204,04:57:13.204,okx,ACE/USDT:USDT,0.5848,89.0,0.5847,100.0,0.5852,83.0,0.5853,99.0
1753592233504,04:57:13.504,okx,ACE/USDT:USDT,0.5848,89.0,0.5847,100.0,0.5852,83.0,0.5853,99.0
1753592233604,04:57:13.604,okx,ACE/USDT:USDT,0.5848,6.0,0.5847,100.0,0.5852,83.0,0.5853,99.0
1753592234004,04:57:14.004,okx,ACE/USDT:USDT,0.5848,6.0,0.5847,100.0,0.5852,83.0,0.5853,99.0
1753592234104,04:57:14.104,okx,ACE/USDT:USDT,0.5848,6.0,0.5847,100.0,0.5852,83.0,0.5853,99.0
1753592234304,04:57:14.304,okx,ACE/USDT:USDT,0.5848,6.0,0.5847,100.0,0.5852,83.0,0.5853,99.0
1753592234404,04:57:14.404,okx,ACE/USDT:USDT,0.5848,6.0,0.5847,100.0,0.5852,83.0,0.5853,99.0
1753592234504,04:57:14.504,okx,ACE/USDT:USDT,0.5848,6.0,0.5847,100.0,0.5852,83.0,0.5853,99.0
1753592234704,04:57:14.704,okx,ACE/USDT:USDT,0.5848,6.0,0.5847,100.0,0.5852,83.0,0.5853,99.0
1753592235204,04:57:15.204,okx,ACE/USDT:USDT,0.5848,6.0,0.5847,100.0,0.5852,83.0,0.5853,99.0
1753592235404,04:57:15.404,okx,ACE/USDT:USDT,0.5848,6.0,0.5847,100.0,0.5852,83.0,0.5853,99.0
1753592235504,04:57:15.504,okx,ACE/USDT:USDT,0.5848,6.0,0.5847,100.0,0.5852,83.0,0.5853,99.0
1753592235704,04:57:15.704,okx,ACE/USDT:USDT,0.5848,6.0,0.5847,100.0,0.5852,83.0,0.5853,99.0
