timestamp,time,symbol,bid1_price,bid1_volume,bid2_price,bid2_volume,ask1_price,ask1_volume,ask2_price,ask2_volume
1753546954000,16:22:34.000,AAVE/USDT:USDT,294.92,133.0,294.91,1.0,294.93,32.0,294.98,13.0
1753546954485,16:22:34.485,AAVE/USDT:USDT,294.92,133.0,294.91,1.0,294.93,32.0,294.98,13.0
1753546954590,16:22:34.590,AAVE/USDT:USDT,294.92,133.0,294.91,1.0,294.93,32.0,294.98,13.0
1753546954622,16:22:34.622,AAVE/USDT:USDT,294.92,133.0,294.91,1.0,294.93,32.0,294.98,13.0
1753546954837,16:22:34.837,AAVE/USDT:USDT,294.92,133.0,294.91,1.0,294.93,32.0,294.98,13.0
1753546955099,16:22:35.099,AAVE/USDT:USDT,294.97,17.0,294.92,133.0,294.98,13.0,295.0,100.0
1753546955193,16:22:35.193,AAVE/USDT:USDT,294.97,17.0,294.92,133.0,294.98,13.0,295.0,100.0
1753546955384,16:22:35.384,AAVE/USDT:USDT,294.97,17.0,294.92,133.0,294.98,13.0,295.0,100.0
1753546955592,16:22:35.592,AAVE/USDT:USDT,294.97,34.0,294.92,171.0,294.98,13.0,295.01,3.0
1753546955641,16:22:35.641,AAVE/USDT:USDT,294.97,34.0,294.93,1.0,294.98,33.0,295.01,3.0
1753546955783,16:22:35.783,AAVE/USDT:USDT,294.97,34.0,294.93,1.0,294.98,33.0,295.01,3.0
1753546955801,16:22:35.801,AAVE/USDT:USDT,294.97,34.0,294.93,1.0,294.98,33.0,295.01,3.0
1753546955939,16:22:35.939,AAVE/USDT:USDT,294.97,34.0,294.93,1.0,294.98,33.0,295.0,97.0
1753546956092,16:22:36.092,AAVE/USDT:USDT,294.97,34.0,294.93,1.0,294.98,33.0,295.0,97.0
1753546956121,16:22:36.121,AAVE/USDT:USDT,294.97,34.0,294.93,1.0,294.98,33.0,295.0,97.0
1753546956252,16:22:36.252,AAVE/USDT:USDT,294.97,34.0,294.93,1.0,294.98,33.0,295.0,97.0
1753546956361,16:22:36.361,AAVE/USDT:USDT,294.97,17.0,294.93,1.0,294.98,33.0,295.0,97.0
1753546956430,16:22:36.430,AAVE/USDT:USDT,294.97,17.0,294.93,1.0,294.98,33.0,295.0,97.0
1753546956581,16:22:36.581,AAVE/USDT:USDT,294.97,17.0,294.93,1.0,294.98,33.0,295.0,97.0
1753546956602,16:22:36.602,AAVE/USDT:USDT,294.97,17.0,294.93,1.0,294.98,33.0,295.0,97.0
1753546956990,16:22:36.990,AAVE/USDT:USDT,294.97,17.0,294.93,1.0,294.98,33.0,295.0,97.0
1753546957021,16:22:37.021,AAVE/USDT:USDT,294.97,17.0,294.93,1.0,294.98,33.0,295.0,97.0
1753546957341,16:22:37.341,AAVE/USDT:USDT,294.97,17.0,294.93,1.0,294.98,33.0,295.0,97.0
1753546957442,16:22:37.442,AAVE/USDT:USDT,294.97,34.0,294.93,1.0,294.98,33.0,295.01,3.0
1753546957596,16:22:37.596,AAVE/USDT:USDT,294.97,17.0,294.93,1.0,294.98,33.0,295.01,3.0
1753546957622,16:22:37.622,AAVE/USDT:USDT,294.97,17.0,294.93,1.0,294.98,33.0,295.0,97.0
1753546957701,16:22:37.701,AAVE/USDT:USDT,294.97,17.0,294.93,1.0,294.98,33.0,295.0,97.0
1753546958068,16:22:38.068,AAVE/USDT:USDT,294.97,303.0,294.93,1.0,294.98,33.0,295.0,97.0
1753546958242,16:22:38.242,AAVE/USDT:USDT,294.97,303.0,294.93,1.0,294.98,33.0,295.01,3.0
1753546958488,16:22:38.488,AAVE/USDT:USDT,294.97,17.0,294.93,1.0,294.98,33.0,295.01,3.0
1753546958798,16:22:38.798,AAVE/USDT:USDT,294.93,1.0,294.92,72.0,294.98,33.0,295.01,3.0
1753546958898,16:22:38.898,AAVE/USDT:USDT,294.92,17.0,294.91,1.0,294.98,110.0,295.0,132.0
1753546958962,16:22:38.962,AAVE/USDT:USDT,294.92,17.0,294.9,94.0,294.98,110.0,294.99,3.0
1753546959097,16:22:39.097,AAVE/USDT:USDT,294.9,191.0,294.89,45.0,294.98,13.0,294.99,3.0
1753546959161,16:22:39.161,AAVE/USDT:USDT,294.94,17.0,294.91,98.0,294.98,13.0,295.0,135.0
1753546959250,16:22:39.250,AAVE/USDT:USDT,294.94,17.0,294.91,98.0,294.98,13.0,295.0,135.0
1753546959497,16:22:39.497,AAVE/USDT:USDT,294.96,34.0,294.93,38.0,294.97,11.0,294.98,13.0
1753546959570,16:22:39.570,AAVE/USDT:USDT,294.96,34.0,294.93,38.0,294.97,11.0,294.98,13.0
1753546959643,16:22:39.643,AAVE/USDT:USDT,294.96,34.0,294.93,38.0,294.97,11.0,294.98,13.0
1753546959996,16:22:39.996,AAVE/USDT:USDT,294.97,42.0,294.96,97.0,294.98,13.0,295.01,3.0
1753546960095,16:22:40.095,AAVE/USDT:USDT,294.97,42.0,294.93,38.0,294.98,136.0,295.02,114.0
1753546960196,16:22:40.196,AAVE/USDT:USDT,294.97,42.0,294.93,38.0,294.98,39.0,295.0,97.0
1753546960276,16:22:40.276,AAVE/USDT:USDT,294.97,17.0,294.91,222.0,294.98,136.0,295.0,132.0
1753546960368,16:22:40.368,AAVE/USDT:USDT,294.97,17.0,294.91,221.0,294.98,136.0,295.0,132.0
1753546960495,16:22:40.495,AAVE/USDT:USDT,294.97,17.0,294.91,221.0,294.98,136.0,295.0,132.0
1753546960594,16:22:40.594,AAVE/USDT:USDT,294.9,94.0,294.89,1.0,294.97,17.0,294.98,136.0
1753546960687,16:22:40.687,AAVE/USDT:USDT,294.9,94.0,294.88,121.0,294.96,10.0,294.97,114.0
1753546960795,16:22:40.795,AAVE/USDT:USDT,294.92,17.0,294.91,97.0,294.95,23.0,294.97,17.0
1753546960899,16:22:40.899,AAVE/USDT:USDT,294.97,34.0,294.93,114.0,294.98,13.0,295.02,127.0
1753546960983,16:22:40.983,AAVE/USDT:USDT,294.97,34.0,294.93,17.0,294.98,13.0,295.02,224.0
1753546961071,16:22:41.071,AAVE/USDT:USDT,294.97,34.0,294.94,38.0,294.98,13.0,295.02,224.0
1753546961169,16:22:41.169,AAVE/USDT:USDT,294.97,34.0,294.94,38.0,294.98,13.0,295.02,224.0
1753546961236,16:22:41.236,AAVE/USDT:USDT,294.97,34.0,294.94,38.0,294.98,13.0,295.02,224.0
1753546962099,16:22:42.099,AAVE/USDT:USDT,294.96,17.0,294.93,148.0,294.97,31.0,294.98,13.0
1753546962153,16:22:42.153,AAVE/USDT:USDT,294.96,34.0,294.93,148.0,294.97,31.0,294.98,13.0
1753546962230,16:22:42.230,AAVE/USDT:USDT,294.96,34.0,294.93,148.0,294.97,31.0,294.98,13.0
1753546962302,16:22:42.302,AAVE/USDT:USDT,294.96,34.0,294.93,148.0,294.97,31.0,294.98,13.0
1753546962471,16:22:42.471,AAVE/USDT:USDT,294.96,34.0,294.93,148.0,294.97,31.0,294.98,13.0
1753546962783,16:22:42.783,AAVE/USDT:USDT,294.96,34.0,294.93,148.0,294.97,31.0,294.98,13.0
1753546963022,16:22:43.022,AAVE/USDT:USDT,294.96,34.0,294.93,148.0,294.97,31.0,294.98,13.0
1753546963404,16:22:43.404,AAVE/USDT:USDT,294.96,34.0,294.93,148.0,294.97,31.0,294.98,13.0
1753546963598,16:22:43.598,AAVE/USDT:USDT,294.96,60.0,294.93,148.0,294.97,31.0,294.98,13.0
1753546963697,16:22:43.697,AAVE/USDT:USDT,294.96,34.0,294.93,148.0,294.97,31.0,294.98,13.0
1753546963723,16:22:43.723,AAVE/USDT:USDT,294.96,34.0,294.93,148.0,294.97,31.0,294.98,13.0
1753546964071,16:22:44.071,AAVE/USDT:USDT,294.96,34.0,294.94,38.0,294.97,31.0,294.98,13.0
1753546964107,16:22:44.107,AAVE/USDT:USDT,294.96,34.0,294.94,38.0,294.97,31.0,294.98,13.0
1753546964206,16:22:44.206,AAVE/USDT:USDT,294.96,34.0,294.94,38.0,294.97,31.0,294.98,13.0
1753546964447,16:22:44.447,AAVE/USDT:USDT,294.96,34.0,294.94,38.0,294.97,31.0,294.98,13.0
1753546964662,16:22:44.662,AAVE/USDT:USDT,294.96,34.0,294.94,38.0,294.97,31.0,294.98,13.0
1753546964890,16:22:44.890,AAVE/USDT:USDT,294.96,34.0,294.94,38.0,294.97,31.0,294.98,13.0
1753546964990,16:22:44.990,AAVE/USDT:USDT,294.96,34.0,294.94,38.0,294.97,31.0,294.98,13.0
1753546965106,16:22:45.106,AAVE/USDT:USDT,294.96,34.0,294.94,38.0,294.97,31.0,294.98,13.0
1753546965257,16:22:45.257,AAVE/USDT:USDT,294.96,34.0,294.94,38.0,294.97,31.0,294.98,13.0
1753546965357,16:22:45.357,AAVE/USDT:USDT,294.96,34.0,294.94,38.0,294.97,31.0,294.98,13.0
1753546965401,16:22:45.401,AAVE/USDT:USDT,294.96,34.0,294.94,38.0,294.97,31.0,294.98,13.0
1753546965853,16:22:45.853,AAVE/USDT:USDT,294.96,34.0,294.94,38.0,294.97,31.0,294.98,13.0
1753546966022,16:22:46.022,AAVE/USDT:USDT,294.96,34.0,294.94,38.0,294.97,31.0,294.98,13.0
1753546966381,16:22:46.381,AAVE/USDT:USDT,294.96,34.0,294.94,38.0,294.97,31.0,294.98,13.0
1753546966609,16:22:46.609,AAVE/USDT:USDT,294.96,34.0,294.94,38.0,294.97,31.0,294.98,13.0
1753546967071,16:22:47.071,AAVE/USDT:USDT,294.96,34.0,294.94,38.0,294.97,31.0,294.98,13.0
1753546967278,16:22:47.278,AAVE/USDT:USDT,294.97,34.0,294.94,38.0,294.98,13.0,295.02,224.0
1753546967337,16:22:47.337,AAVE/USDT:USDT,294.97,34.0,294.94,38.0,294.98,13.0,295.02,224.0
1753546967443,16:22:47.443,AAVE/USDT:USDT,294.97,34.0,294.94,38.0,294.98,13.0,295.02,224.0
1753546967557,16:22:47.557,AAVE/USDT:USDT,294.97,34.0,294.94,38.0,294.98,13.0,295.02,224.0
1753546967696,16:22:47.696,AAVE/USDT:USDT,294.97,34.0,294.94,38.0,294.98,24.0,295.0,98.0
1753546967706,16:22:47.706,AAVE/USDT:USDT,294.97,34.0,294.94,38.0,294.98,24.0,295.0,98.0
1753546968117,16:22:48.117,AAVE/USDT:USDT,294.97,34.0,294.94,38.0,294.98,24.0,295.0,98.0
1753546968516,16:22:48.516,AAVE/USDT:USDT,294.97,34.0,294.94,38.0,294.98,24.0,295.0,98.0
1753546968682,16:22:48.682,AAVE/USDT:USDT,294.97,34.0,294.94,38.0,294.98,24.0,295.02,224.0
1753546968702,16:22:48.702,AAVE/USDT:USDT,294.97,34.0,294.94,38.0,294.98,24.0,295.02,224.0
1753546969026,16:22:49.026,AAVE/USDT:USDT,294.97,34.0,294.94,38.0,294.98,24.0,295.02,224.0
1753546969620,16:22:49.620,AAVE/USDT:USDT,294.97,34.0,294.94,38.0,294.98,24.0,295.02,224.0
1753546969738,16:22:49.738,AAVE/USDT:USDT,294.97,34.0,294.94,38.0,294.98,24.0,295.02,224.0
1753546969991,16:22:49.991,AAVE/USDT:USDT,294.97,34.0,294.94,38.0,294.98,24.0,295.0,98.0
1753546970071,16:22:50.071,AAVE/USDT:USDT,294.97,34.0,294.94,38.0,294.98,24.0,295.0,98.0
1753546970653,16:22:50.653,AAVE/USDT:USDT,294.97,34.0,294.94,38.0,294.98,24.0,295.0,98.0
1753546970768,16:22:50.768,AAVE/USDT:USDT,294.97,34.0,294.94,38.0,294.98,24.0,295.0,98.0
1753546970881,16:22:50.881,AAVE/USDT:USDT,294.97,34.0,294.94,38.0,294.98,24.0,295.0,98.0
1753546971009,16:22:51.009,AAVE/USDT:USDT,294.97,34.0,294.94,38.0,294.98,24.0,295.0,98.0
1753546971125,16:22:51.125,AAVE/USDT:USDT,294.97,34.0,294.94,38.0,294.98,24.0,295.0,98.0
1753546971277,16:22:51.277,AAVE/USDT:USDT,294.97,34.0,294.94,38.0,294.98,24.0,295.0,98.0
1753546971800,16:22:51.800,AAVE/USDT:USDT,294.97,34.0,294.94,38.0,294.98,13.0,295.0,98.0
1753546971887,16:22:51.887,AAVE/USDT:USDT,294.97,34.0,294.94,38.0,294.98,13.0,295.02,224.0
1753546972081,16:22:52.081,AAVE/USDT:USDT,294.97,34.0,294.94,38.0,294.98,13.0,295.02,100.0
1753546972106,16:22:52.106,AAVE/USDT:USDT,294.97,34.0,294.94,38.0,294.98,13.0,295.02,97.0
1753546972383,16:22:52.383,AAVE/USDT:USDT,294.97,34.0,294.95,98.0,294.98,13.0,295.06,103.0
1753546972421,16:22:52.421,AAVE/USDT:USDT,294.97,34.0,294.95,98.0,294.98,13.0,295.06,100.0
1753546972630,16:22:52.630,AAVE/USDT:USDT,294.97,34.0,294.95,98.0,294.98,13.0,295.06,100.0
1753546972756,16:22:52.756,AAVE/USDT:USDT,294.97,34.0,294.94,38.0,294.98,13.0,295.06,100.0
1753546973072,16:22:53.072,AAVE/USDT:USDT,294.97,34.0,294.94,38.0,294.98,13.0,295.06,100.0
1753546973283,16:22:53.283,AAVE/USDT:USDT,294.97,34.0,294.94,38.0,294.98,24.0,295.02,98.0
1753546973301,16:22:53.301,AAVE/USDT:USDT,294.97,34.0,294.94,38.0,294.98,24.0,295.02,98.0
1753546973821,16:22:53.821,AAVE/USDT:USDT,294.97,34.0,294.94,38.0,294.98,24.0,295.02,98.0
1753546974127,16:22:54.127,AAVE/USDT:USDT,294.97,34.0,294.94,38.0,294.98,24.0,295.02,98.0
1753546974990,16:22:54.990,AAVE/USDT:USDT,294.97,34.0,294.94,38.0,294.98,24.0,295.02,98.0
1753546975002,16:22:55.002,AAVE/USDT:USDT,294.97,34.0,294.94,38.0,294.98,24.0,295.02,98.0
1753546975453,16:22:55.453,AAVE/USDT:USDT,294.97,34.0,294.94,38.0,294.98,24.0,295.02,98.0
1753546975638,16:22:55.638,AAVE/USDT:USDT,294.97,34.0,294.94,38.0,294.98,24.0,295.02,98.0
1753546975739,16:22:55.739,AAVE/USDT:USDT,294.97,34.0,294.94,38.0,294.98,24.0,295.02,98.0
1753546975801,16:22:55.801,AAVE/USDT:USDT,294.97,34.0,294.94,38.0,294.98,24.0,295.02,98.0
1753546976070,16:22:56.070,AAVE/USDT:USDT,294.97,34.0,294.94,38.0,294.98,24.0,295.02,98.0
1753546976393,16:22:56.393,AAVE/USDT:USDT,294.97,34.0,294.95,101.0,294.98,24.0,295.06,100.0
1753546976487,16:22:56.487,AAVE/USDT:USDT,294.97,34.0,294.95,101.0,294.98,24.0,295.06,100.0
1753546976534,16:22:56.534,AAVE/USDT:USDT,294.97,34.0,294.94,38.0,294.98,24.0,295.06,100.0
1753546976674,16:22:56.674,AAVE/USDT:USDT,294.97,34.0,294.94,38.0,294.98,24.0,295.06,100.0
1753546976738,16:22:56.738,AAVE/USDT:USDT,294.97,34.0,294.94,38.0,294.98,24.0,295.06,100.0
1753546976801,16:22:56.801,AAVE/USDT:USDT,294.97,34.0,294.94,38.0,294.98,24.0,295.06,100.0
1753546976916,16:22:56.916,AAVE/USDT:USDT,294.97,34.0,294.94,38.0,294.98,24.0,295.06,100.0
1753546977006,16:22:57.006,AAVE/USDT:USDT,294.97,34.0,294.94,38.0,294.98,24.0,295.06,100.0
1753546977142,16:22:57.142,AAVE/USDT:USDT,294.97,34.0,294.94,38.0,294.98,24.0,295.06,100.0
1753546977205,16:22:57.205,AAVE/USDT:USDT,294.97,34.0,294.95,101.0,294.98,24.0,295.06,100.0
1753546977399,16:22:57.399,AAVE/USDT:USDT,294.97,34.0,294.94,38.0,294.98,24.0,295.06,100.0
1753546977399,16:22:57.399,AAVE/USDT:USDT,294.97,34.0,294.94,38.0,294.98,13.0,295.06,100.0
1753546977894,16:22:57.894,AAVE/USDT:USDT,295.06,17.0,294.98,211.0,295.07,3.0,295.08,103.0
1753546977998,16:22:57.998,AAVE/USDT:USDT,295.07,17.0,295.01,101.0,295.08,5.0,295.1,118.0
1753546978083,16:22:58.083,AAVE/USDT:USDT,295.02,1.0,295.0,101.0,295.08,106.0,295.09,1.0
1753546978188,16:22:58.188,AAVE/USDT:USDT,295.03,17.0,295.01,1.0,295.07,3.0,295.08,106.0
1753546978255,16:22:58.255,AAVE/USDT:USDT,295.03,17.0,294.99,1.0,295.07,3.0,295.08,106.0
1753546978396,16:22:58.396,AAVE/USDT:USDT,295.03,17.0,294.99,1.0,295.07,3.0,295.08,106.0
1753546978475,16:22:58.475,AAVE/USDT:USDT,295.03,17.0,294.99,1.0,295.07,3.0,295.08,106.0
1753546978583,16:22:58.583,AAVE/USDT:USDT,295.06,34.0,295.0,101.0,295.07,17.0,295.08,5.0
1753546978684,16:22:58.684,AAVE/USDT:USDT,295.07,34.0,295.01,1.0,295.08,5.0,295.09,3.0
1753546978792,16:22:58.792,AAVE/USDT:USDT,295.07,17.0,295.01,1.0,295.08,5.0,295.09,1.0
1753546978858,16:22:58.858,AAVE/USDT:USDT,295.07,17.0,295.01,1.0,295.08,13.0,295.09,1.0
1753546978966,16:22:58.966,AAVE/USDT:USDT,295.01,1.0,294.98,101.0,295.05,10.0,295.06,21.0
1753546979095,16:22:59.095,AAVE/USDT:USDT,294.99,1.0,294.98,101.0,295.05,10.0,295.06,24.0
1753546979161,16:22:59.161,AAVE/USDT:USDT,295.01,17.0,294.99,1.0,295.05,10.0,295.06,24.0
1753546979279,16:22:59.279,AAVE/USDT:USDT,295.03,17.0,294.99,1.0,295.05,10.0,295.06,3.0
1753546979346,16:22:59.346,AAVE/USDT:USDT,295.03,17.0,294.99,1.0,295.05,10.0,295.06,3.0
1753546979453,16:22:59.453,AAVE/USDT:USDT,295.03,17.0,294.99,1.0,295.05,10.0,295.06,3.0
1753546979762,16:22:59.762,AAVE/USDT:USDT,295.03,17.0,294.99,1.0,295.05,10.0,295.06,3.0
1753546980174,16:23:00.174,AAVE/USDT:USDT,295.03,17.0,294.99,1.0,295.05,111.0,295.06,3.0
1753546980257,16:23:00.257,AAVE/USDT:USDT,295.03,17.0,294.98,1.0,295.05,10.0,295.07,153.0
1753546980397,16:23:00.397,AAVE/USDT:USDT,295.04,17.0,295.03,17.0,295.06,104.0,295.07,153.0
1753546980458,16:23:00.458,AAVE/USDT:USDT,295.04,17.0,294.98,101.0,295.06,101.0,295.07,52.0
1753546980562,16:23:00.562,AAVE/USDT:USDT,295.04,17.0,294.99,1.0,295.06,101.0,295.07,52.0
1753546980876,16:23:00.876,AAVE/USDT:USDT,295.04,17.0,294.99,1.0,295.06,101.0,295.07,52.0
1753546980940,16:23:00.940,AAVE/USDT:USDT,295.04,17.0,294.99,1.0,295.06,101.0,295.07,52.0
1753546981094,16:23:01.094,AAVE/USDT:USDT,295.04,17.0,294.99,1.0,295.06,101.0,295.07,52.0
1753546981108,16:23:01.108,AAVE/USDT:USDT,295.04,17.0,294.98,1.0,295.06,101.0,295.07,52.0
1753546981652,16:23:01.652,AAVE/USDT:USDT,295.04,17.0,294.98,1.0,295.06,101.0,295.07,52.0
1753546981786,16:23:01.786,AAVE/USDT:USDT,295.04,17.0,294.98,1.0,295.06,101.0,295.07,52.0
1753546981972,16:23:01.972,AAVE/USDT:USDT,294.98,1.0,294.97,94.0,295.06,101.0,295.07,52.0
1753546982096,16:23:02.096,AAVE/USDT:USDT,294.84,294.0,294.83,94.0,294.9,21.0,294.92,10.0
1753546982198,16:23:02.198,AAVE/USDT:USDT,294.88,17.0,294.82,101.0,294.9,21.0,294.95,83.0
1753546982297,16:23:02.297,AAVE/USDT:USDT,294.88,17.0,294.82,101.0,294.9,21.0,294.91,31.0
1753546982396,16:23:02.396,AAVE/USDT:USDT,294.88,17.0,294.82,101.0,294.89,34.0,294.91,31.0
1753546982496,16:23:02.496,AAVE/USDT:USDT,294.88,17.0,294.82,101.0,294.89,34.0,294.91,31.0
1753546982561,16:23:02.561,AAVE/USDT:USDT,294.88,17.0,294.82,101.0,294.89,34.0,294.91,31.0
1753546982672,16:23:02.672,AAVE/USDT:USDT,294.88,17.0,294.82,101.0,294.89,34.0,294.91,31.0
1753546982797,16:23:02.797,AAVE/USDT:USDT,294.88,17.0,294.82,101.0,294.9,34.0,294.96,101.0
1753546982897,16:23:02.897,AAVE/USDT:USDT,294.89,17.0,294.82,212.0,294.96,101.0,295.0,47.0
1753546982995,16:23:02.995,AAVE/USDT:USDT,294.94,17.0,294.91,17.0,294.97,121.0,294.98,94.0
1753546983083,16:23:03.083,AAVE/USDT:USDT,294.96,17.0,294.85,111.0,294.97,121.0,294.98,94.0
1753546983176,16:23:03.176,AAVE/USDT:USDT,294.96,17.0,294.88,101.0,294.97,101.0,294.98,114.0
1753546983285,16:23:03.285,AAVE/USDT:USDT,294.96,17.0,294.88,101.0,294.97,101.0,294.98,114.0
1753546983323,16:23:03.323,AAVE/USDT:USDT,294.96,17.0,294.88,101.0,294.97,101.0,294.98,114.0
1753546983479,16:23:03.479,AAVE/USDT:USDT,294.96,17.0,294.88,101.0,294.97,101.0,294.98,114.0
1753546983598,16:23:03.598,AAVE/USDT:USDT,294.87,221.0,294.86,101.0,294.97,121.0,294.98,94.0
1753546983690,16:23:03.690,AAVE/USDT:USDT,294.91,17.0,294.84,322.0,294.94,101.0,294.95,31.0
1753546983743,16:23:03.743,AAVE/USDT:USDT,294.91,17.0,294.84,322.0,294.94,101.0,294.95,31.0
1753546983882,16:23:03.882,AAVE/USDT:USDT,294.91,17.0,294.84,322.0,294.93,101.0,294.94,20.0
1753546983916,16:23:03.916,AAVE/USDT:USDT,294.91,17.0,294.84,322.0,294.93,101.0,294.94,20.0
1753546984221,16:23:04.221,AAVE/USDT:USDT,294.91,17.0,294.84,322.0,294.94,20.0,294.95,63.0
1753546984356,16:23:04.356,AAVE/USDT:USDT,294.91,17.0,294.84,322.0,294.94,121.0,294.95,63.0
1753546984482,16:23:04.482,AAVE/USDT:USDT,294.92,17.0,294.88,101.0,294.95,31.0,294.97,101.0
1753546984596,16:23:04.596,AAVE/USDT:USDT,294.92,17.0,294.88,101.0,294.95,31.0,294.97,101.0
1753546984684,16:23:04.684,AAVE/USDT:USDT,294.92,17.0,294.88,101.0,294.95,31.0,294.97,101.0
1753546984795,16:23:04.795,AAVE/USDT:USDT,294.85,118.0,294.84,34.0,294.94,121.0,294.97,101.0
1753546984809,16:23:04.809,AAVE/USDT:USDT,294.85,118.0,294.84,34.0,294.94,121.0,294.97,101.0
1753546984917,16:23:04.917,AAVE/USDT:USDT,294.85,118.0,294.84,34.0,294.94,121.0,294.97,101.0
1753546985075,16:23:05.075,AAVE/USDT:USDT,294.91,17.0,294.88,101.0,294.93,20.0,294.96,20.0
1753546985186,16:23:05.186,AAVE/USDT:USDT,294.91,17.0,294.88,101.0,294.93,20.0,294.96,20.0
1753546985221,16:23:05.221,AAVE/USDT:USDT,294.91,17.0,294.88,101.0,294.93,20.0,294.96,20.0
1753546986082,16:23:06.082,AAVE/USDT:USDT,294.92,17.0,294.91,17.0,294.93,20.0,294.98,94.0
1753546986197,16:23:06.197,AAVE/USDT:USDT,294.97,17.0,294.9,101.0,294.98,94.0,295.02,101.0
1753546986294,16:23:06.294,AAVE/USDT:USDT,295.01,17.0,294.93,101.0,295.03,114.0,295.04,3.0
1753546986342,16:23:06.342,AAVE/USDT:USDT,295.01,17.0,294.93,211.0,295.03,94.0,295.05,122.0
1753546986494,16:23:06.494,AAVE/USDT:USDT,295.01,17.0,294.93,321.0,295.03,114.0,295.05,122.0
1753546986581,16:23:06.581,AAVE/USDT:USDT,295.01,17.0,294.93,321.0,295.02,20.0,295.03,114.0
1753546986795,16:23:06.795,AAVE/USDT:USDT,295.01,17.0,294.93,321.0,295.02,20.0,295.03,94.0
1753546986893,16:23:06.893,AAVE/USDT:USDT,295.01,17.0,294.93,321.0,295.04,101.0,295.05,121.0
1753546986926,16:23:06.926,AAVE/USDT:USDT,295.01,17.0,294.93,321.0,295.04,101.0,295.08,99.0
1753546987082,16:23:07.082,AAVE/USDT:USDT,295.01,17.0,294.93,321.0,295.04,101.0,295.08,99.0
1753546987162,16:23:07.162,AAVE/USDT:USDT,295.01,17.0,294.93,321.0,295.03,101.0,295.04,20.0
1753546987297,16:23:07.297,AAVE/USDT:USDT,295.01,17.0,294.93,321.0,295.03,101.0,295.04,20.0
1753546987576,16:23:07.576,AAVE/USDT:USDT,295.01,17.0,294.93,321.0,295.04,20.0,295.05,133.0
1753546987684,16:23:07.684,AAVE/USDT:USDT,295.01,17.0,294.97,101.0,295.05,277.0,295.08,99.0
1753546987762,16:23:07.762,AAVE/USDT:USDT,295.01,17.0,294.97,101.0,295.05,156.0,295.06,101.0
1753546987866,16:23:07.866,AAVE/USDT:USDT,295.01,17.0,294.97,101.0,295.05,156.0,295.06,101.0
1753546987967,16:23:07.967,AAVE/USDT:USDT,295.01,17.0,294.97,101.0,295.05,156.0,295.06,101.0
1753546988081,16:23:08.081,AAVE/USDT:USDT,294.97,101.0,294.94,110.0,295.05,156.0,295.06,101.0
1753546988183,16:23:08.183,AAVE/USDT:USDT,295.01,17.0,295.0,17.0,295.04,127.0,295.05,176.0
1753546988288,16:23:08.288,AAVE/USDT:USDT,295.01,17.0,294.95,101.0,295.04,127.0,295.05,176.0
1753546988339,16:23:08.339,AAVE/USDT:USDT,295.01,17.0,294.95,101.0,295.04,127.0,295.05,176.0
1753546988548,16:23:08.548,AAVE/USDT:USDT,295.01,17.0,294.95,101.0,295.04,127.0,295.05,208.0
1753546988666,16:23:08.666,AAVE/USDT:USDT,295.01,17.0,294.95,101.0,295.04,26.0,295.05,208.0
1753546988754,16:23:08.754,AAVE/USDT:USDT,295.01,17.0,294.95,101.0,295.04,26.0,295.05,208.0
1753546988861,16:23:08.861,AAVE/USDT:USDT,295.01,17.0,294.95,101.0,295.04,26.0,295.05,208.0
1753546989164,16:23:09.164,AAVE/USDT:USDT,295.01,17.0,294.95,101.0,295.04,26.0,295.05,208.0
1753546989461,16:23:09.461,AAVE/USDT:USDT,295.01,17.0,294.95,101.0,295.04,26.0,295.05,208.0
1753546989522,16:23:09.522,AAVE/USDT:USDT,295.01,17.0,294.95,101.0,295.04,26.0,295.05,208.0
1753546989710,16:23:09.710,AAVE/USDT:USDT,295.01,17.0,294.95,101.0,295.04,127.0,295.05,208.0
1753546989806,16:23:09.806,AAVE/USDT:USDT,295.01,17.0,294.95,101.0,295.04,127.0,295.05,208.0
1753546990021,16:23:10.021,AAVE/USDT:USDT,295.01,17.0,294.95,101.0,295.04,127.0,295.05,208.0
1753546990682,16:23:10.682,AAVE/USDT:USDT,294.95,101.0,294.93,146.0,295.04,26.0,295.05,208.0
1753546990762,16:23:10.762,AAVE/USDT:USDT,294.95,101.0,294.93,146.0,295.04,46.0,295.05,188.0
1753546990882,16:23:10.882,AAVE/USDT:USDT,295.0,17.0,294.99,17.0,295.04,26.0,295.05,156.0
1753546990992,16:23:10.992,AAVE/USDT:USDT,295.03,17.0,294.98,135.0,295.04,26.0,295.08,99.0
1753546991096,16:23:11.096,AAVE/USDT:USDT,295.03,17.0,294.98,135.0,295.04,26.0,295.08,106.0
1753546991182,16:23:11.182,AAVE/USDT:USDT,295.03,17.0,294.98,135.0,295.04,26.0,295.08,106.0
1753546991380,16:23:11.380,AAVE/USDT:USDT,295.03,17.0,294.98,135.0,295.04,26.0,295.08,106.0
1753546992023,16:23:12.023,AAVE/USDT:USDT,295.03,17.0,294.98,135.0,295.04,26.0,295.08,106.0
1753546992197,16:23:12.197,AAVE/USDT:USDT,295.04,17.0,295.03,17.0,295.07,101.0,295.08,106.0
1753546992263,16:23:12.263,AAVE/USDT:USDT,295.06,17.0,294.98,322.0,295.07,101.0,295.08,5.0
1753546992372,16:23:12.372,AAVE/USDT:USDT,295.06,17.0,294.98,322.0,295.07,101.0,295.08,5.0
1753546992642,16:23:12.642,AAVE/USDT:USDT,295.06,17.0,294.98,322.0,295.07,101.0,295.08,5.0
1753546993041,16:23:13.041,AAVE/USDT:USDT,295.06,17.0,294.98,322.0,295.07,101.0,295.08,5.0
1753546993103,16:23:13.103,AAVE/USDT:USDT,295.06,17.0,294.98,322.0,295.07,101.0,295.08,5.0
1753546993286,16:23:13.286,AAVE/USDT:USDT,295.07,17.0,295.06,17.0,295.08,5.0,295.09,94.0
1753546993392,16:23:13.392,AAVE/USDT:USDT,295.07,17.0,295.01,101.0,295.08,5.0,295.09,94.0
1753546993495,16:23:13.495,AAVE/USDT:USDT,295.07,17.0,295.01,101.0,295.08,5.0,295.09,94.0
1753546993684,16:23:13.684,AAVE/USDT:USDT,295.07,17.0,295.01,101.0,295.08,5.0,295.09,94.0
1753546993702,16:23:13.702,AAVE/USDT:USDT,295.07,17.0,295.01,101.0,295.08,5.0,295.09,94.0
1753546993829,16:23:13.829,AAVE/USDT:USDT,295.07,17.0,295.01,101.0,295.08,5.0,295.09,94.0
1753546993979,16:23:13.979,AAVE/USDT:USDT,295.07,17.0,295.01,101.0,295.08,5.0,295.1,235.0
1753546994062,16:23:14.062,AAVE/USDT:USDT,295.07,17.0,295.01,101.0,295.08,5.0,295.1,235.0
1753546994102,16:23:14.102,AAVE/USDT:USDT,295.07,17.0,295.01,101.0,295.08,5.0,295.1,235.0
1753546994290,16:23:14.290,AAVE/USDT:USDT,295.07,17.0,295.01,101.0,295.08,5.0,295.1,235.0
1753546994324,16:23:14.324,AAVE/USDT:USDT,295.07,17.0,295.01,101.0,295.08,5.0,295.1,235.0
1753546994465,16:23:14.465,AAVE/USDT:USDT,295.07,17.0,295.01,101.0,295.08,5.0,295.1,235.0
1753546994595,16:23:14.595,AAVE/USDT:USDT,295.07,34.0,295.04,34.0,295.08,26.0,295.1,3.0
1753546994697,16:23:14.697,AAVE/USDT:USDT,295.07,34.0,295.05,101.0,295.08,26.0,295.11,10.0
1753546994782,16:23:14.782,AAVE/USDT:USDT,295.07,34.0,295.05,101.0,295.08,26.0,295.11,10.0
1753546994803,16:23:14.803,AAVE/USDT:USDT,295.07,34.0,295.05,101.0,295.08,26.0,295.11,10.0
1753546994941,16:23:14.941,AAVE/USDT:USDT,295.07,34.0,295.05,101.0,295.08,26.0,295.11,10.0
1753546995081,16:23:15.081,AAVE/USDT:USDT,295.07,34.0,295.05,101.0,295.08,26.0,295.11,10.0
1753546995192,16:23:15.192,AAVE/USDT:USDT,295.07,34.0,295.05,101.0,295.08,26.0,295.11,10.0
1753546995219,16:23:15.219,AAVE/USDT:USDT,295.07,34.0,295.05,101.0,295.08,26.0,295.11,10.0
1753546995588,16:23:15.588,AAVE/USDT:USDT,295.07,34.0,295.05,101.0,295.08,26.0,295.11,10.0
1753546995613,16:23:15.613,AAVE/USDT:USDT,295.07,34.0,295.05,101.0,295.08,26.0,295.11,10.0
1753546995713,16:23:15.713,AAVE/USDT:USDT,295.07,34.0,295.05,101.0,295.08,26.0,295.11,10.0
1753546996083,16:23:16.083,AAVE/USDT:USDT,295.07,34.0,295.05,101.0,295.08,26.0,295.11,10.0
1753546996181,16:23:16.181,AAVE/USDT:USDT,295.07,34.0,295.05,101.0,295.08,26.0,295.11,10.0
1753546996273,16:23:16.273,AAVE/USDT:USDT,295.07,34.0,295.05,101.0,295.08,26.0,295.11,10.0
1753546996496,16:23:16.496,AAVE/USDT:USDT,295.07,34.0,295.04,34.0,295.08,26.0,295.11,10.0
1753546996593,16:23:16.593,AAVE/USDT:USDT,295.07,34.0,295.01,100.0,295.08,26.0,295.11,10.0
1753546996697,16:23:16.697,AAVE/USDT:USDT,295.07,17.0,295.01,100.0,295.08,26.0,295.11,10.0
1753546996782,16:23:16.782,AAVE/USDT:USDT,295.07,17.0,295.01,134.0,295.08,26.0,295.11,10.0
1753546996806,16:23:16.806,AAVE/USDT:USDT,295.07,17.0,295.01,134.0,295.08,26.0,295.11,10.0
1753546997090,16:23:17.090,AAVE/USDT:USDT,295.07,17.0,295.03,100.0,295.08,26.0,295.11,10.0
1753546997180,16:23:17.180,AAVE/USDT:USDT,295.07,17.0,295.03,100.0,295.08,26.0,295.11,10.0
1753546997262,16:23:17.262,AAVE/USDT:USDT,295.07,17.0,295.03,100.0,295.08,26.0,295.11,10.0
1753546997536,16:23:17.536,AAVE/USDT:USDT,295.07,17.0,295.03,100.0,295.08,26.0,295.11,10.0
1753546997638,16:23:17.638,AAVE/USDT:USDT,295.07,17.0,295.03,100.0,295.08,26.0,295.11,10.0
1753546997714,16:23:17.714,AAVE/USDT:USDT,295.07,17.0,295.03,100.0,295.08,26.0,295.11,10.0
1753546998067,16:23:18.067,AAVE/USDT:USDT,295.07,17.0,295.03,100.0,295.08,26.0,295.11,10.0
1753546998196,16:23:18.196,AAVE/USDT:USDT,295.07,17.0,295.03,100.0,295.08,26.0,295.11,10.0
1753546998294,16:23:18.294,AAVE/USDT:USDT,295.07,17.0,295.03,100.0,295.08,26.0,295.11,10.0
1753546998467,16:23:18.467,AAVE/USDT:USDT,295.07,17.0,295.03,100.0,295.08,26.0,295.11,10.0
1753546998568,16:23:18.568,AAVE/USDT:USDT,295.07,17.0,295.03,100.0,295.08,26.0,295.11,10.0
1753546998604,16:23:18.604,AAVE/USDT:USDT,295.07,34.0,295.03,100.0,295.08,5.0,295.11,10.0
1753546999181,16:23:19.181,AAVE/USDT:USDT,295.07,17.0,295.03,100.0,295.08,5.0,295.11,10.0
1753546999509,16:23:19.509,AAVE/USDT:USDT,295.07,17.0,295.03,100.0,295.08,5.0,295.11,10.0
1753546999697,16:23:19.697,AAVE/USDT:USDT,295.07,17.0,295.03,100.0,295.08,5.0,295.11,10.0
1753546999998,16:23:19.998,AAVE/USDT:USDT,295.06,34.0,295.01,148.0,295.07,26.0,295.08,5.0
1753547000092,16:23:20.092,AAVE/USDT:USDT,295.06,34.0,295.04,100.0,295.07,26.0,295.08,5.0
1753547000242,16:23:20.242,AAVE/USDT:USDT,295.06,34.0,295.01,148.0,295.07,26.0,295.08,5.0
1753547000397,16:23:20.397,AAVE/USDT:USDT,295.06,34.0,295.01,148.0,295.07,26.0,295.08,5.0
1753547000683,16:23:20.683,AAVE/USDT:USDT,295.06,34.0,295.01,148.0,295.07,26.0,295.08,5.0
1753547000829,16:23:20.829,AAVE/USDT:USDT,295.06,34.0,295.01,148.0,295.07,26.0,295.08,5.0
1753547000961,16:23:20.961,AAVE/USDT:USDT,295.06,34.0,295.01,148.0,295.07,26.0,295.08,5.0
1753547001021,16:23:21.021,AAVE/USDT:USDT,295.06,34.0,295.01,148.0,295.07,26.0,295.08,5.0
1753547001197,16:23:21.197,AAVE/USDT:USDT,295.06,60.0,295.01,148.0,295.07,26.0,295.08,5.0
1753547001200,16:23:21.200,AAVE/USDT:USDT,295.06,34.0,295.01,148.0,295.07,26.0,295.08,5.0
1753547001394,16:23:21.394,AAVE/USDT:USDT,295.06,34.0,295.01,148.0,295.07,26.0,295.08,5.0
1753547001464,16:23:21.464,AAVE/USDT:USDT,295.06,17.0,295.01,148.0,295.07,26.0,295.08,5.0
1753547001512,16:23:21.512,AAVE/USDT:USDT,295.06,17.0,295.01,148.0,295.07,26.0,295.08,5.0
1753547002061,16:23:22.061,AAVE/USDT:USDT,295.06,17.0,295.01,148.0,295.07,26.0,295.08,5.0
1753547002706,16:23:22.706,AAVE/USDT:USDT,295.06,17.0,295.01,148.0,295.07,26.0,295.08,5.0
1753547002852,16:23:22.852,AAVE/USDT:USDT,295.06,34.0,295.01,148.0,295.07,26.0,295.08,5.0
1753547003070,16:23:23.070,AAVE/USDT:USDT,295.06,34.0,295.01,148.0,295.07,26.0,295.08,5.0
1753547003350,16:23:23.350,AAVE/USDT:USDT,295.06,34.0,295.01,148.0,295.07,26.0,295.08,5.0
1753547004210,16:23:24.210,AAVE/USDT:USDT,295.06,34.0,295.01,148.0,295.07,26.0,295.08,5.0
1753547004416,16:23:24.416,AAVE/USDT:USDT,295.06,34.0,295.04,100.0,295.07,26.0,295.08,5.0
1753547004501,16:23:24.501,AAVE/USDT:USDT,295.06,34.0,295.04,100.0,295.07,26.0,295.08,5.0
1753547004699,16:23:24.699,AAVE/USDT:USDT,295.06,17.0,295.01,148.0,295.07,26.0,295.08,5.0
1753547005165,16:23:25.165,AAVE/USDT:USDT,295.07,34.0,295.02,17.0,295.08,5.0,295.11,30.0
1753547005296,16:23:25.296,AAVE/USDT:USDT,295.07,34.0,295.02,17.0,295.08,5.0,295.11,30.0
1753547005471,16:23:25.471,AAVE/USDT:USDT,295.07,34.0,295.02,17.0,295.08,130.0,295.1,32.0
1753547005567,16:23:25.567,AAVE/USDT:USDT,295.07,34.0,295.02,17.0,295.08,31.0,295.1,131.0
1753547005606,16:23:25.606,AAVE/USDT:USDT,295.07,34.0,295.02,17.0,295.08,5.0,295.1,131.0
1753547005750,16:23:25.750,AAVE/USDT:USDT,295.07,34.0,295.02,17.0,295.08,5.0,295.1,131.0
1753547005868,16:23:25.868,AAVE/USDT:USDT,295.07,34.0,295.02,17.0,295.08,5.0,295.1,131.0
1753547006081,16:23:26.081,AAVE/USDT:USDT,295.07,34.0,295.02,17.0,295.08,5.0,295.1,131.0
1753547006165,16:23:26.165,AAVE/USDT:USDT,295.07,17.0,295.02,17.0,295.08,29.0,295.1,131.0
1753547006283,16:23:26.283,AAVE/USDT:USDT,295.02,17.0,295.01,48.0,295.08,29.0,295.1,131.0
1753547006355,16:23:26.355,AAVE/USDT:USDT,295.02,17.0,295.01,48.0,295.08,29.0,295.1,131.0
1753547006559,16:23:26.559,AAVE/USDT:USDT,295.02,17.0,295.01,48.0,295.08,29.0,295.1,131.0
1753547006881,16:23:26.881,AAVE/USDT:USDT,295.02,17.0,295.01,48.0,295.08,29.0,295.1,131.0
1753547006994,16:23:26.994,AAVE/USDT:USDT,295.07,34.0,295.02,116.0,295.08,29.0,295.1,131.0
1753547007093,16:23:27.093,AAVE/USDT:USDT,295.07,34.0,295.02,116.0,295.08,29.0,295.1,131.0
1753547007175,16:23:27.175,AAVE/USDT:USDT,295.07,34.0,295.02,116.0,295.08,29.0,295.1,131.0
1753547007224,16:23:27.224,AAVE/USDT:USDT,295.07,34.0,295.02,116.0,295.08,29.0,295.1,99.0
1753547007386,16:23:27.386,AAVE/USDT:USDT,295.07,34.0,295.02,116.0,295.08,29.0,295.1,99.0
1753547007496,16:23:27.496,AAVE/USDT:USDT,295.07,34.0,295.02,116.0,295.08,29.0,295.11,10.0
1753547007724,16:23:27.724,AAVE/USDT:USDT,295.07,34.0,295.02,116.0,295.08,29.0,295.11,10.0
1753547007807,16:23:27.807,AAVE/USDT:USDT,295.07,34.0,295.02,116.0,295.08,29.0,295.11,10.0
1753547008027,16:23:28.027,AAVE/USDT:USDT,295.07,34.0,295.02,116.0,295.08,29.0,295.11,10.0
1753547008747,16:23:28.747,AAVE/USDT:USDT,295.07,34.0,295.02,116.0,295.08,29.0,295.11,10.0
1753547009071,16:23:29.071,AAVE/USDT:USDT,295.07,34.0,295.02,116.0,295.08,29.0,295.11,10.0
1753547009298,16:23:29.298,AAVE/USDT:USDT,294.93,101.0,294.9,40.0,295.05,120.0,295.06,30.0
1753547009382,16:23:29.382,AAVE/USDT:USDT,295.0,17.0,294.94,97.0,295.04,99.0,295.06,20.0
1753547009490,16:23:29.490,AAVE/USDT:USDT,295.0,17.0,294.94,97.0,295.03,150.0,295.04,43.0
1753547009592,16:23:29.592,AAVE/USDT:USDT,295.04,25.0,294.97,110.0,295.06,222.0,295.07,148.0
1753547009696,16:23:29.696,AAVE/USDT:USDT,294.95,17.0,294.94,99.0,295.06,119.0,295.07,148.0
1753547009781,16:23:29.781,AAVE/USDT:USDT,295.01,17.0,294.97,99.0,295.06,119.0,295.07,80.0
1753547009887,16:23:29.887,AAVE/USDT:USDT,295.01,17.0,294.97,99.0,295.05,120.0,295.06,119.0
1753547009957,16:23:29.957,AAVE/USDT:USDT,295.01,17.0,294.97,99.0,295.05,120.0,295.06,119.0
1753547010041,16:23:30.041,AAVE/USDT:USDT,295.01,17.0,294.97,99.0,295.05,120.0,295.06,20.0
1753547010283,16:23:30.283,AAVE/USDT:USDT,294.99,17.0,294.97,99.0,295.06,119.0,295.07,80.0
1753547010385,16:23:30.385,AAVE/USDT:USDT,294.99,17.0,294.97,99.0,295.05,21.0,295.06,119.0
1753547010405,16:23:30.405,AAVE/USDT:USDT,295.0,17.0,294.97,99.0,295.05,21.0,295.06,119.0
1753547010664,16:23:30.664,AAVE/USDT:USDT,295.0,17.0,294.94,99.0,295.04,129.0,295.05,21.0
1753547010728,16:23:30.728,AAVE/USDT:USDT,295.0,17.0,294.94,99.0,295.04,129.0,295.05,21.0
1753547010982,16:23:30.982,AAVE/USDT:USDT,295.0,17.0,294.95,34.0,295.04,129.0,295.07,49.0
1753547011144,16:23:31.144,AAVE/USDT:USDT,295.0,17.0,294.95,34.0,295.04,129.0,295.07,49.0
1753547011199,16:23:31.199,AAVE/USDT:USDT,295.0,17.0,294.95,34.0,295.04,129.0,295.07,49.0
1753547011584,16:23:31.584,AAVE/USDT:USDT,295.02,17.0,294.97,99.0,295.03,31.0,295.06,99.0
1753547011676,16:23:31.676,AAVE/USDT:USDT,295.02,17.0,294.97,99.0,295.03,31.0,295.06,99.0
1753547011749,16:23:31.749,AAVE/USDT:USDT,295.02,17.0,294.97,99.0,295.03,31.0,295.06,99.0
1753547012087,16:23:32.087,AAVE/USDT:USDT,295.02,17.0,294.97,99.0,295.03,31.0,295.06,99.0
1753547012156,16:23:32.156,AAVE/USDT:USDT,295.02,17.0,294.97,99.0,295.03,31.0,295.06,99.0
1753547012368,16:23:32.368,AAVE/USDT:USDT,295.02,17.0,294.97,99.0,295.03,31.0,295.06,99.0
1753547012440,16:23:32.440,AAVE/USDT:USDT,295.02,17.0,294.97,99.0,295.03,31.0,295.06,99.0
1753547012852,16:23:32.852,AAVE/USDT:USDT,295.02,17.0,294.97,99.0,295.03,31.0,295.06,99.0
1753547013263,16:23:33.263,AAVE/USDT:USDT,295.02,17.0,294.97,99.0,295.03,31.0,295.06,99.0
1753547013386,16:23:33.386,AAVE/USDT:USDT,294.95,34.0,294.94,99.0,295.03,31.0,295.06,99.0
1753547013420,16:23:33.420,AAVE/USDT:USDT,294.95,34.0,294.94,99.0,295.03,31.0,295.06,99.0
1753547013598,16:23:33.598,AAVE/USDT:USDT,294.95,34.0,294.94,99.0,295.03,31.0,295.06,99.0
1753547013598,16:23:33.598,AAVE/USDT:USDT,294.95,34.0,294.94,99.0,295.03,31.0,295.06,99.0
1753547013781,16:23:33.781,AAVE/USDT:USDT,295.0,17.0,294.96,99.0,295.03,31.0,295.06,99.0
1753547013877,16:23:33.877,AAVE/USDT:USDT,295.0,17.0,294.96,99.0,295.03,31.0,295.06,99.0
1753547014027,16:23:34.027,AAVE/USDT:USDT,295.0,17.0,294.96,99.0,295.03,31.0,295.06,99.0
1753547014146,16:23:34.146,AAVE/USDT:USDT,295.0,17.0,294.96,99.0,295.03,31.0,295.06,99.0
1753547014286,16:23:34.286,AAVE/USDT:USDT,295.0,17.0,294.97,17.0,295.03,44.0,295.04,36.0
1753547014382,16:23:34.382,AAVE/USDT:USDT,295.0,17.0,294.96,17.0,295.03,44.0,295.04,36.0
1753547014450,16:23:34.450,AAVE/USDT:USDT,295.0,17.0,294.96,17.0,295.03,44.0,295.04,36.0
1753547014695,16:23:34.695,AAVE/USDT:USDT,295.01,17.0,294.96,17.0,295.03,31.0,295.06,99.0
1753547014768,16:23:34.768,AAVE/USDT:USDT,295.01,17.0,294.96,17.0,295.03,31.0,295.06,99.0
1753547014895,16:23:34.895,AAVE/USDT:USDT,294.96,17.0,294.95,146.0,295.03,31.0,295.06,99.0
1753547014984,16:23:34.984,AAVE/USDT:USDT,294.96,117.0,294.95,47.0,295.03,31.0,295.06,99.0
1753547015083,16:23:35.083,AAVE/USDT:USDT,294.99,17.0,294.95,147.0,295.03,31.0,295.06,99.0
1753547015169,16:23:35.169,AAVE/USDT:USDT,294.99,17.0,294.95,147.0,295.03,31.0,295.06,99.0
1753547015279,16:23:35.279,AAVE/USDT:USDT,294.99,17.0,294.95,147.0,295.03,31.0,295.06,99.0
1753547015487,16:23:35.487,AAVE/USDT:USDT,295.02,17.0,294.97,100.0,295.03,31.0,295.06,99.0
1753547015595,16:23:35.595,AAVE/USDT:USDT,295.02,17.0,294.95,368.0,295.03,31.0,295.06,99.0
1753547015695,16:23:35.695,AAVE/USDT:USDT,295.02,17.0,294.95,321.0,295.05,51.0,295.06,99.0
1753547016004,16:23:36.004,AAVE/USDT:USDT,295.02,17.0,294.95,321.0,295.05,51.0,295.06,99.0
1753547016111,16:23:36.111,AAVE/USDT:USDT,295.02,17.0,294.95,321.0,295.05,51.0,295.06,99.0
1753547016266,16:23:36.266,AAVE/USDT:USDT,295.02,17.0,294.95,321.0,295.05,51.0,295.06,99.0
1753547016461,16:23:36.461,AAVE/USDT:USDT,295.02,17.0,294.95,321.0,295.05,51.0,295.06,99.0
1753547016587,16:23:36.587,AAVE/USDT:USDT,294.98,17.0,294.97,17.0,295.05,51.0,295.06,99.0
1753547016671,16:23:36.671,AAVE/USDT:USDT,295.01,17.0,294.96,100.0,295.05,51.0,295.06,99.0
1753547016772,16:23:36.772,AAVE/USDT:USDT,295.01,17.0,294.96,100.0,295.05,51.0,295.06,99.0
1753547016940,16:23:36.940,AAVE/USDT:USDT,295.01,17.0,294.96,100.0,295.05,51.0,295.06,99.0
1753547017193,16:23:37.193,AAVE/USDT:USDT,295.01,17.0,294.96,47.0,295.05,51.0,295.06,99.0
1753547017291,16:23:37.291,AAVE/USDT:USDT,295.03,17.0,294.99,100.0,295.05,31.0,295.07,49.0
1753547017365,16:23:37.365,AAVE/USDT:USDT,295.03,17.0,294.99,100.0,295.05,31.0,295.07,49.0
1753547017477,16:23:37.477,AAVE/USDT:USDT,295.03,17.0,294.99,100.0,295.07,49.0,295.08,52.0
1753547017585,16:23:37.585,AAVE/USDT:USDT,294.98,100.0,294.96,47.0,295.05,20.0,295.07,69.0
1753547017771,16:23:37.771,AAVE/USDT:USDT,294.98,100.0,294.96,47.0,295.05,20.0,295.07,69.0
1753547017834,16:23:37.834,AAVE/USDT:USDT,294.98,100.0,294.96,47.0,295.05,20.0,295.07,69.0
1753547017903,16:23:37.903,AAVE/USDT:USDT,294.98,100.0,294.96,47.0,295.05,20.0,295.07,69.0
1753547018010,16:23:38.010,AAVE/USDT:USDT,294.98,100.0,294.96,47.0,295.05,20.0,295.07,69.0
1753547018188,16:23:38.188,AAVE/USDT:USDT,294.98,100.0,294.96,47.0,295.05,20.0,295.07,69.0
1753547019021,16:23:39.021,AAVE/USDT:USDT,294.98,100.0,294.96,47.0,295.05,20.0,295.07,69.0
1753547019274,16:23:39.274,AAVE/USDT:USDT,294.98,100.0,294.96,47.0,295.05,20.0,295.07,69.0
1753547020062,16:23:40.062,AAVE/USDT:USDT,294.98,100.0,294.96,47.0,295.05,20.0,295.08,5.0
1753547020129,16:23:40.129,AAVE/USDT:USDT,294.98,100.0,294.96,47.0,295.05,20.0,295.08,41.0
1753547020357,16:23:40.357,AAVE/USDT:USDT,294.98,100.0,294.96,47.0,295.05,20.0,295.08,41.0
1753547020696,16:23:40.696,AAVE/USDT:USDT,294.98,100.0,294.96,47.0,295.05,20.0,295.08,41.0
1753547020774,16:23:40.774,AAVE/USDT:USDT,294.98,100.0,294.96,47.0,295.05,20.0,295.08,41.0
1753547021082,16:23:41.082,AAVE/USDT:USDT,295.01,17.0,294.98,100.0,295.05,20.0,295.08,41.0
1753547021178,16:23:41.178,AAVE/USDT:USDT,295.01,17.0,294.98,100.0,295.05,20.0,295.08,41.0
1753547021261,16:23:41.261,AAVE/USDT:USDT,295.01,17.0,294.98,100.0,295.05,20.0,295.08,41.0
1753547021376,16:23:41.376,AAVE/USDT:USDT,295.01,17.0,294.98,100.0,295.05,20.0,295.08,41.0
1753547021599,16:23:41.599,AAVE/USDT:USDT,295.01,17.0,294.98,100.0,295.08,41.0,295.09,194.0
1753547021666,16:23:41.666,AAVE/USDT:USDT,295.03,17.0,294.98,100.0,295.07,11.0,295.08,61.0
1753547021772,16:23:41.772,AAVE/USDT:USDT,295.03,17.0,294.98,100.0,295.07,11.0,295.08,61.0
1753547021824,16:23:41.824,AAVE/USDT:USDT,295.03,17.0,294.98,100.0,295.07,11.0,295.08,61.0
1753547022138,16:23:42.138,AAVE/USDT:USDT,295.03,17.0,294.98,100.0,295.07,11.0,295.08,61.0
1753547022281,16:23:42.281,AAVE/USDT:USDT,294.98,100.0,294.96,47.0,295.07,11.0,295.08,61.0
1753547022354,16:23:42.354,AAVE/USDT:USDT,294.98,100.0,294.96,47.0,295.07,11.0,295.08,61.0
1753547022447,16:23:42.447,AAVE/USDT:USDT,294.98,100.0,294.97,94.0,295.07,11.0,295.08,61.0
1753547022663,16:23:42.663,AAVE/USDT:USDT,294.98,100.0,294.97,94.0,295.07,11.0,295.08,61.0
1753547022994,16:23:42.994,AAVE/USDT:USDT,294.98,100.0,294.97,94.0,295.07,11.0,295.08,61.0
1753547023091,16:23:43.091,AAVE/USDT:USDT,295.06,34.0,295.04,134.0,295.07,11.0,295.08,5.0
1753547023180,16:23:43.180,AAVE/USDT:USDT,295.06,34.0,295.04,34.0,295.07,11.0,295.08,5.0
1753547023257,16:23:43.257,AAVE/USDT:USDT,295.06,17.0,295.04,34.0,295.07,11.0,295.08,5.0
1753547023491,16:23:43.491,AAVE/USDT:USDT,295.06,17.0,295.02,100.0,295.07,11.0,295.08,5.0
1753547023775,16:23:43.775,AAVE/USDT:USDT,295.06,17.0,295.0,134.0,295.07,11.0,295.08,5.0
1753547024075,16:23:44.075,AAVE/USDT:USDT,295.06,17.0,295.02,100.0,295.07,11.0,295.08,5.0
1753547024105,16:23:44.105,AAVE/USDT:USDT,295.06,17.0,295.02,100.0,295.07,11.0,295.08,5.0
1753547024281,16:23:44.281,AAVE/USDT:USDT,295.0,17.0,294.99,117.0,295.07,111.0,295.08,5.0
1753547024399,16:23:44.399,AAVE/USDT:USDT,295.05,17.0,295.04,17.0,295.07,11.0,295.08,5.0
1753547024477,16:23:44.477,AAVE/USDT:USDT,295.05,17.0,294.99,210.0,295.07,11.0,295.08,5.0
1753547024553,16:23:44.553,AAVE/USDT:USDT,295.0,100.0,294.97,141.0,295.07,11.0,295.08,5.0
1753547024695,16:23:44.695,AAVE/USDT:USDT,295.0,100.0,294.97,141.0,295.07,11.0,295.08,5.0
1753547024784,16:23:44.784,AAVE/USDT:USDT,294.99,17.0,294.97,94.0,295.06,154.0,295.07,60.0
1753547024888,16:23:44.888,AAVE/USDT:USDT,294.99,17.0,294.95,100.0,295.03,43.0,295.04,141.0
1753547024942,16:23:44.942,AAVE/USDT:USDT,294.95,100.0,294.93,94.0,295.03,63.0,295.04,100.0
1753547025049,16:23:45.049,AAVE/USDT:USDT,294.95,100.0,294.93,94.0,295.03,63.0,295.04,100.0
1753547025191,16:23:45.191,AAVE/USDT:USDT,294.96,17.0,294.95,100.0,295.03,41.0,295.04,100.0
1753547025282,16:23:45.282,AAVE/USDT:USDT,295.0,17.0,294.95,100.0,295.03,21.0,295.04,100.0
1753547025365,16:23:45.365,AAVE/USDT:USDT,295.0,17.0,294.95,100.0,295.03,21.0,295.04,100.0
1753547025415,16:23:45.415,AAVE/USDT:USDT,295.0,17.0,294.95,100.0,295.03,21.0,295.04,100.0
1753547025583,16:23:45.583,AAVE/USDT:USDT,295.0,17.0,294.95,100.0,295.03,21.0,295.04,100.0
1753547025797,16:23:45.797,AAVE/USDT:USDT,295.0,17.0,294.95,100.0,295.04,100.0,295.06,34.0
1753547025894,16:23:45.894,AAVE/USDT:USDT,295.01,17.0,294.95,134.0,295.05,12.0,295.06,33.0
1753547025968,16:23:45.968,AAVE/USDT:USDT,295.04,34.0,294.98,211.0,295.05,12.0,295.06,13.0
1753547026063,16:23:46.063,AAVE/USDT:USDT,295.04,34.0,294.98,211.0,295.05,12.0,295.08,5.0
1753547026180,16:23:46.180,AAVE/USDT:USDT,294.98,100.0,294.95,134.0,295.05,12.0,295.08,5.0
1753547026429,16:23:46.429,AAVE/USDT:USDT,294.98,100.0,294.95,134.0,295.05,12.0,295.08,5.0
1753547026783,16:23:46.783,AAVE/USDT:USDT,294.98,100.0,294.95,134.0,295.05,12.0,295.08,5.0
1753547026851,16:23:46.851,AAVE/USDT:USDT,294.98,100.0,294.95,134.0,295.05,12.0,295.08,5.0
1753547027013,16:23:47.013,AAVE/USDT:USDT,294.98,100.0,294.95,134.0,295.05,12.0,295.08,5.0
1753547027103,16:23:47.103,AAVE/USDT:USDT,294.98,100.0,294.95,134.0,295.05,12.0,295.08,5.0
1753547027658,16:23:47.658,AAVE/USDT:USDT,295.04,34.0,295.03,34.0,295.05,12.0,295.08,5.0
1753547027796,16:23:47.796,AAVE/USDT:USDT,295.04,17.0,294.99,17.0,295.05,12.0,295.08,5.0
1753547027822,16:23:47.822,AAVE/USDT:USDT,294.99,17.0,294.97,141.0,295.05,12.0,295.08,5.0
1753547027910,16:23:47.910,AAVE/USDT:USDT,294.99,17.0,294.97,141.0,295.05,12.0,295.08,5.0
1753547028078,16:23:48.078,AAVE/USDT:USDT,294.99,17.0,294.97,141.0,295.05,12.0,295.08,5.0
1753547028291,16:23:48.291,AAVE/USDT:USDT,295.04,17.0,295.01,17.0,295.05,12.0,295.08,5.0
1753547028382,16:23:48.382,AAVE/USDT:USDT,294.98,221.0,294.97,141.0,295.05,112.0,295.08,5.0
1753547028461,16:23:48.461,AAVE/USDT:USDT,294.97,141.0,294.96,47.0,295.05,112.0,295.08,5.0
1753547028537,16:23:48.537,AAVE/USDT:USDT,294.97,141.0,294.96,47.0,295.05,112.0,295.08,5.0
1753547028929,16:23:48.929,AAVE/USDT:USDT,294.97,141.0,294.96,47.0,295.05,112.0,295.08,5.0
1753547029006,16:23:49.006,AAVE/USDT:USDT,294.97,141.0,294.96,47.0,295.05,112.0,295.08,5.0
1753547029345,16:23:49.345,AAVE/USDT:USDT,294.97,141.0,294.96,47.0,295.05,112.0,295.08,5.0
1753547029789,16:23:49.789,AAVE/USDT:USDT,294.97,141.0,294.96,47.0,295.05,112.0,295.08,5.0
1753547030000,16:23:50.000,AAVE/USDT:USDT,294.97,141.0,294.96,47.0,295.05,100.0,295.08,5.0
1753547030161,16:23:50.161,AAVE/USDT:USDT,294.97,141.0,294.96,47.0,295.05,100.0,295.08,5.0
1753547030296,16:23:50.296,AAVE/USDT:USDT,295.07,34.0,295.01,100.0,295.08,5.0,295.09,100.0
1753547030348,16:23:50.348,AAVE/USDT:USDT,295.07,34.0,295.01,100.0,295.08,5.0,295.09,100.0
1753547030582,16:23:50.582,AAVE/USDT:USDT,295.07,34.0,295.01,100.0,295.08,5.0,295.09,100.0
1753547030668,16:23:50.668,AAVE/USDT:USDT,295.07,34.0,295.01,100.0,295.08,5.0,295.11,177.0
1753547030721,16:23:50.721,AAVE/USDT:USDT,295.07,34.0,295.01,100.0,295.08,5.0,295.11,177.0
1753547030862,16:23:50.862,AAVE/USDT:USDT,295.07,34.0,295.01,100.0,295.08,5.0,295.11,177.0
1753547030976,16:23:50.976,AAVE/USDT:USDT,295.07,34.0,295.01,100.0,295.08,5.0,295.11,177.0
1753547031188,16:23:51.188,AAVE/USDT:USDT,295.07,17.0,295.0,221.0,295.08,136.0,295.11,177.0
1753547031289,16:23:51.289,AAVE/USDT:USDT,295.03,34.0,295.02,34.0,295.07,17.0,295.08,136.0
1753547031370,16:23:51.370,AAVE/USDT:USDT,295.03,34.0,294.99,100.0,295.07,17.0,295.08,36.0
1753547031444,16:23:51.444,AAVE/USDT:USDT,295.03,34.0,294.99,100.0,295.07,17.0,295.08,36.0
1753547031551,16:23:51.551,AAVE/USDT:USDT,295.03,34.0,294.99,100.0,295.07,17.0,295.08,36.0
1753547031942,16:23:51.942,AAVE/USDT:USDT,295.03,34.0,294.99,100.0,295.07,17.0,295.08,36.0
1753547032513,16:23:52.513,AAVE/USDT:USDT,295.03,34.0,294.99,100.0,295.07,17.0,295.08,36.0
1753547032675,16:23:52.675,AAVE/USDT:USDT,295.03,34.0,294.99,100.0,295.07,17.0,295.08,36.0
1753547032795,16:23:52.795,AAVE/USDT:USDT,295.03,34.0,294.99,100.0,295.07,17.0,295.08,36.0
1753547033010,16:23:53.010,AAVE/USDT:USDT,295.03,34.0,294.99,100.0,295.07,17.0,295.08,36.0
1753547033811,16:23:53.811,AAVE/USDT:USDT,295.03,34.0,294.99,100.0,295.07,117.0,295.08,36.0
1753547033907,16:23:53.907,AAVE/USDT:USDT,295.03,34.0,294.99,100.0,295.07,117.0,295.08,36.0
1753547034084,16:23:54.084,AAVE/USDT:USDT,295.03,34.0,294.99,100.0,295.07,117.0,295.08,36.0
1753547034120,16:23:54.120,AAVE/USDT:USDT,295.03,34.0,294.99,100.0,295.07,117.0,295.08,36.0
1753547034297,16:23:54.297,AAVE/USDT:USDT,295.06,60.0,295.01,34.0,295.07,17.0,295.08,36.0
1753547034370,16:23:54.370,AAVE/USDT:USDT,295.06,34.0,295.01,34.0,295.07,17.0,295.08,36.0
1753547034694,16:23:54.694,AAVE/USDT:USDT,294.99,221.0,294.97,94.0,295.07,117.0,295.08,36.0
1753547034795,16:23:54.795,AAVE/USDT:USDT,295.05,17.0,295.0,34.0,295.06,10.0,295.07,17.0
1753547034875,16:23:54.875,AAVE/USDT:USDT,295.05,17.0,295.0,34.0,295.07,17.0,295.08,36.0
1753547035124,16:23:55.124,AAVE/USDT:USDT,295.05,17.0,295.0,34.0,295.07,17.0,295.08,36.0
1753547035200,16:23:55.200,AAVE/USDT:USDT,295.05,17.0,295.0,34.0,295.07,17.0,295.08,5.0
1753547035665,16:23:55.665,AAVE/USDT:USDT,295.05,17.0,295.0,34.0,295.07,17.0,295.08,5.0
1753547035799,16:23:55.799,AAVE/USDT:USDT,295.06,26.0,295.05,17.0,295.07,17.0,295.08,5.0
1753547035822,16:23:55.822,AAVE/USDT:USDT,295.0,135.0,294.99,10.0,295.07,28.0,295.08,5.0
1753547035985,16:23:55.985,AAVE/USDT:USDT,295.06,34.0,295.02,17.0,295.07,28.0,295.08,5.0
1753547036079,16:23:56.079,AAVE/USDT:USDT,295.06,34.0,295.02,17.0,295.07,28.0,295.08,5.0
1753547036345,16:23:56.345,AAVE/USDT:USDT,295.06,34.0,295.02,17.0,295.07,28.0,295.08,5.0
1753547036437,16:23:56.437,AAVE/USDT:USDT,295.06,34.0,295.02,17.0,295.07,28.0,295.08,5.0
1753547036508,16:23:56.508,AAVE/USDT:USDT,295.06,34.0,295.02,17.0,295.07,28.0,295.08,5.0
1753547036705,16:23:56.705,AAVE/USDT:USDT,295.06,34.0,295.02,17.0,295.07,28.0,295.08,5.0
1753547037285,16:23:57.285,AAVE/USDT:USDT,295.06,17.0,295.02,17.0,295.07,28.0,295.08,5.0
1753547037353,16:23:57.353,AAVE/USDT:USDT,295.02,17.0,295.0,101.0,295.07,28.0,295.08,5.0
1753547037572,16:23:57.572,AAVE/USDT:USDT,295.02,17.0,295.0,101.0,295.07,28.0,295.08,5.0
1753547037737,16:23:57.737,AAVE/USDT:USDT,295.02,17.0,295.0,101.0,295.07,28.0,295.08,5.0
1753547038382,16:23:58.382,AAVE/USDT:USDT,295.06,34.0,295.02,17.0,295.07,28.0,295.08,5.0
1753547038433,16:23:58.433,AAVE/USDT:USDT,295.06,34.0,295.02,17.0,295.07,28.0,295.08,5.0
1753547038515,16:23:58.515,AAVE/USDT:USDT,295.06,34.0,295.02,17.0,295.07,28.0,295.08,5.0
1753547038783,16:23:58.783,AAVE/USDT:USDT,295.06,34.0,295.02,17.0,295.07,28.0,295.08,5.0
1753547038815,16:23:58.815,AAVE/USDT:USDT,295.06,34.0,295.02,17.0,295.07,28.0,295.08,5.0
1753547039557,16:23:59.557,AAVE/USDT:USDT,295.06,17.0,295.0,101.0,295.07,28.0,295.08,5.0
1753547039610,16:23:59.610,AAVE/USDT:USDT,295.06,17.0,295.0,101.0,295.07,28.0,295.08,5.0
1753547040005,16:24:00.005,AAVE/USDT:USDT,295.06,17.0,295.0,101.0,295.07,17.0,295.08,5.0
1753547040242,16:24:00.242,AAVE/USDT:USDT,295.06,17.0,295.0,101.0,295.07,11.0,295.08,5.0
1753547040355,16:24:00.355,AAVE/USDT:USDT,295.06,17.0,295.0,101.0,295.07,11.0,295.08,5.0
1753547040463,16:24:00.463,AAVE/USDT:USDT,295.06,17.0,295.0,101.0,295.07,11.0,295.08,5.0
1753547041841,16:24:01.841,AAVE/USDT:USDT,295.06,17.0,295.0,101.0,295.07,11.0,295.08,5.0
1753547042072,16:24:02.072,AAVE/USDT:USDT,295.06,17.0,295.0,101.0,295.07,11.0,295.08,5.0
1753547042309,16:24:02.309,AAVE/USDT:USDT,295.06,17.0,295.0,101.0,295.07,11.0,295.08,5.0
1753547043353,16:24:03.353,AAVE/USDT:USDT,295.06,17.0,295.0,101.0,295.07,11.0,295.08,5.0
1753547043527,16:24:03.527,AAVE/USDT:USDT,295.06,17.0,295.0,101.0,295.07,11.0,295.08,5.0
1753547043653,16:24:03.653,AAVE/USDT:USDT,295.06,17.0,295.0,101.0,295.07,11.0,295.08,5.0
1753547044290,16:24:04.290,AAVE/USDT:USDT,295.07,34.0,295.04,101.0,295.08,5.0,295.11,10.0
1753547044386,16:24:04.386,AAVE/USDT:USDT,295.07,34.0,295.04,101.0,295.08,5.0,295.11,10.0
1753547044471,16:24:04.471,AAVE/USDT:USDT,295.07,34.0,295.04,101.0,295.08,5.0,295.11,10.0
1753547044856,16:24:04.856,AAVE/USDT:USDT,295.07,34.0,295.04,101.0,295.08,5.0,295.11,10.0
1753547045006,16:24:05.006,AAVE/USDT:USDT,295.07,34.0,295.04,101.0,295.08,5.0,295.11,10.0
1753547045263,16:24:05.263,AAVE/USDT:USDT,295.07,34.0,295.04,101.0,295.08,5.0,295.11,10.0
1753547046388,16:24:06.388,AAVE/USDT:USDT,295.07,34.0,295.04,101.0,295.08,5.0,295.11,10.0
1753547046401,16:24:06.401,AAVE/USDT:USDT,295.07,34.0,295.04,101.0,295.08,5.0,295.11,10.0
1753547047398,16:24:07.398,AAVE/USDT:USDT,295.02,101.0,295.0,212.0,295.08,17.0,295.1,33.0
1753547047443,16:24:07.443,AAVE/USDT:USDT,295.0,101.0,294.99,47.0,295.08,17.0,295.1,33.0
1753547047525,16:24:07.525,AAVE/USDT:USDT,295.0,101.0,294.99,47.0,295.08,17.0,295.1,33.0
1753547047787,16:24:07.787,AAVE/USDT:USDT,295.0,101.0,294.99,47.0,295.08,116.0,295.1,33.0
1753547047898,16:24:07.898,AAVE/USDT:USDT,295.0,101.0,294.99,47.0,295.08,17.0,295.1,33.0
1753547047975,16:24:07.975,AAVE/USDT:USDT,295.05,17.0,295.01,99.0,295.08,17.0,295.1,33.0
1753547048082,16:24:08.082,AAVE/USDT:USDT,295.02,34.0,295.01,99.0,295.08,17.0,295.11,10.0
1753547048183,16:24:08.183,AAVE/USDT:USDT,295.04,34.0,295.01,99.0,295.08,17.0,295.11,10.0
1753547048313,16:24:08.313,AAVE/USDT:USDT,295.04,34.0,295.01,99.0,295.08,17.0,295.11,10.0
1753547048420,16:24:08.420,AAVE/USDT:USDT,295.04,34.0,295.01,99.0,295.08,17.0,295.11,10.0
1753547048581,16:24:08.581,AAVE/USDT:USDT,295.04,34.0,295.01,99.0,295.08,17.0,295.11,10.0
1753547048893,16:24:08.893,AAVE/USDT:USDT,295.04,34.0,295.03,35.0,295.08,17.0,295.11,10.0
1753547048963,16:24:08.963,AAVE/USDT:USDT,295.05,17.0,295.03,35.0,295.08,17.0,295.11,10.0
1753547049069,16:24:09.069,AAVE/USDT:USDT,295.05,17.0,295.03,35.0,295.08,17.0,295.11,10.0
1753547049393,16:24:09.393,AAVE/USDT:USDT,295.03,35.0,295.02,35.0,295.08,17.0,295.11,10.0
1753547049423,16:24:09.423,AAVE/USDT:USDT,295.03,35.0,295.02,35.0,295.08,17.0,295.11,10.0
1753547049800,16:24:09.800,AAVE/USDT:USDT,295.03,35.0,295.02,35.0,295.08,17.0,295.11,10.0
1753547050062,16:24:10.062,AAVE/USDT:USDT,295.03,35.0,295.02,35.0,295.08,17.0,295.11,10.0
1753547050799,16:24:10.799,AAVE/USDT:USDT,295.07,34.0,295.04,99.0,295.08,17.0,295.11,10.0
1753547050888,16:24:10.888,AAVE/USDT:USDT,295.07,34.0,295.04,99.0,295.08,17.0,295.11,10.0
1753547050915,16:24:10.915,AAVE/USDT:USDT,295.07,34.0,295.04,99.0,295.08,17.0,295.11,10.0
1753547051070,16:24:11.070,AAVE/USDT:USDT,295.07,34.0,295.04,99.0,295.08,17.0,295.11,10.0
1753547051399,16:24:11.399,AAVE/USDT:USDT,295.07,34.0,295.04,99.0,295.08,5.0,295.11,10.0
1753547051405,16:24:11.405,AAVE/USDT:USDT,295.07,34.0,295.04,99.0,295.08,5.0,295.11,10.0
1753547052262,16:24:12.262,AAVE/USDT:USDT,295.07,34.0,295.04,99.0,295.08,5.0,295.11,10.0
1753547052441,16:24:12.441,AAVE/USDT:USDT,295.07,34.0,295.04,99.0,295.08,5.0,295.11,10.0
1753547053922,16:24:13.922,AAVE/USDT:USDT,295.07,34.0,295.04,99.0,295.08,5.0,295.11,10.0
1753547054071,16:24:14.071,AAVE/USDT:USDT,295.07,34.0,295.04,99.0,295.08,5.0,295.11,10.0
1753547054367,16:24:14.367,AAVE/USDT:USDT,295.07,17.0,295.04,99.0,295.08,5.0,295.11,10.0
1753547054417,16:24:14.417,AAVE/USDT:USDT,295.07,17.0,295.04,99.0,295.08,5.0,295.11,10.0
1753547054562,16:24:14.562,AAVE/USDT:USDT,295.03,35.0,295.02,35.0,295.08,5.0,295.11,30.0
1753547054697,16:24:14.697,AAVE/USDT:USDT,295.07,34.0,295.03,134.0,295.08,5.0,295.11,10.0
1753547054749,16:24:14.749,AAVE/USDT:USDT,295.07,34.0,295.03,134.0,295.08,5.0,295.11,10.0
1753547054863,16:24:14.863,AAVE/USDT:USDT,295.07,34.0,295.03,134.0,295.08,5.0,295.11,10.0
1753547055394,16:24:15.394,AAVE/USDT:USDT,294.98,100.0,294.97,94.0,295.08,68.0,295.09,33.0
1753547055490,16:24:15.490,AAVE/USDT:USDT,294.98,100.0,294.97,94.0,295.08,68.0,295.09,33.0
1753547055594,16:24:15.594,AAVE/USDT:USDT,295.0,17.0,294.99,34.0,295.06,12.0,295.07,21.0
1753547055671,16:24:15.671,AAVE/USDT:USDT,295.01,17.0,295.0,10.0,295.06,12.0,295.08,159.0
1753547055775,16:24:15.775,AAVE/USDT:USDT,295.01,17.0,295.0,10.0,295.06,12.0,295.08,159.0
1753547055886,16:24:15.886,AAVE/USDT:USDT,295.01,17.0,295.0,10.0,295.06,12.0,295.08,118.0
1753547055962,16:24:15.962,AAVE/USDT:USDT,295.01,118.0,295.0,10.0,295.06,12.0,295.08,17.0
1753547056369,16:24:16.369,AAVE/USDT:USDT,295.01,118.0,295.0,10.0,295.06,12.0,295.08,17.0
1753547056577,16:24:16.577,AAVE/USDT:USDT,295.05,34.0,295.02,101.0,295.06,12.0,295.08,5.0
1753547056682,16:24:16.682,AAVE/USDT:USDT,295.05,34.0,295.02,101.0,295.06,12.0,295.08,5.0
1753547056723,16:24:16.723,AAVE/USDT:USDT,295.05,34.0,295.02,101.0,295.06,12.0,295.08,5.0
1753547056988,16:24:16.988,AAVE/USDT:USDT,295.05,34.0,295.02,101.0,295.06,12.0,295.08,5.0
1753547057069,16:24:17.069,AAVE/USDT:USDT,295.05,34.0,295.02,101.0,295.06,12.0,295.08,5.0
1753547057115,16:24:17.115,AAVE/USDT:USDT,295.05,34.0,295.04,35.0,295.06,12.0,295.08,5.0
1753547057206,16:24:17.206,AAVE/USDT:USDT,295.05,34.0,295.04,35.0,295.06,12.0,295.08,5.0
1753547057911,16:24:17.911,AAVE/USDT:USDT,295.05,34.0,295.04,35.0,295.06,12.0,295.08,5.0
1753547058007,16:24:18.007,AAVE/USDT:USDT,295.05,34.0,295.04,35.0,295.06,12.0,295.08,5.0
1753547058356,16:24:18.356,AAVE/USDT:USDT,295.05,34.0,295.04,35.0,295.06,12.0,295.08,5.0
1753547058465,16:24:18.465,AAVE/USDT:USDT,295.05,34.0,295.04,35.0,295.06,12.0,295.08,5.0
1753547058535,16:24:18.535,AAVE/USDT:USDT,295.05,34.0,295.04,35.0,295.06,12.0,295.08,5.0
1753547058829,16:24:18.829,AAVE/USDT:USDT,295.05,34.0,295.04,35.0,295.06,12.0,295.08,5.0
1753547059488,16:24:19.488,AAVE/USDT:USDT,295.07,34.0,295.06,101.0,295.08,5.0,295.11,10.0
1753547059581,16:24:19.581,AAVE/USDT:USDT,295.07,34.0,295.04,35.0,295.08,5.0,295.1,3.0
1753547059665,16:24:19.665,AAVE/USDT:USDT,295.07,34.0,295.04,35.0,295.08,5.0,295.1,3.0
1753547059713,16:24:19.713,AAVE/USDT:USDT,295.07,34.0,295.05,101.0,295.08,5.0,295.1,3.0
1753547059982,16:24:19.982,AAVE/USDT:USDT,295.07,34.0,295.05,101.0,295.08,5.0,295.1,3.0
1753547060070,16:24:20.070,AAVE/USDT:USDT,295.07,34.0,295.05,101.0,295.08,5.0,295.1,3.0
1753547060719,16:24:20.719,AAVE/USDT:USDT,295.07,34.0,295.05,101.0,295.08,5.0,295.1,3.0
1753547060907,16:24:20.907,AAVE/USDT:USDT,295.07,34.0,295.05,101.0,295.08,5.0,295.1,3.0
1753547061036,16:24:21.036,AAVE/USDT:USDT,295.07,34.0,295.05,101.0,295.08,5.0,295.1,3.0
1753547061461,16:24:21.461,AAVE/USDT:USDT,295.07,34.0,295.05,101.0,295.08,5.0,295.1,3.0
1753547061574,16:24:21.574,AAVE/USDT:USDT,295.07,34.0,295.05,101.0,295.08,5.0,295.1,3.0
1753547062048,16:24:22.048,AAVE/USDT:USDT,295.07,34.0,295.04,35.0,295.08,5.0,295.1,3.0
1753547062261,16:24:22.261,AAVE/USDT:USDT,295.07,34.0,295.04,35.0,295.08,5.0,295.1,3.0
1753547062392,16:24:22.392,AAVE/USDT:USDT,295.02,101.0,294.99,101.0,295.07,7.0,295.08,5.0
1753547062489,16:24:22.489,AAVE/USDT:USDT,295.05,17.0,295.0,35.0,295.06,1.0,295.07,7.0
1753547062537,16:24:22.537,AAVE/USDT:USDT,295.05,17.0,295.0,35.0,295.07,7.0,295.08,5.0
1753547062953,16:24:22.953,AAVE/USDT:USDT,295.05,17.0,295.0,35.0,295.07,7.0,295.08,5.0
1753547063087,16:24:23.087,AAVE/USDT:USDT,295.06,34.0,295.04,101.0,295.07,7.0,295.08,5.0
1753547063167,16:24:23.167,AAVE/USDT:USDT,295.06,34.0,295.04,101.0,295.07,7.0,295.08,5.0
1753547063380,16:24:23.380,AAVE/USDT:USDT,295.06,34.0,295.04,101.0,295.07,7.0,295.08,5.0
1753547063682,16:24:23.682,AAVE/USDT:USDT,295.06,135.0,295.04,136.0,295.07,7.0,295.08,5.0
1753547063734,16:24:23.734,AAVE/USDT:USDT,295.06,135.0,295.04,136.0,295.07,7.0,295.08,5.0
1753547064464,16:24:24.464,AAVE/USDT:USDT,295.06,135.0,295.04,136.0,295.07,7.0,295.08,5.0
1753547064501,16:24:24.501,AAVE/USDT:USDT,295.06,135.0,295.04,136.0,295.07,7.0,295.08,5.0
1753547064687,16:24:24.687,AAVE/USDT:USDT,295.06,135.0,295.04,136.0,295.07,7.0,295.08,5.0
1753547065492,16:24:25.492,AAVE/USDT:USDT,295.06,1040.0,295.04,136.0,295.07,7.0,295.08,5.0
1753547065591,16:24:25.591,AAVE/USDT:USDT,295.06,922.0,295.04,101.0,295.07,7.0,295.08,5.0
1753547065608,16:24:25.608,AAVE/USDT:USDT,295.06,905.0,295.04,101.0,295.07,7.0,295.08,5.0
1753547065835,16:24:25.835,AAVE/USDT:USDT,295.06,905.0,295.04,101.0,295.07,7.0,295.08,5.0
1753547065955,16:24:25.955,AAVE/USDT:USDT,295.06,905.0,295.04,101.0,295.07,7.0,295.08,5.0
1753547066075,16:24:26.075,AAVE/USDT:USDT,295.06,905.0,295.04,101.0,295.07,7.0,295.08,5.0
1753547066456,16:24:26.456,AAVE/USDT:USDT,295.07,17.0,295.06,905.0,295.08,5.0,295.11,10.0
1753547066565,16:24:26.565,AAVE/USDT:USDT,295.07,17.0,295.06,905.0,295.08,5.0,295.1,3.0
1753547066696,16:24:26.696,AAVE/USDT:USDT,295.07,17.0,295.06,905.0,295.08,5.0,295.1,3.0
1753547066777,16:24:26.777,AAVE/USDT:USDT,295.07,17.0,295.06,905.0,295.08,5.0,295.1,3.0
1753547066835,16:24:26.835,AAVE/USDT:USDT,295.07,17.0,295.06,905.0,295.08,5.0,295.1,3.0
1753547067481,16:24:27.481,AAVE/USDT:USDT,295.07,17.0,295.06,905.0,295.08,5.0,295.1,3.0
1753547067767,16:24:27.767,AAVE/USDT:USDT,295.07,17.0,295.06,905.0,295.08,5.0,295.1,3.0
1753547068319,16:24:28.319,AAVE/USDT:USDT,295.06,905.0,295.04,148.0,295.08,5.0,295.1,3.0
1753547068498,16:24:28.498,AAVE/USDT:USDT,295.06,905.0,295.04,148.0,295.08,5.0,295.11,10.0
1753547068967,16:24:28.967,AAVE/USDT:USDT,295.06,905.0,295.04,148.0,295.08,5.0,295.11,10.0
1753547069071,16:24:29.071,AAVE/USDT:USDT,295.06,905.0,295.04,148.0,295.08,5.0,295.11,10.0
1753547069263,16:24:29.263,AAVE/USDT:USDT,295.06,905.0,295.04,148.0,295.08,5.0,295.11,10.0
1753547069695,16:24:29.695,AAVE/USDT:USDT,295.07,99.0,295.06,905.0,295.08,5.0,295.11,10.0
1753547069708,16:24:29.708,AAVE/USDT:USDT,295.07,99.0,295.06,905.0,295.08,5.0,295.1,3.0
1753547069894,16:24:29.894,AAVE/USDT:USDT,295.06,905.0,295.04,148.0,295.07,7.0,295.08,5.0
1753547069906,16:24:29.906,AAVE/USDT:USDT,295.06,905.0,295.04,148.0,295.07,7.0,295.08,5.0
1753547070006,16:24:30.006,AAVE/USDT:USDT,295.06,905.0,295.04,148.0,295.07,7.0,295.08,5.0
1753547070483,16:24:30.483,AAVE/USDT:USDT,295.06,905.0,295.04,148.0,295.07,7.0,295.08,5.0
1753547070662,16:24:30.662,AAVE/USDT:USDT,295.06,905.0,295.04,148.0,295.07,7.0,295.08,5.0
1753547070741,16:24:30.741,AAVE/USDT:USDT,295.06,905.0,295.04,148.0,295.07,7.0,295.08,5.0
1753547071156,16:24:31.156,AAVE/USDT:USDT,295.06,905.0,295.04,148.0,295.07,7.0,295.08,5.0
1753547071297,16:24:31.297,AAVE/USDT:USDT,295.1,17.0,295.08,99.0,295.11,10.0,295.14,30.0
1753547071392,16:24:31.392,AAVE/USDT:USDT,295.1,17.0,295.08,99.0,295.11,10.0,295.13,3.0
1753547071464,16:24:31.464,AAVE/USDT:USDT,295.1,17.0,295.08,99.0,295.11,10.0,295.13,3.0
1753547071503,16:24:31.503,AAVE/USDT:USDT,295.1,17.0,295.08,99.0,295.11,10.0,295.13,3.0
1753547071699,16:24:31.699,AAVE/USDT:USDT,295.1,17.0,295.08,99.0,295.11,10.0,295.13,3.0
1753547071797,16:24:31.797,AAVE/USDT:USDT,295.1,17.0,295.08,99.0,295.11,10.0,295.13,3.0
1753547071886,16:24:31.886,AAVE/USDT:USDT,295.1,116.0,295.08,99.0,295.11,21.0,295.13,3.0
1753547071984,16:24:31.984,AAVE/USDT:USDT,295.1,116.0,295.08,99.0,295.11,21.0,295.13,3.0
1753547072074,16:24:32.074,AAVE/USDT:USDT,295.1,116.0,295.08,99.0,295.11,21.0,295.13,3.0
1753547072298,16:24:32.298,AAVE/USDT:USDT,295.1,116.0,295.08,145.0,295.11,10.0,295.13,3.0
1753547072357,16:24:32.357,AAVE/USDT:USDT,295.1,116.0,295.08,145.0,295.11,10.0,295.16,2.0
1753547072481,16:24:32.481,AAVE/USDT:USDT,295.15,17.0,295.11,99.0,295.16,2.0,295.17,3.0
1753547072569,16:24:32.569,AAVE/USDT:USDT,295.15,17.0,295.11,99.0,295.16,2.0,295.17,1.0
1753547072662,16:24:32.662,AAVE/USDT:USDT,295.15,17.0,295.11,99.0,295.16,2.0,295.17,1.0
1753547072761,16:24:32.761,AAVE/USDT:USDT,295.15,17.0,295.11,99.0,295.16,2.0,295.17,1.0
1753547073097,16:24:33.097,AAVE/USDT:USDT,295.15,17.0,295.11,99.0,295.16,2.0,295.17,1.0
1753547073103,16:24:33.103,AAVE/USDT:USDT,295.15,17.0,295.11,99.0,295.16,2.0,295.17,1.0
1753547073201,16:24:33.201,AAVE/USDT:USDT,295.15,17.0,295.11,99.0,295.16,2.0,295.17,1.0
1753547073400,16:24:33.400,AAVE/USDT:USDT,295.15,17.0,295.11,99.0,295.16,2.0,295.17,1.0
1753547073489,16:24:33.489,AAVE/USDT:USDT,295.15,17.0,295.11,99.0,295.16,2.0,295.17,1.0
1753547073577,16:24:33.577,AAVE/USDT:USDT,295.15,17.0,295.11,99.0,295.16,2.0,295.17,1.0
1753547073793,16:24:33.793,AAVE/USDT:USDT,295.09,34.0,295.08,99.0,295.15,37.0,295.16,32.0
1753547073896,16:24:33.896,AAVE/USDT:USDT,295.13,34.0,295.11,99.0,295.14,3.0,295.15,26.0
1753547073995,16:24:33.995,AAVE/USDT:USDT,295.14,34.0,295.11,99.0,295.15,26.0,295.16,2.0
1753547074083,16:24:34.083,AAVE/USDT:USDT,295.14,34.0,295.11,99.0,295.15,26.0,295.16,2.0
1753547074109,16:24:34.109,AAVE/USDT:USDT,295.14,34.0,295.11,99.0,295.15,26.0,295.16,2.0
1753547074211,16:24:34.211,AAVE/USDT:USDT,295.14,34.0,295.11,99.0,295.15,26.0,295.16,2.0
1753547074345,16:24:34.345,AAVE/USDT:USDT,295.14,34.0,295.11,99.0,295.15,26.0,295.16,2.0
1753547074424,16:24:34.424,AAVE/USDT:USDT,295.14,34.0,295.11,99.0,295.15,26.0,295.16,2.0
1753547074691,16:24:34.691,AAVE/USDT:USDT,295.14,34.0,295.11,99.0,295.15,26.0,295.16,2.0
1753547074703,16:24:34.703,AAVE/USDT:USDT,295.14,34.0,295.11,99.0,295.15,26.0,295.16,2.0
1753547074839,16:24:34.839,AAVE/USDT:USDT,295.14,34.0,295.11,99.0,295.15,26.0,295.16,2.0
1753547074991,16:24:34.991,AAVE/USDT:USDT,295.14,34.0,295.11,99.0,295.15,26.0,295.16,2.0
1753547075071,16:24:35.071,AAVE/USDT:USDT,295.14,34.0,295.11,99.0,295.15,26.0,295.16,2.0
1753547075223,16:24:35.223,AAVE/USDT:USDT,295.14,34.0,295.11,99.0,295.15,26.0,295.16,2.0
1753547075493,16:24:35.493,AAVE/USDT:USDT,295.14,34.0,295.13,45.0,295.16,2.0,295.17,3.0
1753547075594,16:24:35.594,AAVE/USDT:USDT,295.15,134.0,295.13,145.0,295.16,14.0,295.17,3.0
1753547075691,16:24:35.691,AAVE/USDT:USDT,295.15,134.0,295.13,145.0,295.16,14.0,295.17,1.0
1753547075775,16:24:35.775,AAVE/USDT:USDT,295.15,134.0,295.13,145.0,295.16,14.0,295.17,1.0
1753547075882,16:24:35.882,AAVE/USDT:USDT,295.15,134.0,295.13,145.0,295.16,14.0,295.17,1.0
1753547076196,16:24:36.196,AAVE/USDT:USDT,295.09,221.0,295.04,101.0,295.16,14.0,295.17,31.0
1753547076279,16:24:36.279,AAVE/USDT:USDT,295.15,17.0,295.1,100.0,295.16,16.0,295.17,31.0
1753547076351,16:24:36.351,AAVE/USDT:USDT,295.15,17.0,295.1,100.0,295.16,14.0,295.17,31.0
1753547076493,16:24:36.493,AAVE/USDT:USDT,295.15,17.0,295.1,100.0,295.16,14.0,295.17,31.0
1753547076585,16:24:36.585,AAVE/USDT:USDT,295.15,17.0,295.1,100.0,295.16,14.0,295.17,1.0
1753547076684,16:24:36.684,AAVE/USDT:USDT,295.15,34.0,295.1,100.0,295.16,14.0,295.17,1.0
1753547076899,16:24:36.899,AAVE/USDT:USDT,295.15,34.0,295.1,100.0,295.16,14.0,295.17,1.0
1753547076902,16:24:36.902,AAVE/USDT:USDT,295.15,34.0,295.1,100.0,295.16,14.0,295.17,1.0
1753547077381,16:24:37.381,AAVE/USDT:USDT,295.15,34.0,295.1,100.0,295.16,14.0,295.17,1.0
1753547077445,16:24:37.445,AAVE/USDT:USDT,295.15,34.0,295.1,100.0,295.16,14.0,295.17,1.0
1753547077749,16:24:37.749,AAVE/USDT:USDT,295.15,34.0,295.1,100.0,295.16,14.0,295.17,1.0
1753547077878,16:24:37.878,AAVE/USDT:USDT,295.15,34.0,295.1,100.0,295.16,14.0,295.17,1.0
1753547077993,16:24:37.993,AAVE/USDT:USDT,295.15,34.0,295.1,100.0,295.16,14.0,295.17,1.0
1753547078083,16:24:38.083,AAVE/USDT:USDT,295.15,34.0,295.13,144.0,295.16,14.0,295.17,1.0
1753547078279,16:24:38.279,AAVE/USDT:USDT,295.15,34.0,295.13,144.0,295.16,14.0,295.17,1.0
1753547078367,16:24:38.367,AAVE/USDT:USDT,295.15,34.0,295.13,144.0,295.16,14.0,295.17,1.0
1753547078401,16:24:38.401,AAVE/USDT:USDT,295.15,34.0,295.13,144.0,295.16,14.0,295.17,1.0
1753547078632,16:24:38.632,AAVE/USDT:USDT,295.15,34.0,295.13,144.0,295.16,14.0,295.17,1.0
1753547078863,16:24:38.863,AAVE/USDT:USDT,295.15,34.0,295.13,144.0,295.16,14.0,295.17,1.0
1753547078942,16:24:38.942,AAVE/USDT:USDT,295.15,34.0,295.13,144.0,295.16,14.0,295.17,1.0
1753547079094,16:24:39.094,AAVE/USDT:USDT,295.15,34.0,295.13,144.0,295.16,14.0,295.17,1.0
1753547079102,16:24:39.102,AAVE/USDT:USDT,295.15,17.0,295.13,144.0,295.16,14.0,295.17,1.0
1753547079283,16:24:39.283,AAVE/USDT:USDT,295.1,100.0,295.07,44.0,295.16,14.0,295.17,1.0
1753547079366,16:24:39.366,AAVE/USDT:USDT,295.1,100.0,295.07,44.0,295.16,14.0,295.17,3.0
1753547079494,16:24:39.494,AAVE/USDT:USDT,295.1,100.0,295.07,44.0,295.16,14.0,295.17,3.0
1753547079502,16:24:39.502,AAVE/USDT:USDT,295.1,100.0,295.07,44.0,295.16,14.0,295.17,3.0
1753547079681,16:24:39.681,AAVE/USDT:USDT,295.15,34.0,295.1,100.0,295.16,10.0,295.17,3.0
1753547079735,16:24:39.735,AAVE/USDT:USDT,295.15,34.0,295.1,100.0,295.16,10.0,295.17,1.0
1753547079809,16:24:39.809,AAVE/USDT:USDT,295.15,34.0,295.11,44.0,295.16,10.0,295.17,1.0
1753547080383,16:24:40.383,AAVE/USDT:USDT,295.15,34.0,295.13,100.0,295.16,10.0,295.17,1.0
1753547080405,16:24:40.405,AAVE/USDT:USDT,295.15,34.0,295.13,100.0,295.16,10.0,295.17,1.0
1753547080561,16:24:40.561,AAVE/USDT:USDT,295.15,34.0,295.11,44.0,295.16,10.0,295.17,1.0
1753547080696,16:24:40.696,AAVE/USDT:USDT,295.15,34.0,295.11,44.0,295.16,10.0,295.17,1.0
1753547080742,16:24:40.742,AAVE/USDT:USDT,295.15,34.0,295.11,44.0,295.16,10.0,295.17,1.0
1753547080950,16:24:40.950,AAVE/USDT:USDT,295.15,34.0,295.13,100.0,295.16,10.0,295.17,1.0
1753547081070,16:24:41.070,AAVE/USDT:USDT,295.15,34.0,295.13,100.0,295.16,10.0,295.17,1.0
1753547081261,16:24:41.261,AAVE/USDT:USDT,295.15,34.0,295.13,100.0,295.16,10.0,295.17,1.0
1753547081344,16:24:41.344,AAVE/USDT:USDT,295.15,34.0,295.13,100.0,295.16,10.0,295.17,1.0
1753547081487,16:24:41.487,AAVE/USDT:USDT,295.15,34.0,295.13,100.0,295.16,10.0,295.17,1.0
1753547081599,16:24:41.599,AAVE/USDT:USDT,295.15,34.0,295.13,100.0,295.16,2.0,295.17,1.0
1753547081844,16:24:41.844,AAVE/USDT:USDT,295.15,34.0,295.13,100.0,295.16,2.0,295.17,1.0
1753547081903,16:24:41.903,AAVE/USDT:USDT,295.15,34.0,295.13,100.0,295.16,2.0,295.17,1.0
1753547082007,16:24:42.007,AAVE/USDT:USDT,295.15,34.0,295.13,100.0,295.16,2.0,295.17,1.0
1753547082102,16:24:42.102,AAVE/USDT:USDT,295.15,34.0,295.13,100.0,295.16,2.0,295.17,1.0
1753547082284,16:24:42.284,AAVE/USDT:USDT,295.15,134.0,295.13,100.0,295.16,2.0,295.17,1.0
1753547082482,16:24:42.482,AAVE/USDT:USDT,295.15,134.0,295.13,100.0,295.16,2.0,295.17,1.0
1753547082512,16:24:42.512,AAVE/USDT:USDT,295.15,134.0,295.13,100.0,295.16,2.0,295.17,1.0
1753547082643,16:24:42.643,AAVE/USDT:USDT,295.15,134.0,295.13,100.0,295.16,2.0,295.17,1.0
1753547083003,16:24:43.003,AAVE/USDT:USDT,295.15,134.0,295.13,100.0,295.16,2.0,295.17,1.0
1753547083696,16:24:43.696,AAVE/USDT:USDT,295.15,34.0,295.13,100.0,295.16,2.0,295.17,1.0
1753547083822,16:24:43.822,AAVE/USDT:USDT,295.15,34.0,295.13,100.0,295.16,2.0,295.17,1.0
1753547083984,16:24:43.984,AAVE/USDT:USDT,295.1,100.0,295.08,44.0,295.15,34.0,295.16,2.0
1753547084098,16:24:44.098,AAVE/USDT:USDT,295.14,34.0,295.1,100.0,295.15,34.0,295.16,2.0
1753547084168,16:24:44.168,AAVE/USDT:USDT,295.14,34.0,295.1,100.0,295.15,34.0,295.16,2.0
1753547084236,16:24:44.236,AAVE/USDT:USDT,295.14,34.0,295.1,100.0,295.15,34.0,295.16,2.0
1753547085484,16:24:45.484,AAVE/USDT:USDT,295.14,34.0,295.1,100.0,295.15,34.0,295.16,2.0
1753547085517,16:24:45.517,AAVE/USDT:USDT,295.14,34.0,295.1,100.0,295.15,34.0,295.16,2.0
1753547085693,16:24:45.693,AAVE/USDT:USDT,295.15,34.0,295.12,145.0,295.16,22.0,295.17,3.0
1753547085783,16:24:45.783,AAVE/USDT:USDT,295.15,34.0,295.12,145.0,295.16,22.0,295.17,1.0
1753547085863,16:24:45.863,AAVE/USDT:USDT,295.15,34.0,295.12,145.0,295.16,22.0,295.17,1.0
1753547086022,16:24:46.022,AAVE/USDT:USDT,295.15,135.0,295.12,145.0,295.16,22.0,295.17,1.0
1753547086105,16:24:46.105,AAVE/USDT:USDT,295.15,135.0,295.12,145.0,295.16,22.0,295.17,1.0
1753547086204,16:24:46.204,AAVE/USDT:USDT,295.15,135.0,295.12,145.0,295.16,22.0,295.17,1.0
1753547087021,16:24:47.021,AAVE/USDT:USDT,295.15,135.0,295.12,145.0,295.16,2.0,295.17,1.0
1753547087274,16:24:47.274,AAVE/USDT:USDT,295.15,135.0,295.12,145.0,295.16,2.0,295.17,1.0
1753547087346,16:24:47.346,AAVE/USDT:USDT,295.15,34.0,295.12,145.0,295.16,2.0,295.17,1.0
1753547087560,16:24:47.560,AAVE/USDT:USDT,295.15,34.0,295.12,145.0,295.16,2.0,295.17,1.0
1753547087682,16:24:47.682,AAVE/USDT:USDT,295.15,34.0,295.12,101.0,295.16,2.0,295.17,1.0
1753547087721,16:24:47.721,AAVE/USDT:USDT,295.15,34.0,295.12,101.0,295.16,2.0,295.17,1.0
1753547087839,16:24:47.839,AAVE/USDT:USDT,295.15,34.0,295.12,101.0,295.16,2.0,295.17,1.0
1753547088087,16:24:48.087,AAVE/USDT:USDT,295.15,34.0,295.14,44.0,295.16,2.0,295.17,1.0
1753547088102,16:24:48.102,AAVE/USDT:USDT,295.15,34.0,295.14,44.0,295.16,2.0,295.17,1.0
1753547088464,16:24:48.464,AAVE/USDT:USDT,295.15,34.0,295.14,44.0,295.16,2.0,295.17,1.0
1753547088530,16:24:48.530,AAVE/USDT:USDT,295.15,34.0,295.14,44.0,295.16,2.0,295.17,1.0
1753547088641,16:24:48.641,AAVE/USDT:USDT,295.15,135.0,295.14,44.0,295.16,13.0,295.17,1.0
1753547088701,16:24:48.701,AAVE/USDT:USDT,295.15,135.0,295.14,44.0,295.16,13.0,295.17,1.0
1753547089050,16:24:49.050,AAVE/USDT:USDT,295.15,34.0,295.12,101.0,295.16,13.0,295.17,1.0
1753547089146,16:24:49.146,AAVE/USDT:USDT,295.15,34.0,295.12,101.0,295.16,13.0,295.17,1.0
1753547089555,16:24:49.555,AAVE/USDT:USDT,295.15,34.0,295.12,101.0,295.16,13.0,295.17,1.0
1753547090026,16:24:50.026,AAVE/USDT:USDT,295.15,34.0,295.12,101.0,295.16,13.0,295.17,1.0
1753547090298,16:24:50.298,AAVE/USDT:USDT,295.17,25.0,295.15,34.0,295.18,6.0,295.2,23.0
1753547090396,16:24:50.396,AAVE/USDT:USDT,295.19,34.0,295.18,41.0,295.2,23.0,295.22,10.0
1753547090462,16:24:50.462,AAVE/USDT:USDT,295.19,34.0,295.18,41.0,295.2,23.0,295.22,10.0
1753547090502,16:24:50.502,AAVE/USDT:USDT,295.19,34.0,295.18,41.0,295.2,23.0,295.22,10.0
1753547090643,16:24:50.643,AAVE/USDT:USDT,295.19,34.0,295.18,41.0,295.2,23.0,295.22,10.0
1753547090721,16:24:50.721,AAVE/USDT:USDT,295.19,34.0,295.18,41.0,295.2,23.0,295.22,10.0
1753547090850,16:24:50.850,AAVE/USDT:USDT,295.19,34.0,295.18,41.0,295.2,23.0,295.22,10.0
1753547091285,16:24:51.285,AAVE/USDT:USDT,295.19,34.0,295.18,41.0,295.2,23.0,295.22,10.0
1753547091302,16:24:51.302,AAVE/USDT:USDT,295.19,34.0,295.18,41.0,295.2,23.0,295.22,10.0
1753547091585,16:24:51.585,AAVE/USDT:USDT,295.19,34.0,295.18,41.0,295.2,23.0,295.22,10.0
1753547091697,16:24:51.697,AAVE/USDT:USDT,295.19,34.0,295.18,41.0,295.2,23.0,295.22,10.0
1753547092022,16:24:52.022,AAVE/USDT:USDT,295.19,34.0,295.18,41.0,295.2,23.0,295.22,10.0
1753547092759,16:24:52.759,AAVE/USDT:USDT,295.19,34.0,295.18,41.0,295.2,23.0,295.22,10.0
1753547092821,16:24:52.821,AAVE/USDT:USDT,295.19,34.0,295.15,101.0,295.2,23.0,295.21,30.0
1753547092907,16:24:52.907,AAVE/USDT:USDT,295.19,34.0,295.15,101.0,295.2,23.0,295.21,30.0
1753547093041,16:24:53.041,AAVE/USDT:USDT,295.19,34.0,295.15,101.0,295.2,37.0,295.21,30.0
1753547093293,16:24:53.293,AAVE/USDT:USDT,295.15,101.0,295.14,44.0,295.2,37.0,295.21,30.0
1753547093400,16:24:53.400,AAVE/USDT:USDT,295.15,101.0,295.14,44.0,295.2,37.0,295.21,32.0
1753547093483,16:24:53.483,AAVE/USDT:USDT,295.19,34.0,295.17,101.0,295.2,37.0,295.21,32.0
1753547093505,16:24:53.505,AAVE/USDT:USDT,295.19,34.0,295.17,101.0,295.2,37.0,295.21,30.0
1753547093911,16:24:53.911,AAVE/USDT:USDT,295.19,34.0,295.17,101.0,295.2,37.0,295.21,30.0
1753547094002,16:24:54.002,AAVE/USDT:USDT,295.19,34.0,295.17,101.0,295.2,37.0,295.21,30.0
1753547094138,16:24:54.138,AAVE/USDT:USDT,295.19,34.0,295.17,101.0,295.2,37.0,295.21,30.0
1753547094202,16:24:54.202,AAVE/USDT:USDT,295.19,34.0,295.17,101.0,295.2,37.0,295.21,30.0
1753547094537,16:24:54.537,AAVE/USDT:USDT,295.19,34.0,295.17,101.0,295.2,37.0,295.21,30.0
1753547094661,16:24:54.661,AAVE/USDT:USDT,295.19,34.0,295.17,101.0,295.2,37.0,295.21,30.0
1753547094741,16:24:54.741,AAVE/USDT:USDT,295.19,34.0,295.17,101.0,295.2,37.0,295.21,30.0
1753547095022,16:24:55.022,AAVE/USDT:USDT,295.19,34.0,295.17,101.0,295.2,37.0,295.21,30.0
1753547095229,16:24:55.229,AAVE/USDT:USDT,295.19,34.0,295.17,101.0,295.2,37.0,295.22,10.0
1753547095306,16:24:55.306,AAVE/USDT:USDT,295.19,34.0,295.17,101.0,295.2,37.0,295.22,10.0
1753547095428,16:24:55.428,AAVE/USDT:USDT,295.19,34.0,295.17,142.0,295.2,37.0,295.22,10.0
1753547095506,16:24:55.506,AAVE/USDT:USDT,295.19,34.0,295.17,142.0,295.2,37.0,295.22,10.0
1753547095615,16:24:55.615,AAVE/USDT:USDT,295.19,34.0,295.17,142.0,295.2,37.0,295.22,10.0
1753547095793,16:24:55.793,AAVE/USDT:USDT,295.19,17.0,295.17,101.0,295.2,37.0,295.22,10.0
1753547095801,16:24:55.801,AAVE/USDT:USDT,295.19,17.0,295.17,101.0,295.2,37.0,295.22,10.0
1753547095904,16:24:55.904,AAVE/USDT:USDT,295.19,17.0,295.17,101.0,295.2,37.0,295.22,10.0
1753547096072,16:24:56.072,AAVE/USDT:USDT,295.19,17.0,295.17,101.0,295.2,37.0,295.22,10.0
1753547096261,16:24:56.261,AAVE/USDT:USDT,295.19,34.0,295.17,142.0,295.2,37.0,295.22,10.0
1753547096339,16:24:56.339,AAVE/USDT:USDT,295.19,34.0,295.17,142.0,295.2,37.0,295.22,10.0
1753547096745,16:24:56.745,AAVE/USDT:USDT,295.19,34.0,295.17,142.0,295.2,37.0,295.22,10.0
1753547097199,16:24:57.199,AAVE/USDT:USDT,295.19,34.0,295.17,142.0,295.2,23.0,295.22,10.0
1753547097559,16:24:57.559,AAVE/USDT:USDT,295.19,34.0,295.17,142.0,295.2,54.0,295.22,10.0
1753547097896,16:24:57.896,AAVE/USDT:USDT,295.19,228.0,295.17,142.0,295.2,54.0,295.22,10.0
1753547097999,16:24:57.999,AAVE/USDT:USDT,295.19,228.0,295.17,142.0,295.2,23.0,295.22,10.0
1753547098064,16:24:58.064,AAVE/USDT:USDT,295.19,228.0,295.17,142.0,295.2,23.0,295.22,10.0
1753547098101,16:24:58.101,AAVE/USDT:USDT,295.19,228.0,295.17,142.0,295.2,23.0,295.22,10.0
1753547098243,16:24:58.243,AAVE/USDT:USDT,295.19,34.0,295.16,118.0,295.2,54.0,295.22,10.0
1753547098399,16:24:58.399,AAVE/USDT:USDT,295.19,34.0,295.17,97.0,295.2,23.0,295.22,10.0
1753547098406,16:24:58.406,AAVE/USDT:USDT,295.19,34.0,295.17,138.0,295.2,23.0,295.22,10.0
1753547098658,16:24:58.658,AAVE/USDT:USDT,295.19,34.0,295.17,138.0,295.2,23.0,295.22,10.0
1753547098838,16:24:58.838,AAVE/USDT:USDT,295.19,34.0,295.17,138.0,295.2,23.0,295.22,10.0
1753547098902,16:24:58.902,AAVE/USDT:USDT,295.19,34.0,295.17,138.0,295.2,23.0,295.22,10.0
1753547099070,16:24:59.070,AAVE/USDT:USDT,295.19,34.0,295.17,138.0,295.2,23.0,295.22,10.0
1753547099183,16:24:59.183,AAVE/USDT:USDT,295.19,34.0,295.17,138.0,295.2,23.0,295.22,10.0
1753547099231,16:24:59.231,AAVE/USDT:USDT,295.19,34.0,295.17,138.0,295.2,23.0,295.22,10.0
1753547099302,16:24:59.302,AAVE/USDT:USDT,295.19,34.0,295.17,138.0,295.2,23.0,295.22,10.0
1753547099472,16:24:59.472,AAVE/USDT:USDT,295.19,34.0,295.17,138.0,295.2,23.0,295.22,10.0
1753547100094,16:25:00.094,AAVE/USDT:USDT,295.19,34.0,295.17,138.0,295.2,23.0,295.22,10.0
1753547100190,16:25:00.190,AAVE/USDT:USDT,295.18,34.0,295.14,97.0,295.19,26.0,295.2,23.0
1753547100297,16:25:00.297,AAVE/USDT:USDT,295.12,212.0,295.11,94.0,295.19,26.0,295.2,23.0
1753547100386,16:25:00.386,AAVE/USDT:USDT,295.1,100.0,295.08,34.0,295.19,46.0,295.2,25.0
1753547100464,16:25:00.464,AAVE/USDT:USDT,295.1,100.0,295.08,128.0,295.19,31.0,295.2,50.0
1753547100599,16:25:00.599,AAVE/USDT:USDT,295.1,100.0,295.08,169.0,295.17,10.0,295.18,18.0
1753547100651,16:25:00.651,AAVE/USDT:USDT,295.1,100.0,295.08,169.0,295.17,10.0,295.18,2.0
1753547100778,16:25:00.778,AAVE/USDT:USDT,295.1,100.0,295.08,169.0,295.17,10.0,295.18,2.0
1753547100995,16:25:00.995,AAVE/USDT:USDT,295.16,17.0,295.12,97.0,295.17,20.0,295.18,2.0
1753547101094,16:25:01.094,AAVE/USDT:USDT,295.16,17.0,295.12,97.0,295.17,20.0,295.2,25.0
1753547101185,16:25:01.185,AAVE/USDT:USDT,295.16,17.0,295.14,138.0,295.17,20.0,295.2,23.0
1753547101206,16:25:01.206,AAVE/USDT:USDT,295.16,17.0,295.14,138.0,295.17,20.0,295.2,23.0
1753547101301,16:25:01.301,AAVE/USDT:USDT,295.16,17.0,295.14,138.0,295.17,20.0,295.2,23.0
1753547101451,16:25:01.451,AAVE/USDT:USDT,295.16,17.0,295.14,97.0,295.17,20.0,295.2,23.0
1753547101505,16:25:01.505,AAVE/USDT:USDT,295.16,17.0,295.14,97.0,295.17,20.0,295.2,23.0
1753547101674,16:25:01.674,AAVE/USDT:USDT,295.16,17.0,295.14,97.0,295.17,20.0,295.2,23.0
1753547101761,16:25:01.761,AAVE/USDT:USDT,295.16,17.0,295.14,138.0,295.17,20.0,295.2,23.0
1753547102062,16:25:02.062,AAVE/USDT:USDT,295.16,17.0,295.14,138.0,295.17,20.0,295.2,23.0
1753547102323,16:25:02.323,AAVE/USDT:USDT,295.16,17.0,295.14,138.0,295.17,20.0,295.2,23.0
1753547102408,16:25:02.408,AAVE/USDT:USDT,295.16,17.0,295.14,138.0,295.17,20.0,295.2,25.0
1753547102864,16:25:02.864,AAVE/USDT:USDT,295.16,17.0,295.14,138.0,295.17,20.0,295.2,25.0
1753547102901,16:25:02.901,AAVE/USDT:USDT,295.16,17.0,295.14,138.0,295.17,20.0,295.2,25.0
1753547103026,16:25:03.026,AAVE/USDT:USDT,295.16,17.0,295.14,138.0,295.17,20.0,295.2,25.0
1753547103106,16:25:03.106,AAVE/USDT:USDT,295.16,17.0,295.14,138.0,295.17,20.0,295.2,23.0
1753547103583,16:25:03.583,AAVE/USDT:USDT,295.19,25.0,295.18,40.0,295.2,23.0,295.22,12.0
1753547103690,16:25:03.690,AAVE/USDT:USDT,295.19,25.0,295.18,40.0,295.2,23.0,295.22,10.0
1753547103796,16:25:03.796,AAVE/USDT:USDT,295.19,25.0,295.18,40.0,295.2,23.0,295.22,10.0
1753547103888,16:25:03.888,AAVE/USDT:USDT,295.19,25.0,295.18,40.0,295.2,23.0,295.22,10.0
1753547103921,16:25:03.921,AAVE/USDT:USDT,295.19,25.0,295.16,97.0,295.2,23.0,295.22,10.0
1753547104048,16:25:04.048,AAVE/USDT:USDT,295.19,25.0,295.16,97.0,295.2,23.0,295.22,10.0
1753547104195,16:25:04.195,AAVE/USDT:USDT,295.18,17.0,295.14,17.0,295.19,31.0,295.2,23.0
1753547104274,16:25:04.274,AAVE/USDT:USDT,295.18,17.0,295.14,17.0,295.19,31.0,295.2,23.0
1753547104379,16:25:04.379,AAVE/USDT:USDT,295.14,17.0,295.13,94.0,295.19,31.0,295.2,23.0
1753547104497,16:25:04.497,AAVE/USDT:USDT,295.14,17.0,295.13,94.0,295.19,31.0,295.2,25.0
1753547104588,16:25:04.588,AAVE/USDT:USDT,295.09,97.0,295.08,128.0,295.17,11.0,295.18,136.0
1753547104658,16:25:04.658,AAVE/USDT:USDT,295.09,97.0,295.08,128.0,295.17,13.0,295.18,125.0
1753547104789,16:25:04.789,AAVE/USDT:USDT,295.14,17.0,295.09,97.0,295.17,13.0,295.18,28.0
1753547104897,16:25:04.897,AAVE/USDT:USDT,295.14,17.0,295.09,97.0,295.17,11.0,295.18,30.0
1753547104935,16:25:04.935,AAVE/USDT:USDT,295.14,17.0,295.09,97.0,295.17,11.0,295.18,30.0
1753547105068,16:25:05.068,AAVE/USDT:USDT,295.14,17.0,295.09,97.0,295.17,11.0,295.18,30.0
1753547105179,16:25:05.179,AAVE/USDT:USDT,295.09,17.0,295.08,94.0,295.15,121.0,295.16,39.0
1753547105286,16:25:05.286,AAVE/USDT:USDT,295.08,94.0,295.06,4.0,295.13,99.0,295.14,101.0
1753547105381,16:25:05.381,AAVE/USDT:USDT,295.06,4.0,295.04,101.0,295.12,18.0,295.13,121.0
1753547105486,16:25:05.486,AAVE/USDT:USDT,295.06,4.0,295.04,101.0,295.12,20.0,295.13,121.0
1753547105597,16:25:05.597,AAVE/USDT:USDT,295.06,4.0,295.04,101.0,295.12,20.0,295.13,22.0
1753547105690,16:25:05.690,AAVE/USDT:USDT,295.06,4.0,295.03,94.0,295.1,21.0,295.11,138.0
1753547105745,16:25:05.745,AAVE/USDT:USDT,295.06,4.0,295.02,99.0,295.09,18.0,295.1,23.0
1753547105802,16:25:05.802,AAVE/USDT:USDT,295.06,4.0,295.02,99.0,295.09,18.0,295.1,23.0
1753547105989,16:25:05.989,AAVE/USDT:USDT,295.06,4.0,295.02,99.0,295.1,23.0,295.11,120.0
1753547106088,16:25:06.088,AAVE/USDT:USDT,295.06,4.0,295.0,97.0,295.09,99.0,295.1,2.0
1753547106197,16:25:06.197,AAVE/USDT:USDT,295.06,4.0,294.99,221.0,295.07,109.0,295.08,156.0
1753547106295,16:25:06.295,AAVE/USDT:USDT,294.97,92.0,294.95,760.0,295.04,21.0,295.05,120.0
1753547106381,16:25:06.381,AAVE/USDT:USDT,294.93,99.0,294.9,99.0,295.03,120.0,295.04,23.0
1753547106491,16:25:06.491,AAVE/USDT:USDT,294.93,99.0,294.92,117.0,295.02,2.0,295.03,11.0
1753547106598,16:25:06.598,AAVE/USDT:USDT,294.95,99.0,294.94,253.0,295.02,21.0,295.03,112.0
1753547106676,16:25:06.676,AAVE/USDT:USDT,294.95,99.0,294.93,99.0,295.02,21.0,295.03,13.0
1753547106788,16:25:06.788,AAVE/USDT:USDT,294.98,17.0,294.97,99.0,295.03,2.0,295.06,99.0
1753547106896,16:25:06.896,AAVE/USDT:USDT,294.98,17.0,294.97,99.0,295.05,101.0,295.08,120.0
1753547106991,16:25:06.991,AAVE/USDT:USDT,294.99,17.0,294.97,99.0,295.05,101.0,295.08,120.0
1753547107078,16:25:07.078,AAVE/USDT:USDT,294.99,17.0,294.97,99.0,295.05,101.0,295.08,120.0
1753547107148,16:25:07.148,AAVE/USDT:USDT,294.99,17.0,294.97,99.0,295.05,112.0,295.06,53.0
1753547107395,16:25:07.395,AAVE/USDT:USDT,294.99,17.0,294.97,99.0,295.04,99.0,295.05,13.0
1753547107408,16:25:07.408,AAVE/USDT:USDT,294.99,17.0,294.95,185.0,295.04,99.0,295.05,11.0
1753547107502,16:25:07.502,AAVE/USDT:USDT,294.99,17.0,294.95,185.0,295.04,99.0,295.05,11.0
1753547107753,16:25:07.753,AAVE/USDT:USDT,295.0,17.0,294.97,99.0,295.05,99.0,295.06,25.0
1753547107880,16:25:07.880,AAVE/USDT:USDT,295.01,17.0,294.97,99.0,295.06,124.0,295.07,25.0
1753547107980,16:25:07.980,AAVE/USDT:USDT,295.01,17.0,294.96,99.0,295.05,21.0,295.07,25.0
1753547108088,16:25:08.088,AAVE/USDT:USDT,294.96,99.0,294.95,185.0,295.05,21.0,295.07,25.0
1753547108195,16:25:08.195,AAVE/USDT:USDT,294.96,99.0,294.95,226.0,295.05,21.0,295.07,27.0
1753547108202,16:25:08.202,AAVE/USDT:USDT,294.96,99.0,294.95,226.0,295.05,21.0,295.07,27.0
1753547108794,16:25:08.794,AAVE/USDT:USDT,294.96,99.0,294.95,226.0,295.05,131.0,295.06,28.0
1753547108842,16:25:08.842,AAVE/USDT:USDT,295.0,17.0,294.96,99.0,295.04,2.0,295.05,131.0
1753547108973,16:25:08.973,AAVE/USDT:USDT,295.0,17.0,294.96,99.0,295.04,2.0,295.05,131.0
1753547109199,16:25:09.199,AAVE/USDT:USDT,295.0,17.0,294.96,99.0,295.04,2.0,295.05,131.0
1753547109396,16:25:09.396,AAVE/USDT:USDT,295.0,17.0,294.96,99.0,295.04,2.0,295.05,131.0
1753547109403,16:25:09.403,AAVE/USDT:USDT,295.0,17.0,294.96,99.0,295.04,2.0,295.05,131.0
1753547109598,16:25:09.598,AAVE/USDT:USDT,295.01,17.0,294.97,17.0,295.03,12.0,295.04,2.0
1753547109605,16:25:09.605,AAVE/USDT:USDT,295.01,17.0,294.97,17.0,295.03,12.0,295.05,34.0
1753547109799,16:25:09.799,AAVE/USDT:USDT,295.01,17.0,294.97,17.0,295.03,12.0,295.05,34.0
1753547109822,16:25:09.822,AAVE/USDT:USDT,295.01,17.0,294.97,17.0,295.03,12.0,295.05,34.0
1753547109903,16:25:09.903,AAVE/USDT:USDT,295.01,17.0,294.97,17.0,295.03,12.0,295.05,34.0
1753547110002,16:25:10.002,AAVE/USDT:USDT,295.01,17.0,294.97,17.0,295.03,12.0,295.05,34.0
1753547110280,16:25:10.280,AAVE/USDT:USDT,294.97,17.0,294.95,185.0,295.03,33.0,295.05,34.0
1753547110329,16:25:10.329,AAVE/USDT:USDT,294.97,17.0,294.95,185.0,295.03,33.0,295.05,34.0
1753547110589,16:25:10.589,AAVE/USDT:USDT,295.0,17.0,294.96,99.0,295.03,12.0,295.05,34.0
1753547110697,16:25:10.697,AAVE/USDT:USDT,295.0,17.0,294.96,99.0,295.03,12.0,295.05,34.0
1753547110787,16:25:10.787,AAVE/USDT:USDT,295.0,11.0,294.96,99.0,295.03,12.0,295.05,34.0
1753547111098,16:25:11.098,AAVE/USDT:USDT,294.96,99.0,294.95,185.0,295.03,12.0,295.05,34.0
1753547111121,16:25:11.121,AAVE/USDT:USDT,294.96,99.0,294.95,185.0,295.03,12.0,295.05,34.0
1753547111261,16:25:11.261,AAVE/USDT:USDT,294.96,99.0,294.95,185.0,295.03,12.0,295.05,34.0
1753547111451,16:25:11.451,AAVE/USDT:USDT,294.96,99.0,294.95,185.0,295.03,12.0,295.05,34.0
1753547111502,16:25:11.502,AAVE/USDT:USDT,294.96,99.0,294.95,185.0,295.03,12.0,295.05,34.0
1753547111869,16:25:11.869,AAVE/USDT:USDT,294.96,99.0,294.95,185.0,295.03,12.0,295.05,34.0
1753547112282,16:25:12.282,AAVE/USDT:USDT,294.96,99.0,294.95,185.0,295.03,12.0,295.05,34.0
1753547112587,16:25:12.587,AAVE/USDT:USDT,294.96,99.0,294.95,185.0,295.03,12.0,295.05,34.0
1753547112898,16:25:12.898,AAVE/USDT:USDT,294.96,17.0,294.94,116.0,295.02,18.0,295.03,111.0
1753547112990,16:25:12.990,AAVE/USDT:USDT,294.96,17.0,294.94,99.0,295.02,20.0,295.03,111.0
1753547113092,16:25:13.092,AAVE/USDT:USDT,294.96,17.0,294.94,99.0,295.02,2.0,295.03,111.0
1753547113102,16:25:13.102,AAVE/USDT:USDT,294.96,17.0,294.94,99.0,295.02,2.0,295.03,111.0
1753547113298,16:25:13.298,AAVE/USDT:USDT,294.96,17.0,294.94,99.0,295.02,2.0,295.03,12.0
1753547113322,16:25:13.322,AAVE/USDT:USDT,294.97,116.0,294.94,99.0,295.03,12.0,295.05,34.0
1753547113471,16:25:13.471,AAVE/USDT:USDT,294.97,17.0,294.94,99.0,295.03,12.0,295.05,34.0
1753547113574,16:25:13.574,AAVE/USDT:USDT,294.97,17.0,294.94,99.0,295.03,111.0,295.05,34.0
1753547113685,16:25:13.685,AAVE/USDT:USDT,294.98,17.0,294.94,99.0,295.02,2.0,295.04,119.0
1753547113794,16:25:13.794,AAVE/USDT:USDT,294.97,17.0,294.94,15.0,295.02,111.0,295.03,101.0
1753547113895,16:25:13.895,AAVE/USDT:USDT,294.92,17.0,294.91,374.0,294.99,21.0,295.0,149.0
1753547113998,16:25:13.998,AAVE/USDT:USDT,294.93,17.0,294.9,99.0,294.97,21.0,294.98,21.0
1753547114085,16:25:14.085,AAVE/USDT:USDT,294.91,17.0,294.89,53.0,294.95,21.0,294.96,21.0
1753547114184,16:25:14.184,AAVE/USDT:USDT,294.91,17.0,294.89,53.0,294.96,21.0,294.99,2.0
1753547114224,16:25:14.224,AAVE/USDT:USDT,294.91,116.0,294.89,53.0,294.99,2.0,295.0,128.0
1753547114370,16:25:14.370,AAVE/USDT:USDT,294.91,116.0,294.89,53.0,294.99,2.0,295.0,128.0
1753547114595,16:25:14.595,AAVE/USDT:USDT,294.91,17.0,294.89,53.0,294.96,21.0,294.97,149.0
1753547114689,16:25:14.689,AAVE/USDT:USDT,294.89,53.0,294.88,101.0,294.95,21.0,294.96,2.0
1753547114796,16:25:14.796,AAVE/USDT:USDT,294.9,98.0,294.89,53.0,294.95,21.0,294.96,2.0
1753547114867,16:25:14.867,AAVE/USDT:USDT,294.9,98.0,294.89,53.0,294.96,2.0,294.97,50.0
1753547114998,16:25:14.998,AAVE/USDT:USDT,294.91,17.0,294.9,98.0,294.97,2.0,295.0,11.0
1753547115081,16:25:15.081,AAVE/USDT:USDT,294.92,98.0,294.89,53.0,295.0,109.0,295.01,30.0
1753547115193,16:25:15.193,AAVE/USDT:USDT,294.93,17.0,294.91,98.0,294.98,21.0,294.99,2.0
1753547115298,16:25:15.298,AAVE/USDT:USDT,294.93,17.0,294.91,98.0,294.98,21.0,294.99,2.0
1753547115341,16:25:15.341,AAVE/USDT:USDT,294.93,17.0,294.91,98.0,294.98,21.0,294.99,2.0
1753547115585,16:25:15.585,AAVE/USDT:USDT,294.93,17.0,294.91,98.0,294.98,21.0,294.99,2.0
1753547115678,16:25:15.678,AAVE/USDT:USDT,294.93,17.0,294.89,53.0,294.96,31.0,294.97,139.0
1753547115784,16:25:15.784,AAVE/USDT:USDT,294.89,53.0,294.88,101.0,294.96,31.0,294.97,139.0
1753547115898,16:25:15.898,AAVE/USDT:USDT,294.89,53.0,294.88,101.0,294.96,12.0,294.97,118.0
1753547115961,16:25:15.961,AAVE/USDT:USDT,294.89,53.0,294.88,101.0,294.96,12.0,294.97,118.0
1753547116150,16:25:16.150,AAVE/USDT:USDT,294.89,53.0,294.88,101.0,294.96,12.0,294.97,118.0
1753547116698,16:25:16.698,AAVE/USDT:USDT,294.93,17.0,294.9,115.0,294.96,12.0,294.97,20.0
1753547116761,16:25:16.761,AAVE/USDT:USDT,294.93,17.0,294.91,17.0,294.96,10.0,294.97,20.0
1753547116860,16:25:16.860,AAVE/USDT:USDT,294.93,17.0,294.9,98.0,294.96,10.0,294.98,21.0
1753547116991,16:25:16.991,AAVE/USDT:USDT,294.93,17.0,294.9,98.0,294.96,10.0,294.98,21.0
1753547117097,16:25:17.097,AAVE/USDT:USDT,294.95,17.0,294.9,98.0,294.99,2.0,295.0,11.0
1753547117177,16:25:17.177,AAVE/USDT:USDT,294.95,17.0,294.9,98.0,294.99,21.0,295.0,11.0
1753547117240,16:25:17.240,AAVE/USDT:USDT,294.95,17.0,294.9,98.0,294.99,21.0,295.0,11.0
1753547117376,16:25:17.376,AAVE/USDT:USDT,294.92,17.0,294.9,98.0,294.97,10.0,294.98,36.0
1753547117463,16:25:17.463,AAVE/USDT:USDT,294.92,17.0,294.9,98.0,294.97,10.0,294.98,38.0
1753547117501,16:25:17.501,AAVE/USDT:USDT,294.92,17.0,294.9,98.0,294.97,10.0,294.98,38.0
1753547117602,16:25:17.602,AAVE/USDT:USDT,294.92,17.0,294.9,98.0,294.97,10.0,294.98,38.0
1753547118596,16:25:18.596,AAVE/USDT:USDT,294.92,17.0,294.9,98.0,294.97,10.0,294.98,38.0
1753547118636,16:25:18.636,AAVE/USDT:USDT,294.92,17.0,294.9,98.0,294.97,10.0,294.98,38.0
1753547118825,16:25:18.825,AAVE/USDT:USDT,294.92,17.0,294.9,98.0,294.97,10.0,294.98,38.0
1753547118930,16:25:18.930,AAVE/USDT:USDT,294.92,17.0,294.9,98.0,294.97,10.0,294.98,38.0
1753547119033,16:25:19.033,AAVE/USDT:USDT,294.94,17.0,294.93,98.0,294.97,10.0,294.98,17.0
1753547119176,16:25:19.176,AAVE/USDT:USDT,294.94,17.0,294.93,98.0,294.97,10.0,294.98,15.0
1753547119362,16:25:19.362,AAVE/USDT:USDT,294.9,98.0,294.89,53.0,294.97,10.0,294.98,15.0
1753547119422,16:25:19.422,AAVE/USDT:USDT,294.9,98.0,294.89,53.0,294.97,10.0,294.98,15.0
1753547119501,16:25:19.501,AAVE/USDT:USDT,294.9,98.0,294.89,53.0,294.97,10.0,294.98,15.0
1753547119698,16:25:19.698,AAVE/USDT:USDT,294.93,386.0,294.9,98.0,294.97,10.0,294.98,15.0
1753547119721,16:25:19.721,AAVE/USDT:USDT,294.9,98.0,294.89,53.0,294.97,10.0,294.98,15.0
1753547119864,16:25:19.864,AAVE/USDT:USDT,294.9,98.0,294.89,53.0,294.97,10.0,294.98,15.0
1753547119981,16:25:19.981,AAVE/USDT:USDT,294.9,98.0,294.89,53.0,294.97,10.0,294.98,15.0
1753547120099,16:25:20.099,AAVE/USDT:USDT,294.9,98.0,294.89,53.0,294.97,10.0,294.98,15.0
1753547120199,16:25:20.199,AAVE/USDT:USDT,294.92,17.0,294.9,98.0,294.97,10.0,294.98,17.0
1753547120253,16:25:20.253,AAVE/USDT:USDT,294.92,17.0,294.9,98.0,294.97,10.0,294.98,17.0
1753547121282,16:25:21.282,AAVE/USDT:USDT,294.92,17.0,294.9,98.0,294.97,10.0,294.98,17.0
1753547121402,16:25:21.402,AAVE/USDT:USDT,294.92,17.0,294.9,98.0,294.97,10.0,294.98,2.0
1753547121514,16:25:21.514,AAVE/USDT:USDT,294.92,17.0,294.9,98.0,294.97,10.0,294.98,2.0
1753547121661,16:25:21.661,AAVE/USDT:USDT,294.93,34.0,294.89,53.0,294.96,32.0,294.98,2.0
1753547121786,16:25:21.786,AAVE/USDT:USDT,294.93,34.0,294.91,98.0,294.96,32.0,294.98,2.0
1753547121886,16:25:21.886,AAVE/USDT:USDT,294.95,17.0,294.94,34.0,294.96,32.0,294.98,2.0
1753547121965,16:25:21.965,AAVE/USDT:USDT,294.96,17.0,294.91,98.0,295.0,109.0,295.01,30.0
1753547122079,16:25:22.079,AAVE/USDT:USDT,294.96,17.0,294.91,98.0,295.0,109.0,295.01,28.0
1753547122342,16:25:22.342,AAVE/USDT:USDT,294.96,17.0,294.91,98.0,295.0,109.0,295.01,28.0
1753547122697,16:25:22.697,AAVE/USDT:USDT,294.96,17.0,294.91,98.0,295.0,109.0,295.01,28.0
1753547122793,16:25:22.793,AAVE/USDT:USDT,294.95,17.0,294.91,98.0,295.0,21.0,295.01,41.0
1753547122876,16:25:22.876,AAVE/USDT:USDT,294.91,98.0,294.89,53.0,295.0,21.0,295.01,43.0
1753547122980,16:25:22.980,AAVE/USDT:USDT,294.93,17.0,294.92,17.0,294.99,10.0,295.0,43.0
1753547123094,16:25:23.094,AAVE/USDT:USDT,294.93,17.0,294.91,98.0,294.99,10.0,295.0,43.0
1753547123185,16:25:23.185,AAVE/USDT:USDT,294.91,98.0,294.89,53.0,294.99,10.0,295.0,43.0
1753547123229,16:25:23.229,AAVE/USDT:USDT,294.91,98.0,294.89,53.0,294.99,108.0,295.0,43.0
1753547123357,16:25:23.357,AAVE/USDT:USDT,294.93,17.0,294.9,98.0,294.98,2.0,294.99,98.0
1753547123482,16:25:23.482,AAVE/USDT:USDT,294.94,17.0,294.93,17.0,294.98,2.0,295.0,43.0
1753547123574,16:25:23.574,AAVE/USDT:USDT,294.95,17.0,294.9,98.0,295.0,45.0,295.01,94.0
1753547123682,16:25:23.682,AAVE/USDT:USDT,294.94,17.0,294.9,98.0,294.98,10.0,294.99,21.0
1753547123796,16:25:23.796,AAVE/USDT:USDT,294.92,17.0,294.91,34.0,294.97,31.0,295.0,122.0
1753547123894,16:25:23.894,AAVE/USDT:USDT,294.94,17.0,294.9,98.0,294.97,10.0,295.0,122.0
1753547123927,16:25:23.927,AAVE/USDT:USDT,294.94,17.0,294.9,98.0,294.97,10.0,295.0,122.0
1753547124019,16:25:24.019,AAVE/USDT:USDT,294.94,17.0,294.9,98.0,294.97,10.0,295.0,122.0
1753547124396,16:25:24.396,AAVE/USDT:USDT,294.89,53.0,294.88,147.0,294.96,26.0,294.97,98.0
1753547124448,16:25:24.448,AAVE/USDT:USDT,294.89,53.0,294.88,147.0,294.96,28.0,294.97,98.0
1753547124682,16:25:24.682,AAVE/USDT:USDT,294.93,17.0,294.89,53.0,294.96,2.0,295.0,155.0
1753547124761,16:25:24.761,AAVE/USDT:USDT,294.93,17.0,294.89,53.0,294.99,100.0,295.0,155.0
1753547124881,16:25:24.881,AAVE/USDT:USDT,294.93,17.0,294.89,53.0,294.98,100.0,294.99,100.0
1753547124905,16:25:24.905,AAVE/USDT:USDT,294.93,17.0,294.89,53.0,294.98,100.0,294.99,98.0
1753547125025,16:25:25.025,AAVE/USDT:USDT,294.93,17.0,294.89,53.0,294.98,100.0,295.0,57.0
1753547125378,16:25:25.378,AAVE/USDT:USDT,294.93,17.0,294.89,53.0,294.98,100.0,295.0,57.0
1753547125749,16:25:25.749,AAVE/USDT:USDT,294.92,17.0,294.9,100.0,294.99,121.0,295.0,57.0
1753547125858,16:25:25.858,AAVE/USDT:USDT,294.92,17.0,294.9,100.0,294.97,10.0,294.98,2.0
1753547126021,16:25:26.021,AAVE/USDT:USDT,294.92,17.0,294.9,100.0,294.97,10.0,294.98,2.0
1753547126162,16:25:26.162,AAVE/USDT:USDT,294.9,100.0,294.89,53.0,294.97,10.0,294.98,2.0
1753547126282,16:25:26.282,AAVE/USDT:USDT,294.9,100.0,294.89,53.0,294.97,10.0,294.98,2.0
1753547126481,16:25:26.481,AAVE/USDT:USDT,294.96,17.0,294.92,100.0,294.98,2.0,295.0,11.0
1753547126580,16:25:26.580,AAVE/USDT:USDT,294.96,17.0,294.92,100.0,294.99,14.0,295.0,11.0
1753547126688,16:25:26.688,AAVE/USDT:USDT,294.98,34.0,294.94,100.0,294.99,14.0,295.01,2.0
1753547126754,16:25:26.754,AAVE/USDT:USDT,294.98,34.0,294.94,100.0,294.99,14.0,295.03,2.0
1753547126840,16:25:26.840,AAVE/USDT:USDT,294.98,34.0,294.94,100.0,294.99,14.0,295.05,51.0
1753547127003,16:25:27.003,AAVE/USDT:USDT,294.98,34.0,294.94,100.0,294.99,14.0,295.05,51.0
1753547127136,16:25:27.136,AAVE/USDT:USDT,294.98,34.0,294.94,100.0,294.99,14.0,295.05,51.0
1753547127242,16:25:27.242,AAVE/USDT:USDT,294.98,34.0,294.94,100.0,294.99,14.0,295.05,51.0
1753547127663,16:25:27.663,AAVE/USDT:USDT,294.98,34.0,294.94,100.0,294.99,14.0,295.05,51.0
1753547127995,16:25:27.995,AAVE/USDT:USDT,294.98,81.0,294.94,100.0,295.11,99.0,295.12,16.0
1753547128095,16:25:28.095,AAVE/USDT:USDT,295.1,17.0,295.09,17.0,295.11,11.0,295.12,102.0
1753547128198,16:25:28.198,AAVE/USDT:USDT,295.03,100.0,295.02,50.0,295.13,100.0,295.15,50.0
1753547128296,16:25:28.296,AAVE/USDT:USDT,295.09,17.0,295.08,17.0,295.12,21.0,295.13,100.0
1753547128383,16:25:28.383,AAVE/USDT:USDT,295.09,17.0,295.01,319.0,295.12,100.0,295.15,50.0
1753547128497,16:25:28.497,AAVE/USDT:USDT,295.02,206.0,295.01,100.0,295.09,17.0,295.1,120.0
1753547128575,16:25:28.575,AAVE/USDT:USDT,295.07,17.0,295.02,206.0,295.09,17.0,295.1,20.0
1753547128669,16:25:28.669,AAVE/USDT:USDT,295.07,17.0,295.02,206.0,295.09,17.0,295.1,20.0
1753547128741,16:25:28.741,AAVE/USDT:USDT,295.07,17.0,295.02,206.0,295.09,17.0,295.1,20.0
1753547128804,16:25:28.804,AAVE/USDT:USDT,295.07,17.0,295.02,206.0,295.09,17.0,295.1,20.0
1753547128969,16:25:28.969,AAVE/USDT:USDT,295.07,17.0,295.02,206.0,295.09,17.0,295.1,20.0
1753547129086,16:25:29.086,AAVE/USDT:USDT,295.08,34.0,295.03,51.0,295.09,17.0,295.1,20.0
1753547129174,16:25:29.174,AAVE/USDT:USDT,295.08,34.0,295.03,51.0,295.09,17.0,295.1,20.0
1753547129398,16:25:29.398,AAVE/USDT:USDT,295.02,19.0,295.0,94.0,295.08,117.0,295.09,117.0
1753547129489,16:25:29.489,AAVE/USDT:USDT,295.0,2.0,294.99,1662.0,295.05,11.0,295.06,28.0
1753547129583,16:25:29.583,AAVE/USDT:USDT,295.0,2.0,294.99,1662.0,295.03,21.0,295.04,21.0
1753547129695,16:25:29.695,AAVE/USDT:USDT,294.99,1662.0,294.95,204.0,295.02,10.0,295.03,121.0
1753547129782,16:25:29.782,AAVE/USDT:USDT,294.94,100.0,294.93,1662.0,295.01,21.0,295.03,100.0
1753547129864,16:25:29.864,AAVE/USDT:USDT,294.94,102.0,294.93,1662.0,295.01,21.0,295.03,100.0
1753547129982,16:25:29.982,AAVE/USDT:USDT,294.97,17.0,294.95,100.0,295.03,10.0,295.04,121.0
1753547130084,16:25:30.084,AAVE/USDT:USDT,294.97,17.0,294.95,100.0,295.03,10.0,295.04,121.0
1753547130135,16:25:30.135,AAVE/USDT:USDT,294.97,17.0,294.95,100.0,295.03,110.0,295.04,121.0
1753547130288,16:25:30.288,AAVE/USDT:USDT,294.97,17.0,294.95,100.0,295.03,110.0,295.04,21.0
1753547130384,16:25:30.384,AAVE/USDT:USDT,294.96,49.0,294.95,149.0,295.03,10.0,295.05,11.0
1753547130689,16:25:30.689,AAVE/USDT:USDT,294.98,17.0,294.95,100.0,295.03,10.0,295.05,11.0
1753547130744,16:25:30.744,AAVE/USDT:USDT,294.98,17.0,294.95,100.0,295.03,10.0,295.05,11.0
1753547130834,16:25:30.834,AAVE/USDT:USDT,294.98,17.0,294.95,100.0,295.03,10.0,295.05,11.0
1753547131587,16:25:31.587,AAVE/USDT:USDT,294.98,17.0,294.95,100.0,295.03,110.0,295.05,11.0
1753547131698,16:25:31.698,AAVE/USDT:USDT,294.99,381.0,294.98,17.0,295.03,110.0,295.05,11.0
1753547131761,16:25:31.761,AAVE/USDT:USDT,294.97,17.0,294.95,100.0,295.03,10.0,295.05,111.0
1753547131972,16:25:31.972,AAVE/USDT:USDT,294.97,17.0,294.95,100.0,295.03,10.0,295.05,111.0
1753547132191,16:25:32.191,AAVE/USDT:USDT,294.94,102.0,294.93,1662.0,295.03,110.0,295.05,111.0
1753547132218,16:25:32.218,AAVE/USDT:USDT,294.94,102.0,294.93,1662.0,295.03,110.0,295.05,111.0
1753547132393,16:25:32.393,AAVE/USDT:USDT,294.94,102.0,294.93,1662.0,295.03,110.0,295.05,111.0
1753547132599,16:25:32.599,AAVE/USDT:USDT,294.94,102.0,294.93,1662.0,295.03,110.0,295.05,111.0
1753547132641,16:25:32.641,AAVE/USDT:USDT,294.94,2.0,294.93,1662.0,295.03,110.0,295.05,111.0
1753547132895,16:25:32.895,AAVE/USDT:USDT,294.99,17.0,294.96,51.0,295.02,20.0,295.05,111.0
1753547132978,16:25:32.978,AAVE/USDT:USDT,294.99,17.0,294.96,53.0,295.02,20.0,295.05,111.0
1753547133022,16:25:33.022,AAVE/USDT:USDT,294.99,17.0,294.96,53.0,295.02,20.0,295.05,111.0
1753547133240,16:25:33.240,AAVE/USDT:USDT,294.99,17.0,294.96,53.0,295.02,20.0,295.05,111.0
1753547133305,16:25:33.305,AAVE/USDT:USDT,294.99,17.0,294.96,53.0,295.02,20.0,295.05,111.0
1753547133402,16:25:33.402,AAVE/USDT:USDT,294.99,17.0,294.96,53.0,295.02,20.0,295.05,111.0
1753547133503,16:25:33.503,AAVE/USDT:USDT,294.99,17.0,294.96,53.0,295.02,20.0,295.05,111.0
1753547133686,16:25:33.686,AAVE/USDT:USDT,294.96,53.0,294.95,467.0,295.02,20.0,295.05,111.0
1753547133741,16:25:33.741,AAVE/USDT:USDT,294.96,53.0,294.95,467.0,295.02,20.0,295.05,111.0
1753547133801,16:25:33.801,AAVE/USDT:USDT,294.96,53.0,294.95,467.0,295.02,20.0,295.05,111.0
1753547134082,16:25:34.082,AAVE/USDT:USDT,294.97,17.0,294.96,2.0,295.02,20.0,295.04,51.0
1753547134175,16:25:34.175,AAVE/USDT:USDT,294.98,17.0,294.94,2.0,295.02,120.0,295.04,51.0
1753547134267,16:25:34.267,AAVE/USDT:USDT,294.94,2.0,294.93,1662.0,295.02,120.0,295.04,51.0
1753547134692,16:25:34.692,AAVE/USDT:USDT,294.94,2.0,294.93,1662.0,295.02,120.0,295.05,111.0
1753547134797,16:25:34.797,AAVE/USDT:USDT,294.98,17.0,294.95,31.0,295.02,20.0,295.05,111.0
1753547134893,16:25:34.893,AAVE/USDT:USDT,294.98,17.0,294.95,31.0,295.02,20.0,295.05,111.0
1753547134922,16:25:34.922,AAVE/USDT:USDT,294.98,17.0,294.95,31.0,295.02,118.0,295.05,111.0
1753547135022,16:25:35.022,AAVE/USDT:USDT,294.98,17.0,294.95,31.0,295.02,118.0,295.05,111.0
1753547135189,16:25:35.189,AAVE/USDT:USDT,294.98,17.0,294.95,31.0,295.02,118.0,295.05,111.0
1753547135396,16:25:35.396,AAVE/USDT:USDT,294.98,17.0,294.95,31.0,295.02,118.0,295.05,111.0
1753547135401,16:25:35.401,AAVE/USDT:USDT,294.98,17.0,294.95,31.0,295.02,118.0,295.05,111.0
1753547135676,16:25:35.676,AAVE/USDT:USDT,294.98,17.0,294.95,31.0,295.02,118.0,295.05,111.0
1753547135703,16:25:35.703,AAVE/USDT:USDT,294.98,17.0,294.95,31.0,295.02,118.0,295.05,111.0
1753547135896,16:25:35.896,AAVE/USDT:USDT,294.94,2.0,294.93,1662.0,294.98,31.0,294.99,119.0
1753547135980,16:25:35.980,AAVE/USDT:USDT,294.94,2.0,294.93,1662.0,294.97,39.0,294.98,39.0
1753547136091,16:25:36.091,AAVE/USDT:USDT,294.93,1662.0,294.89,53.0,294.97,98.0,294.98,39.0
1753547136181,16:25:36.181,AAVE/USDT:USDT,294.89,252.0,294.87,1760.0,294.97,98.0,294.98,39.0
1753547136266,16:25:36.266,AAVE/USDT:USDT,294.89,252.0,294.88,2.0,294.97,98.0,294.98,39.0
1753547136381,16:25:36.381,AAVE/USDT:USDT,294.89,252.0,294.88,2.0,294.97,98.0,294.98,39.0
1753547136595,16:25:36.595,AAVE/USDT:USDT,294.89,252.0,294.88,2.0,294.97,98.0,294.98,39.0
1753547136694,16:25:36.694,AAVE/USDT:USDT,294.89,252.0,294.88,2.0,294.97,98.0,294.98,39.0
1753547137086,16:25:37.086,AAVE/USDT:USDT,294.89,252.0,294.88,2.0,294.97,98.0,294.98,39.0
1753547137102,16:25:37.102,AAVE/USDT:USDT,294.89,252.0,294.88,2.0,294.97,98.0,294.98,39.0
1753547137454,16:25:37.454,AAVE/USDT:USDT,294.89,252.0,294.88,2.0,294.97,98.0,294.98,39.0
1753547137698,16:25:37.698,AAVE/USDT:USDT,294.89,252.0,294.88,2.0,294.97,98.0,294.98,39.0
1753547137997,16:25:37.997,AAVE/USDT:USDT,294.89,252.0,294.88,2.0,294.97,98.0,294.98,21.0
1753547138095,16:25:38.095,AAVE/USDT:USDT,294.93,17.0,294.89,252.0,294.97,98.0,294.98,21.0
1753547138197,16:25:38.197,AAVE/USDT:USDT,294.94,17.0,294.9,98.0,294.98,30.0,294.99,98.0
1753547138268,16:25:38.268,AAVE/USDT:USDT,294.94,17.0,294.9,100.0,294.98,30.0,294.99,98.0
1753547138351,16:25:38.351,AAVE/USDT:USDT,294.94,17.0,294.9,100.0,294.98,30.0,294.99,98.0
1753547138408,16:25:38.408,AAVE/USDT:USDT,294.94,17.0,294.9,100.0,294.98,128.0,295.0,10.0
1753547138703,16:25:38.703,AAVE/USDT:USDT,294.94,17.0,294.9,2.0,294.98,128.0,295.0,10.0
1753547138808,16:25:38.808,AAVE/USDT:USDT,294.94,17.0,294.89,252.0,294.98,128.0,295.0,10.0
1753547138902,16:25:38.902,AAVE/USDT:USDT,294.94,17.0,294.89,252.0,294.98,128.0,295.0,10.0
1753547139065,16:25:39.065,AAVE/USDT:USDT,294.94,17.0,294.89,252.0,294.98,128.0,295.0,10.0
1753547139102,16:25:39.102,AAVE/USDT:USDT,294.94,17.0,294.89,252.0,294.98,128.0,295.0,10.0
1753547139293,16:25:39.293,AAVE/USDT:USDT,294.89,252.0,294.88,2.0,294.95,119.0,294.96,31.0
1753547139361,16:25:39.361,AAVE/USDT:USDT,294.89,53.0,294.88,2.0,294.93,21.0,294.94,119.0
