timestamp,time,exchange,symbol,bid1_price,bid1_volume,bid2_price,bid2_volume,ask1_price,ask1_volume,ask2_price,ask2_volume
1753591883726,04:51:23.726,binance,A/USDT:USDT,0.57562,418.0,0.5756,87.0,0.57563,705.0,0.57564,316.0
1753591885110,04:51:25.110,binance,A/USDT:USDT,0.57562,407.0,0.5756,87.0,0.57563,38.0,0.57564,316.0
1753591885336,04:51:25.336,binance,A/USDT:USDT,0.57562,547.0,0.5756,103.0,0.57563,19.0,0.57564,316.0
1753591885464,04:51:25.464,binance,A/USDT:USDT,0.57562,547.0,0.5756,103.0,0.57563,19.0,0.57564,316.0
1753591886009,04:51:26.009,binance,A/USDT:USDT,0.57562,547.0,0.5756,103.0,0.57563,19.0,0.57564,316.0
1753591886403,04:51:26.403,binance,A/USDT:USDT,0.57562,547.0,0.5756,103.0,0.57563,233.0,0.57564,316.0
1753591887487,04:51:27.487,binance,A/USDT:USDT,0.57562,469.0,0.5756,25.0,0.57563,282.0,0.57564,316.0
1753591887601,04:51:27.601,binance,A/USDT:USDT,0.57562,469.0,0.5756,25.0,0.57563,282.0,0.57564,316.0
1753591887702,04:51:27.702,binance,A/USDT:USDT,0.57562,469.0,0.5756,25.0,0.57563,282.0,0.57564,316.0
1753591888701,04:51:28.701,binance,A/USDT:USDT,0.57562,469.0,0.5756,25.0,0.57563,291.0,0.57564,316.0
1753591888802,04:51:28.802,binance,A/USDT:USDT,0.57562,469.0,0.5756,25.0,0.57563,291.0,0.57564,316.0
1753591889111,04:51:29.111,binance,A/USDT:USDT,0.57562,469.0,0.5756,25.0,0.57563,291.0,0.57564,316.0
1753591889302,04:51:29.302,binance,A/USDT:USDT,0.57562,469.0,0.5756,25.0,0.57563,291.0,0.57564,316.0
1753591889880,04:51:29.880,binance,A/USDT:USDT,0.57562,469.0,0.5756,103.0,0.57563,291.0,0.57564,316.0
1753591889985,04:51:29.985,binance,A/USDT:USDT,0.57562,469.0,0.5756,103.0,0.57563,291.0,0.57564,316.0
1753591890111,04:51:30.111,binance,A/USDT:USDT,0.57562,469.0,0.5756,103.0,0.57563,291.0,0.57564,316.0
1753591890215,04:51:30.215,binance,A/USDT:USDT,0.57562,469.0,0.5756,25.0,0.57563,77.0,0.57564,316.0
1753591890316,04:51:30.316,binance,A/USDT:USDT,0.57562,469.0,0.5756,25.0,0.57563,291.0,0.57564,316.0
1753591890417,04:51:30.417,binance,A/USDT:USDT,0.57562,469.0,0.5756,25.0,0.57563,77.0,0.57564,316.0
1753591890530,04:51:30.530,binance,A/USDT:USDT,0.57562,902.0,0.57561,78.0,0.57563,77.0,0.57564,316.0
1753591890809,04:51:30.809,binance,A/USDT:USDT,0.57562,902.0,0.57561,78.0,0.57563,77.0,0.57564,316.0
1753591891110,04:51:31.110,binance,A/USDT:USDT,0.57562,902.0,0.57561,78.0,0.57563,77.0,0.57564,316.0
1753591891214,04:51:31.214,binance,A/USDT:USDT,0.57562,902.0,0.57561,78.0,0.57563,77.0,0.57564,316.0
1753591891351,04:51:31.351,binance,A/USDT:USDT,0.57562,902.0,0.57561,78.0,0.57563,77.0,0.57564,316.0
1753591891520,04:51:31.520,binance,A/USDT:USDT,0.57562,902.0,0.57561,78.0,0.57563,77.0,0.57564,316.0
1753591891654,04:51:31.654,binance,A/USDT:USDT,0.57562,902.0,0.57561,78.0,0.57563,77.0,0.57564,316.0
1753591892102,04:51:32.102,binance,A/USDT:USDT,0.57562,902.0,0.57561,78.0,0.57563,77.0,0.57564,316.0
1753591892227,04:51:32.227,binance,A/USDT:USDT,0.57562,902.0,0.5756,25.0,0.57563,58.0,0.57564,316.0
1753591892535,04:51:32.535,binance,A/USDT:USDT,0.57562,902.0,0.5756,25.0,0.57563,58.0,0.57564,316.0
1753591892641,04:51:32.641,binance,A/USDT:USDT,0.57562,902.0,0.5756,25.0,0.57563,83.0,0.57564,316.0
1753591892745,04:51:32.745,binance,A/USDT:USDT,0.57562,902.0,0.5756,103.0,0.57563,72.0,0.57564,316.0
1753591892885,04:51:32.885,binance,A/USDT:USDT,0.57562,902.0,0.5756,103.0,0.57563,72.0,0.57564,316.0
1753591893111,04:51:33.111,binance,A/USDT:USDT,0.57562,902.0,0.5756,103.0,0.57563,72.0,0.57564,316.0
1753591893559,04:51:33.559,binance,A/USDT:USDT,0.57562,902.0,0.5756,25.0,0.57563,72.0,0.57564,316.0
1753591893663,04:51:33.663,binance,A/USDT:USDT,0.57562,902.0,0.5756,25.0,0.57563,72.0,0.57564,316.0
1753591893770,04:51:33.770,binance,A/USDT:USDT,0.57562,902.0,0.5756,25.0,0.57563,72.0,0.57564,316.0
1753591894802,04:51:34.802,binance,A/USDT:USDT,0.57562,902.0,0.57561,78.0,0.57563,72.0,0.57564,316.0
1753591894907,04:51:34.907,binance,A/USDT:USDT,0.57562,902.0,0.5756,25.0,0.57563,72.0,0.57564,316.0
1753591895402,04:51:35.402,binance,A/USDT:USDT,0.57562,902.0,0.57561,78.0,0.57563,72.0,0.57564,316.0
1753591895609,04:51:35.609,binance,A/USDT:USDT,0.57562,902.0,0.57561,78.0,0.57563,72.0,0.57564,316.0
1753591897676,04:51:37.676,binance,A/USDT:USDT,0.57562,916.0,0.57561,78.0,0.57563,72.0,0.57564,316.0
1753591897902,04:51:37.902,binance,A/USDT:USDT,0.57562,916.0,0.57561,78.0,0.57563,72.0,0.57564,316.0
1753591898502,04:51:38.502,binance,A/USDT:USDT,0.57562,916.0,0.57561,78.0,0.57563,72.0,0.57564,316.0
1753591898834,04:51:38.834,binance,A/USDT:USDT,0.57562,916.0,0.57561,78.0,0.57563,72.0,0.57564,316.0
1753591899231,04:51:39.231,binance,A/USDT:USDT,0.57562,916.0,0.57561,78.0,0.57563,72.0,0.57564,316.0
1753591899661,04:51:39.661,binance,A/USDT:USDT,0.57562,916.0,0.57561,78.0,0.57563,72.0,0.57564,316.0
1753591899766,04:51:39.766,binance,A/USDT:USDT,0.57562,916.0,0.57561,78.0,0.57563,72.0,0.57564,316.0
1753591899985,04:51:39.985,binance,A/USDT:USDT,0.57562,916.0,0.57561,78.0,0.57563,72.0,0.57564,316.0
1753591900111,04:51:40.111,binance,A/USDT:USDT,0.57562,916.0,0.57561,78.0,0.57563,72.0,0.57564,316.0
1753591900270,04:51:40.270,binance,A/USDT:USDT,0.57562,916.0,0.57561,78.0,0.57563,72.0,0.57564,316.0
1753591900409,04:51:40.409,binance,A/USDT:USDT,0.57562,916.0,0.57561,78.0,0.57563,72.0,0.57564,316.0
1753591900516,04:51:40.516,binance,A/USDT:USDT,0.57562,916.0,0.57561,78.0,0.57563,72.0,0.57564,316.0
1753591900650,04:51:40.650,binance,A/USDT:USDT,0.57562,916.0,0.57561,78.0,0.57563,72.0,0.57564,316.0
1753591900756,04:51:40.756,binance,A/USDT:USDT,0.57562,916.0,0.57561,78.0,0.57563,72.0,0.57564,316.0
1753591901111,04:51:41.111,binance,A/USDT:USDT,0.57562,916.0,0.5756,25.0,0.57563,72.0,0.57564,316.0
1753591901217,04:51:41.217,binance,A/USDT:USDT,0.57562,916.0,0.57561,78.0,0.57563,72.0,0.57564,316.0
1753591901691,04:51:41.691,binance,A/USDT:USDT,0.57562,916.0,0.57561,78.0,0.57563,72.0,0.57564,316.0
1753591901900,04:51:41.900,binance,A/USDT:USDT,0.57562,916.0,0.5756,25.0,0.57563,72.0,0.57564,316.0
1753591902111,04:51:42.111,binance,A/USDT:USDT,0.57562,916.0,0.5756,25.0,0.57563,72.0,0.57564,316.0
1753591902402,04:51:42.402,binance,A/USDT:USDT,0.57562,916.0,0.5756,25.0,0.57563,72.0,0.57564,316.0
1753591902859,04:51:42.859,binance,A/USDT:USDT,0.57562,916.0,0.5756,25.0,0.57563,72.0,0.57564,316.0
1753591903302,04:51:43.302,binance,A/USDT:USDT,0.57562,916.0,0.5756,25.0,0.57563,72.0,0.57564,316.0
1753591903936,04:51:43.936,binance,A/USDT:USDT,0.57562,1009.0,0.5756,103.0,0.57563,72.0,0.57564,316.0
1753591904040,04:51:44.040,binance,A/USDT:USDT,0.57562,1009.0,0.5756,103.0,0.57563,72.0,0.57564,316.0
1753591904144,04:51:44.144,binance,A/USDT:USDT,0.57562,1009.0,0.5756,103.0,0.57563,72.0,0.57564,316.0
1753591904671,04:51:44.671,binance,A/USDT:USDT,0.57562,1009.0,0.5756,103.0,0.57563,72.0,0.57564,316.0
1753591905111,04:51:45.111,binance,A/USDT:USDT,0.57562,1009.0,0.5756,103.0,0.57563,72.0,0.57564,316.0
1753591905226,04:51:45.226,binance,A/USDT:USDT,0.57562,1009.0,0.5756,103.0,0.57563,72.0,0.57564,316.0
1753591905808,04:51:45.808,binance,A/USDT:USDT,0.57562,931.0,0.5756,25.0,0.57563,72.0,0.57564,316.0
1753591906111,04:51:46.111,binance,A/USDT:USDT,0.57562,931.0,0.5756,25.0,0.57563,72.0,0.57564,316.0
1753591906258,04:51:46.258,binance,A/USDT:USDT,0.57562,931.0,0.57561,78.0,0.57563,47.0,0.57564,316.0
1753591906781,04:51:46.781,binance,A/USDT:USDT,0.57562,931.0,0.5756,25.0,0.57563,47.0,0.57564,316.0
1753591907111,04:51:47.111,binance,A/USDT:USDT,0.57562,931.0,0.5756,25.0,0.57563,47.0,0.57564,316.0
1753591907300,04:51:47.300,binance,A/USDT:USDT,0.57562,931.0,0.5756,25.0,0.57563,47.0,0.57564,316.0
1753591907454,04:51:47.454,binance,A/USDT:USDT,0.57562,931.0,0.57561,78.0,0.57563,36.0,0.57564,316.0
1753591907902,04:51:47.902,binance,A/USDT:USDT,0.57562,931.0,0.57561,78.0,0.57563,36.0,0.57564,316.0
1753591908020,04:51:48.020,binance,A/USDT:USDT,0.57562,931.0,0.57561,78.0,0.57563,36.0,0.57564,316.0
1753591908144,04:51:48.144,binance,A/USDT:USDT,0.57562,931.0,0.57561,78.0,0.57563,36.0,0.57564,316.0
1753591908480,04:51:48.480,binance,A/USDT:USDT,0.57562,931.0,0.57561,78.0,0.57563,36.0,0.57564,316.0
1753591909111,04:51:49.111,binance,A/USDT:USDT,0.57562,931.0,0.5756,25.0,0.57563,36.0,0.57564,316.0
1753591909602,04:51:49.602,binance,A/USDT:USDT,0.57562,931.0,0.5756,25.0,0.57563,36.0,0.57564,316.0
1753591909718,04:51:49.718,binance,A/USDT:USDT,0.57562,931.0,0.5756,25.0,0.57563,36.0,0.57564,316.0
1753591910009,04:51:50.009,binance,A/USDT:USDT,0.57562,931.0,0.5756,25.0,0.57563,36.0,0.57564,316.0
1753591910112,04:51:50.112,binance,A/USDT:USDT,0.57562,931.0,0.5756,25.0,0.57563,36.0,0.57564,316.0
1753591910220,04:51:50.220,binance,A/USDT:USDT,0.57562,931.0,0.5756,25.0,0.57563,36.0,0.57564,316.0
1753591910702,04:51:50.702,binance,A/USDT:USDT,0.57562,931.0,0.5756,25.0,0.57563,36.0,0.57564,316.0
1753591911111,04:51:51.111,binance,A/USDT:USDT,0.57562,931.0,0.5756,25.0,0.57563,36.0,0.57564,316.0
1753591911300,04:51:51.300,binance,A/USDT:USDT,0.57562,931.0,0.5756,25.0,0.57563,36.0,0.57564,316.0
1753591911403,04:51:51.403,binance,A/USDT:USDT,0.57562,931.0,0.5756,25.0,0.57563,36.0,0.57564,316.0
1753591911713,04:51:51.713,binance,A/USDT:USDT,0.57562,931.0,0.5756,25.0,0.57563,250.0,0.57564,316.0
1753591911834,04:51:51.834,binance,A/USDT:USDT,0.57562,931.0,0.5756,25.0,0.57563,36.0,0.57564,316.0
1753591911935,04:51:51.935,binance,A/USDT:USDT,0.57562,931.0,0.5756,25.0,0.57563,36.0,0.57564,316.0
1753591912060,04:51:52.060,binance,A/USDT:USDT,0.57562,931.0,0.5756,25.0,0.57563,36.0,0.57564,316.0
1753591912201,04:51:52.201,binance,A/USDT:USDT,0.57562,931.0,0.5756,25.0,0.57563,36.0,0.57564,316.0
1753591912502,04:51:52.502,binance,A/USDT:USDT,0.57562,931.0,0.5756,25.0,0.57563,36.0,0.57564,316.0
1753591913031,04:51:53.031,binance,A/USDT:USDT,0.57562,931.0,0.5756,25.0,0.57563,36.0,0.57564,316.0
1753591913144,04:51:53.144,binance,A/USDT:USDT,0.57562,931.0,0.5756,25.0,0.57563,36.0,0.57564,316.0
1753591913351,04:51:53.351,binance,A/USDT:USDT,0.57562,931.0,0.5756,25.0,0.57563,36.0,0.57564,316.0
1753591913602,04:51:53.602,binance,A/USDT:USDT,0.57562,931.0,0.5756,25.0,0.57563,36.0,0.57564,316.0
1753591914004,04:51:54.004,binance,A/USDT:USDT,0.57562,931.0,0.5756,25.0,0.57563,36.0,0.57564,316.0
1753591914111,04:51:54.111,binance,A/USDT:USDT,0.57562,931.0,0.5756,25.0,0.57563,36.0,0.57564,316.0
1753591914275,04:51:54.275,binance,A/USDT:USDT,0.57562,931.0,0.5756,25.0,0.57563,36.0,0.57564,316.0
1753591914810,04:51:54.810,binance,A/USDT:USDT,0.57562,931.0,0.5756,25.0,0.57563,250.0,0.57564,316.0
1753591914979,04:51:54.979,binance,A/USDT:USDT,0.57562,931.0,0.5756,25.0,0.57563,36.0,0.57564,316.0
1753591915081,04:51:55.081,binance,A/USDT:USDT,0.57562,931.0,0.5756,25.0,0.57563,250.0,0.57564,316.0
1753591915404,04:51:55.404,binance,A/USDT:USDT,0.57562,931.0,0.5756,25.0,0.57563,250.0,0.57564,316.0
1753591916111,04:51:56.111,binance,A/USDT:USDT,0.57562,931.0,0.5756,25.0,0.57563,250.0,0.57564,316.0
1753591916494,04:51:56.494,binance,A/USDT:USDT,0.57562,3483.0,0.5756,25.0,0.57563,36.0,0.57564,316.0
1753591916599,04:51:56.599,binance,A/USDT:USDT,0.57562,3483.0,0.5756,25.0,0.57563,36.0,0.57564,316.0
1753591917206,04:51:57.206,binance,A/USDT:USDT,0.57562,3483.0,0.5756,25.0,0.57563,36.0,0.57564,316.0
1753591917566,04:51:57.566,binance,A/USDT:USDT,0.57562,3483.0,0.5756,25.0,0.57563,36.0,0.57564,316.0
1753591918012,04:51:58.012,binance,A/USDT:USDT,0.57562,3483.0,0.5756,25.0,0.57563,36.0,0.57564,316.0
1753591918142,04:51:58.142,binance,A/USDT:USDT,0.57562,3483.0,0.5756,25.0,0.57563,36.0,0.57564,316.0
1753591918702,04:51:58.702,binance,A/USDT:USDT,0.57562,3483.0,0.5756,25.0,0.57563,36.0,0.57564,316.0
1753591919111,04:51:59.111,binance,A/USDT:USDT,0.57562,3483.0,0.5756,25.0,0.57563,36.0,0.57564,316.0
1753591919302,04:51:59.302,binance,A/USDT:USDT,0.57562,3483.0,0.5756,25.0,0.57563,36.0,0.57564,316.0
1753591919407,04:51:59.407,binance,A/USDT:USDT,0.57562,3483.0,0.5756,25.0,0.57563,36.0,0.57564,316.0
1753591919610,04:51:59.610,binance,A/USDT:USDT,0.57562,3483.0,0.5756,25.0,0.57563,36.0,0.57564,316.0
1753591919715,04:51:59.715,binance,A/USDT:USDT,0.57562,3483.0,0.5756,25.0,0.57563,36.0,0.57564,316.0
1753591919850,04:51:59.850,binance,A/USDT:USDT,0.57562,3483.0,0.5756,25.0,0.57563,36.0,0.57564,316.0
1753591920112,04:52:00.112,binance,A/USDT:USDT,0.57562,3483.0,0.5756,25.0,0.57563,36.0,0.57564,316.0
1753591920361,04:52:00.361,binance,A/USDT:USDT,0.57562,3483.0,0.57561,78.0,0.57563,36.0,0.57564,316.0
1753591920467,04:52:00.467,binance,A/USDT:USDT,0.57562,3483.0,0.57561,78.0,0.57563,36.0,0.57564,316.0
1753591921111,04:52:01.111,binance,A/USDT:USDT,0.57562,3483.0,0.57561,78.0,0.57563,36.0,0.57564,316.0
1753591921582,04:52:01.582,binance,A/USDT:USDT,0.57562,3483.0,0.57561,78.0,0.57563,36.0,0.57564,316.0
1753591921717,04:52:01.717,binance,A/USDT:USDT,0.57562,3483.0,0.57561,78.0,0.57563,36.0,0.57564,316.0
1753591921847,04:52:01.847,binance,A/USDT:USDT,0.57562,3493.0,0.57561,78.0,0.57564,191.0,0.57567,76.0
1753591922266,04:52:02.266,binance,A/USDT:USDT,0.5758,17.0,0.57575,246.0,0.57586,29.0,0.57588,75.0
1753591922370,04:52:02.370,binance,A/USDT:USDT,0.5758,17.0,0.57575,246.0,0.57586,29.0,0.57588,75.0
1753591922499,04:52:02.499,binance,A/USDT:USDT,0.5758,17.0,0.57575,190.0,0.57586,29.0,0.57588,75.0
1753591922613,04:52:02.613,binance,A/USDT:USDT,0.5758,17.0,0.57575,190.0,0.57586,29.0,0.57588,75.0
1753591922754,04:52:02.754,binance,A/USDT:USDT,0.5758,17.0,0.57575,190.0,0.57586,29.0,0.57588,75.0
1753591922959,04:52:02.959,binance,A/USDT:USDT,0.5758,2520.0,0.57575,190.0,0.57586,29.0,0.57588,75.0
1753591923064,04:52:03.064,binance,A/USDT:USDT,0.5758,2520.0,0.57575,190.0,0.57586,29.0,0.57588,75.0
1753591923168,04:52:03.168,binance,A/USDT:USDT,0.5758,2520.0,0.57578,133.0,0.57586,29.0,0.57588,75.0
1753591923271,04:52:03.271,binance,A/USDT:USDT,0.5758,2520.0,0.57578,133.0,0.57586,29.0,0.57588,75.0
1753591923373,04:52:03.373,binance,A/USDT:USDT,0.5758,2520.0,0.57578,133.0,0.57586,29.0,0.57588,75.0
1753591923742,04:52:03.742,binance,A/USDT:USDT,0.5758,2520.0,0.57578,133.0,0.57586,29.0,0.57588,75.0
1753591923953,04:52:03.953,binance,A/USDT:USDT,0.5758,2589.0,0.57578,133.0,0.57586,29.0,0.57588,75.0
1753591924110,04:52:04.110,binance,A/USDT:USDT,0.5758,2589.0,0.57578,133.0,0.57586,29.0,0.57588,75.0
1753591924271,04:52:04.271,binance,A/USDT:USDT,0.5758,2589.0,0.57578,133.0,0.57586,29.0,0.57588,75.0
1753591924410,04:52:04.410,binance,A/USDT:USDT,0.57583,51.0,0.57582,78.0,0.57588,16.0,0.57589,107.0
1753591924520,04:52:04.520,binance,A/USDT:USDT,0.57583,51.0,0.57582,78.0,0.57588,16.0,0.57589,107.0
1753591924623,04:52:04.623,binance,A/USDT:USDT,0.57583,51.0,0.5758,2627.0,0.57588,16.0,0.57589,107.0
1753591924738,04:52:04.738,binance,A/USDT:USDT,0.57583,51.0,0.5758,2627.0,0.57588,16.0,0.57589,107.0
1753591925111,04:52:05.111,binance,A/USDT:USDT,0.57583,51.0,0.5758,2627.0,0.57588,16.0,0.57589,107.0
1753591925290,04:52:05.290,binance,A/USDT:USDT,0.57583,51.0,0.5758,2627.0,0.57588,16.0,0.57589,107.0
1753591925806,04:52:05.806,binance,A/USDT:USDT,0.57583,51.0,0.5758,2627.0,0.57588,16.0,0.57589,107.0
1753591925960,04:52:05.960,binance,A/USDT:USDT,0.57583,51.0,0.5758,2627.0,0.57588,16.0,0.57589,107.0
1753591926100,04:52:06.100,binance,A/USDT:USDT,0.57583,51.0,0.5758,2627.0,0.57588,16.0,0.57589,107.0
1753591926231,04:52:06.231,binance,A/USDT:USDT,0.57583,51.0,0.5758,2627.0,0.57588,16.0,0.57589,107.0
1753591926377,04:52:06.377,binance,A/USDT:USDT,0.57583,51.0,0.5758,2627.0,0.57588,29.0,0.57589,107.0
1753591926517,04:52:06.517,binance,A/USDT:USDT,0.57583,89.0,0.5758,2627.0,0.57588,29.0,0.57589,107.0
1753591926635,04:52:06.635,binance,A/USDT:USDT,0.57583,89.0,0.5758,2627.0,0.57588,169.0,0.57589,107.0
1753591926739,04:52:06.739,binance,A/USDT:USDT,0.57583,89.0,0.5758,2627.0,0.57588,169.0,0.57589,107.0
1753591926842,04:52:06.842,binance,A/USDT:USDT,0.57583,89.0,0.5758,2627.0,0.57588,169.0,0.57589,107.0
1753591927111,04:52:07.111,binance,A/USDT:USDT,0.57583,89.0,0.5758,2627.0,0.57588,169.0,0.57589,107.0
1753591927651,04:52:07.651,binance,A/USDT:USDT,0.57583,89.0,0.5758,2627.0,0.57588,169.0,0.57589,107.0
1753591927860,04:52:07.860,binance,A/USDT:USDT,0.57583,89.0,0.5758,2627.0,0.57588,169.0,0.57589,107.0
1753591927966,04:52:07.966,binance,A/USDT:USDT,0.57583,89.0,0.5758,2627.0,0.57588,169.0,0.57589,107.0
1753591928111,04:52:08.111,binance,A/USDT:USDT,0.57583,89.0,0.5758,2627.0,0.57588,169.0,0.57589,107.0
1753591928402,04:52:08.402,binance,A/USDT:USDT,0.57583,89.0,0.5758,2627.0,0.57588,169.0,0.57589,107.0
1753591928960,04:52:08.960,binance,A/USDT:USDT,0.57583,89.0,0.57581,133.0,0.57588,169.0,0.57589,107.0
1753591929065,04:52:09.065,binance,A/USDT:USDT,0.57583,89.0,0.57581,78.0,0.57588,169.0,0.57589,107.0
1753591929210,04:52:09.210,binance,A/USDT:USDT,0.57583,89.0,0.57581,211.0,0.57588,169.0,0.57589,107.0
1753591929373,04:52:09.373,binance,A/USDT:USDT,0.57583,137.0,0.57581,211.0,0.57588,169.0,0.57589,107.0
1753591929480,04:52:09.480,binance,A/USDT:USDT,0.57583,137.0,0.57581,211.0,0.57588,169.0,0.57589,107.0
1753591929760,04:52:09.760,binance,A/USDT:USDT,0.57583,199.0,0.57581,211.0,0.57588,169.0,0.57589,107.0
1753591929966,04:52:09.966,binance,A/USDT:USDT,0.57583,199.0,0.57581,211.0,0.57588,169.0,0.57589,107.0
1753591930240,04:52:10.240,binance,A/USDT:USDT,0.57583,199.0,0.57581,211.0,0.57588,169.0,0.57589,107.0
1753591930415,04:52:10.415,binance,A/USDT:USDT,0.57583,199.0,0.57581,211.0,0.57588,169.0,0.57589,107.0
1753591930602,04:52:10.602,binance,A/USDT:USDT,0.57583,199.0,0.57581,211.0,0.57588,169.0,0.57589,107.0
1753591930707,04:52:10.707,binance,A/USDT:USDT,0.57583,199.0,0.57581,211.0,0.57588,169.0,0.57589,107.0
1753591931111,04:52:11.111,binance,A/USDT:USDT,0.57583,199.0,0.57581,211.0,0.57588,169.0,0.57589,107.0
1753591931300,04:52:11.300,binance,A/USDT:USDT,0.57583,199.0,0.57581,211.0,0.57588,169.0,0.57589,107.0
1753591931423,04:52:11.423,binance,A/USDT:USDT,0.57583,199.0,0.5758,2627.0,0.57588,169.0,0.57589,107.0
1753591931545,04:52:11.545,binance,A/USDT:USDT,0.57583,199.0,0.5758,2627.0,0.57588,169.0,0.57589,107.0
1753591931801,04:52:11.801,binance,A/USDT:USDT,0.57583,199.0,0.5758,2627.0,0.57588,169.0,0.57589,107.0
1753591932031,04:52:12.031,binance,A/USDT:USDT,0.57583,199.0,0.5758,2627.0,0.57588,169.0,0.57589,107.0
1753591932145,04:52:12.145,binance,A/USDT:USDT,0.57583,199.0,0.5758,2627.0,0.57588,169.0,0.57589,107.0
1753591932358,04:52:12.358,binance,A/USDT:USDT,0.57583,199.0,0.5758,2627.0,0.57588,169.0,0.57589,107.0
1753591932509,04:52:12.509,binance,A/USDT:USDT,0.57583,199.0,0.5758,2705.0,0.57588,169.0,0.57589,107.0
1753591933110,04:52:13.110,binance,A/USDT:USDT,0.57583,199.0,0.5758,2705.0,0.57588,169.0,0.57589,107.0
1753591933968,04:52:13.968,binance,A/USDT:USDT,0.57583,199.0,0.5758,2705.0,0.57588,169.0,0.57589,107.0
1753591934341,04:52:14.341,binance,A/USDT:USDT,0.57583,199.0,0.5758,2627.0,0.57588,169.0,0.57589,107.0
1753591934597,04:52:14.597,binance,A/USDT:USDT,0.57583,199.0,0.5758,2627.0,0.57588,169.0,0.57589,107.0
1753591934702,04:52:14.702,binance,A/USDT:USDT,0.57583,199.0,0.5758,2627.0,0.57588,169.0,0.57589,107.0
1753591934807,04:52:14.807,binance,A/USDT:USDT,0.57583,199.0,0.5758,2627.0,0.57588,169.0,0.57589,107.0
1753591934958,04:52:14.958,binance,A/USDT:USDT,0.57583,199.0,0.5758,2627.0,0.57588,169.0,0.57589,107.0
1753591935240,04:52:15.240,binance,A/USDT:USDT,0.57583,199.0,0.5758,2627.0,0.57588,169.0,0.57589,107.0
1753591935344,04:52:15.344,binance,A/USDT:USDT,0.57583,199.0,0.5758,2627.0,0.57588,169.0,0.57589,107.0
1753591935695,04:52:15.695,binance,A/USDT:USDT,0.57583,199.0,0.5758,2627.0,0.57588,169.0,0.57589,107.0
1753591935811,04:52:15.811,binance,A/USDT:USDT,0.57583,199.0,0.5758,2627.0,0.57588,169.0,0.57589,107.0
1753591935968,04:52:15.968,binance,A/USDT:USDT,0.57583,199.0,0.5758,2627.0,0.57588,169.0,0.57589,107.0
1753591936111,04:52:16.111,binance,A/USDT:USDT,0.57583,268.0,0.5758,2558.0,0.57588,169.0,0.57589,107.0
1753591936213,04:52:16.213,binance,A/USDT:USDT,0.57584,51.0,0.57583,217.0,0.57588,169.0,0.57589,107.0
1753591936331,04:52:16.331,binance,A/USDT:USDT,0.57584,51.0,0.57583,217.0,0.57588,169.0,0.57589,107.0
1753591936698,04:52:16.698,binance,A/USDT:USDT,0.57584,182.0,0.57583,217.0,0.57588,169.0,0.57589,107.0
1753591937097,04:52:17.097,binance,A/USDT:USDT,0.57584,182.0,0.57583,217.0,0.57588,169.0,0.57589,107.0
1753591937410,04:52:17.410,binance,A/USDT:USDT,0.57584,182.0,0.57583,217.0,0.57588,169.0,0.57589,107.0
1753591937568,04:52:17.568,binance,A/USDT:USDT,0.57584,182.0,0.57583,217.0,0.57588,169.0,0.57589,107.0
1753591937969,04:52:17.969,binance,A/USDT:USDT,0.57584,182.0,0.57583,217.0,0.57588,169.0,0.57589,107.0
1753591938217,04:52:18.217,binance,A/USDT:USDT,0.57584,182.0,0.57583,217.0,0.57588,169.0,0.57589,107.0
1753591938387,04:52:18.387,binance,A/USDT:USDT,0.57584,650.0,0.57583,217.0,0.57588,169.0,0.57589,107.0
1753591938502,04:52:18.502,binance,A/USDT:USDT,0.57584,650.0,0.57583,217.0,0.57588,169.0,0.57589,107.0
1753591938810,04:52:18.810,binance,A/USDT:USDT,0.57584,650.0,0.57583,217.0,0.57588,169.0,0.57589,107.0
1753591939102,04:52:19.102,binance,A/USDT:USDT,0.57584,650.0,0.57583,217.0,0.57588,169.0,0.57589,107.0
1753591939970,04:52:19.970,binance,A/USDT:USDT,0.57584,650.0,0.57583,217.0,0.57588,169.0,0.57589,107.0
1753591940111,04:52:20.111,binance,A/USDT:USDT,0.57584,650.0,0.57583,217.0,0.57588,169.0,0.57589,107.0
1753591940258,04:52:20.258,binance,A/USDT:USDT,0.57584,650.0,0.57583,217.0,0.57588,169.0,0.57589,107.0
1753591940361,04:52:20.361,binance,A/USDT:USDT,0.57584,650.0,0.57583,217.0,0.57588,169.0,0.57589,107.0
1753591940524,04:52:20.524,binance,A/USDT:USDT,0.57584,702.0,0.57583,179.0,0.57588,169.0,0.57589,107.0
1753591940753,04:52:20.753,binance,A/USDT:USDT,0.57584,702.0,0.57583,179.0,0.57588,169.0,0.57589,107.0
1753591941023,04:52:21.023,binance,A/USDT:USDT,0.57584,702.0,0.57583,179.0,0.57588,169.0,0.57589,107.0
1753591941125,04:52:21.125,binance,A/USDT:USDT,0.57584,702.0,0.57583,179.0,0.57588,29.0,0.57589,107.0
1753591941228,04:52:21.228,binance,A/USDT:USDT,0.57584,702.0,0.57583,179.0,0.57588,29.0,0.57589,107.0
1753591941459,04:52:21.459,binance,A/USDT:USDT,0.57584,702.0,0.57583,179.0,0.57588,29.0,0.57589,107.0
1753591941971,04:52:21.971,binance,A/USDT:USDT,0.57584,702.0,0.57583,179.0,0.57588,29.0,0.57589,107.0
1753591942100,04:52:22.100,binance,A/USDT:USDT,0.57584,702.0,0.57583,179.0,0.57588,29.0,0.57589,107.0
1753591942208,04:52:22.208,binance,A/USDT:USDT,0.57584,702.0,0.57583,179.0,0.57588,29.0,0.57589,107.0
1753591942545,04:52:22.545,binance,A/USDT:USDT,0.57584,702.0,0.57583,179.0,0.57588,29.0,0.57589,107.0
1753591942836,04:52:22.836,binance,A/USDT:USDT,0.57584,702.0,0.57583,179.0,0.57588,29.0,0.57589,107.0
1753591943102,04:52:23.102,binance,A/USDT:USDT,0.57584,702.0,0.57583,179.0,0.57588,29.0,0.57589,107.0
1753591943425,04:52:23.425,binance,A/USDT:USDT,0.57585,51.0,0.57584,707.0,0.57588,29.0,0.57589,107.0
1753591943531,04:52:23.531,binance,A/USDT:USDT,0.57585,51.0,0.57584,707.0,0.57588,29.0,0.57589,107.0
1753591943634,04:52:23.634,binance,A/USDT:USDT,0.57585,51.0,0.57584,707.0,0.57588,29.0,0.57589,107.0
1753591944111,04:52:24.111,binance,A/USDT:USDT,0.57585,51.0,0.57584,707.0,0.57588,29.0,0.57589,107.0
1753591944214,04:52:24.214,binance,A/USDT:USDT,0.57585,51.0,0.57584,707.0,0.57588,29.0,0.57589,107.0
1753591944648,04:52:24.648,binance,A/USDT:USDT,0.57585,51.0,0.57584,707.0,0.57588,16.0,0.57589,107.0
1753591944802,04:52:24.802,binance,A/USDT:USDT,0.57585,35.0,0.57584,707.0,0.57586,59.0,0.57588,9.0
1753591945111,04:52:25.111,binance,A/USDT:USDT,0.57585,35.0,0.57584,707.0,0.57586,59.0,0.57588,9.0
1753591945290,04:52:25.290,binance,A/USDT:USDT,0.57585,35.0,0.57584,707.0,0.57586,59.0,0.57588,9.0
1753591945456,04:52:25.456,binance,A/USDT:USDT,0.57585,35.0,0.57584,720.0,0.57586,59.0,0.57588,9.0
1753591945655,04:52:25.655,binance,A/USDT:USDT,0.57585,35.0,0.57584,720.0,0.57586,59.0,0.57588,9.0
1753591945802,04:52:25.802,binance,A/USDT:USDT,0.57585,35.0,0.57584,720.0,0.57586,59.0,0.57588,9.0
1753591946028,04:52:26.028,binance,A/USDT:USDT,0.57585,35.0,0.57584,720.0,0.57586,59.0,0.57588,9.0
1753591946145,04:52:26.145,binance,A/USDT:USDT,0.57585,35.0,0.57584,720.0,0.57586,59.0,0.57588,9.0
1753591946261,04:52:26.261,binance,A/USDT:USDT,0.57585,35.0,0.57584,720.0,0.57586,59.0,0.57588,9.0
1753591946399,04:52:26.399,binance,A/USDT:USDT,0.57585,35.0,0.57584,720.0,0.57586,59.0,0.57588,9.0
1753591946523,04:52:26.523,binance,A/USDT:USDT,0.57585,462.0,0.57584,292.0,0.57586,59.0,0.57588,9.0
1753591946626,04:52:26.626,binance,A/USDT:USDT,0.57585,462.0,0.57584,292.0,0.57586,59.0,0.57588,9.0
1753591946763,04:52:26.763,binance,A/USDT:USDT,0.57585,510.0,0.57584,292.0,0.57586,59.0,0.57588,9.0
1753591947110,04:52:27.110,binance,A/USDT:USDT,0.57585,510.0,0.57584,292.0,0.57586,59.0,0.57588,9.0
1753591947315,04:52:27.315,binance,A/USDT:USDT,0.57585,520.0,0.57584,292.0,0.57586,59.0,0.57588,9.0
1753591947540,04:52:27.540,binance,A/USDT:USDT,0.57585,520.0,0.57584,292.0,0.57586,59.0,0.57588,9.0
1753591947680,04:52:27.680,binance,A/USDT:USDT,0.57585,520.0,0.57584,292.0,0.57586,59.0,0.57588,9.0
1753591948073,04:52:28.073,binance,A/USDT:USDT,0.57585,779.0,0.57584,370.0,0.57586,59.0,0.57588,9.0
1753591948250,04:52:28.250,binance,A/USDT:USDT,0.57585,779.0,0.57584,370.0,0.57586,59.0,0.57588,9.0
1753591948356,04:52:28.356,binance,A/USDT:USDT,0.57585,779.0,0.57584,370.0,0.57586,59.0,0.57588,9.0
1753591948463,04:52:28.463,binance,A/USDT:USDT,0.57585,779.0,0.57584,370.0,0.57586,59.0,0.57588,9.0
1753591948802,04:52:28.802,binance,A/USDT:USDT,0.57585,779.0,0.57584,370.0,0.57586,59.0,0.57588,9.0
1753591949370,04:52:29.370,binance,A/USDT:USDT,0.57585,779.0,0.57584,292.0,0.57586,59.0,0.57588,9.0
1753591949476,04:52:29.476,binance,A/USDT:USDT,0.57585,841.0,0.57584,292.0,0.57586,273.0,0.57588,9.0
1753591949579,04:52:29.579,binance,A/USDT:USDT,0.57585,841.0,0.57584,292.0,0.57586,59.0,0.57588,9.0
1753591950005,04:52:30.005,binance,A/USDT:USDT,0.57585,841.0,0.57584,292.0,0.57586,273.0,0.57588,9.0
1753591950118,04:52:30.118,binance,A/USDT:USDT,0.57585,841.0,0.57584,292.0,0.57586,273.0,0.57588,9.0
1753591950349,04:52:30.349,binance,A/USDT:USDT,0.57585,841.0,0.57584,292.0,0.57586,59.0,0.57588,9.0
1753591950902,04:52:30.902,binance,A/USDT:USDT,0.57585,841.0,0.57584,292.0,0.57586,59.0,0.57588,9.0
1753591951110,04:52:31.110,binance,A/USDT:USDT,0.57585,783.0,0.57584,292.0,0.57586,59.0,0.5759,77.0
1753591951212,04:52:31.212,binance,A/USDT:USDT,0.57585,783.0,0.57584,292.0,0.57586,59.0,0.57593,96.0
1753591951315,04:52:31.315,binance,A/USDT:USDT,0.57585,783.0,0.57584,292.0,0.57586,59.0,0.57592,29.0
1753591951420,04:52:31.420,binance,A/USDT:USDT,0.57585,783.0,0.57584,292.0,0.57586,59.0,0.57592,29.0
1753591951528,04:52:31.528,binance,A/USDT:USDT,0.57585,783.0,0.57584,292.0,0.57586,59.0,0.57592,29.0
1753591951645,04:52:31.645,binance,A/USDT:USDT,0.57585,783.0,0.57584,292.0,0.57586,59.0,0.57592,29.0
1753591951840,04:52:31.840,binance,A/USDT:USDT,0.57585,783.0,0.57584,292.0,0.57586,59.0,0.57592,29.0
1753591951944,04:52:31.944,binance,A/USDT:USDT,0.57585,852.0,0.57584,292.0,0.57586,59.0,0.57592,29.0
1753591952054,04:52:32.054,binance,A/USDT:USDT,0.57585,852.0,0.57584,292.0,0.57586,59.0,0.57592,29.0
1753591952340,04:52:32.340,binance,A/USDT:USDT,0.57585,914.0,0.57584,230.0,0.57586,59.0,0.57592,29.0
1753591952572,04:52:32.572,binance,A/USDT:USDT,0.57585,983.0,0.57584,161.0,0.57586,59.0,0.57592,29.0
1753591952871,04:52:32.871,binance,A/USDT:USDT,0.57585,983.0,0.57584,161.0,0.57586,59.0,0.57592,29.0
1753591953040,04:52:33.040,binance,A/USDT:USDT,0.57585,983.0,0.57584,161.0,0.57586,59.0,0.57592,29.0
1753591953145,04:52:33.145,binance,A/USDT:USDT,0.57585,983.0,0.57584,161.0,0.57586,59.0,0.57592,29.0
1753591953253,04:52:33.253,binance,A/USDT:USDT,0.57585,983.0,0.57584,161.0,0.57586,59.0,0.57592,29.0
1753591953489,04:52:33.489,binance,A/USDT:USDT,0.57585,983.0,0.57584,161.0,0.57586,59.0,0.57592,29.0
1753591953702,04:52:33.702,binance,A/USDT:USDT,0.57585,983.0,0.57584,161.0,0.57586,59.0,0.57592,29.0
1753591954111,04:52:34.111,binance,A/USDT:USDT,0.57585,983.0,0.57584,161.0,0.57586,59.0,0.57592,29.0
1753591954240,04:52:34.240,binance,A/USDT:USDT,0.57585,983.0,0.57584,161.0,0.57586,59.0,0.57592,29.0
1753591954344,04:52:34.344,binance,A/USDT:USDT,0.57585,1061.0,0.57584,161.0,0.57586,59.0,0.57592,29.0
1753591954802,04:52:34.802,binance,A/USDT:USDT,0.57585,1061.0,0.57584,161.0,0.57586,59.0,0.57592,29.0
1753591955112,04:52:35.112,binance,A/USDT:USDT,0.57585,1061.0,0.57584,161.0,0.57586,59.0,0.57592,29.0
1753591955381,04:52:35.381,binance,A/USDT:USDT,0.57585,1063.0,0.57584,161.0,0.57586,59.0,0.57592,29.0
1753591955649,04:52:35.649,binance,A/USDT:USDT,0.57585,1101.0,0.57584,123.0,0.57586,59.0,0.57592,29.0
1753591956002,04:52:36.002,binance,A/USDT:USDT,0.57585,1101.0,0.57584,123.0,0.57586,59.0,0.57592,29.0
1753591956111,04:52:36.111,binance,A/USDT:USDT,0.57585,1101.0,0.57584,123.0,0.57586,59.0,0.57592,29.0
1753591956505,04:52:36.505,binance,A/USDT:USDT,0.57585,1143.0,0.57584,82.0,0.57586,59.0,0.57592,29.0
1753591956608,04:52:36.608,binance,A/USDT:USDT,0.57585,1147.0,0.57584,82.0,0.57586,59.0,0.57592,29.0
1753591956791,04:52:36.791,binance,A/USDT:USDT,0.57585,1147.0,0.57584,82.0,0.57586,59.0,0.57592,29.0
1753591956896,04:52:36.896,binance,A/USDT:USDT,0.57585,1147.0,0.57584,82.0,0.57586,59.0,0.57592,29.0
1753591957102,04:52:37.102,binance,A/USDT:USDT,0.57585,1147.0,0.57584,82.0,0.57586,59.0,0.57592,29.0
1753591957541,04:52:37.541,binance,A/USDT:USDT,0.57585,3655.0,0.57584,215.0,0.57586,59.0,0.57592,29.0
1753591957651,04:52:37.651,binance,A/USDT:USDT,0.57585,3655.0,0.57584,215.0,0.57586,59.0,0.57592,29.0
1753591958011,04:52:38.011,binance,A/USDT:USDT,0.57585,3655.0,0.57584,82.0,0.57586,59.0,0.57592,29.0
1753591958144,04:52:38.144,binance,A/USDT:USDT,0.57585,3655.0,0.57584,82.0,0.57586,59.0,0.57592,29.0
1753591958432,04:52:38.432,binance,A/USDT:USDT,0.57585,3577.0,0.57584,82.0,0.57586,59.0,0.57592,29.0
1753591958584,04:52:38.584,binance,A/USDT:USDT,0.57585,3577.0,0.57584,82.0,0.57586,59.0,0.57592,29.0
1753591958702,04:52:38.702,binance,A/USDT:USDT,0.57585,3577.0,0.57584,82.0,0.57586,59.0,0.57592,29.0
1753591959060,04:52:39.060,binance,A/USDT:USDT,0.57585,3577.0,0.57584,82.0,0.57586,59.0,0.57592,29.0
1753591959163,04:52:39.163,binance,A/USDT:USDT,0.57585,3577.0,0.57584,82.0,0.57586,59.0,0.57592,29.0
1753591959444,04:52:39.444,binance,A/USDT:USDT,0.57585,3577.0,0.57584,82.0,0.57586,59.0,0.57592,29.0
1753591959690,04:52:39.690,binance,A/USDT:USDT,0.57585,3577.0,0.57584,82.0,0.57586,59.0,0.57592,29.0
1753591959791,04:52:39.791,binance,A/USDT:USDT,0.57585,3577.0,0.57584,82.0,0.57586,59.0,0.57592,29.0
1753591959897,04:52:39.897,binance,A/USDT:USDT,0.57585,3577.0,0.57584,82.0,0.57586,59.0,0.57592,29.0
1753591960111,04:52:40.111,binance,A/USDT:USDT,0.57585,3577.0,0.57584,82.0,0.57586,59.0,0.57592,29.0
1753591960230,04:52:40.230,binance,A/USDT:USDT,0.57585,3577.0,0.57584,160.0,0.57586,59.0,0.57592,29.0
1753591960378,04:52:40.378,binance,A/USDT:USDT,0.57585,3578.0,0.57584,160.0,0.57586,59.0,0.57592,29.0
1753591960519,04:52:40.519,binance,A/USDT:USDT,0.57585,3578.0,0.57584,160.0,0.57586,59.0,0.57592,29.0
1753591960625,04:52:40.625,binance,A/USDT:USDT,0.57585,3578.0,0.57584,160.0,0.57586,59.0,0.57592,29.0
1753591961111,04:52:41.111,binance,A/USDT:USDT,0.57585,3578.0,0.57584,82.0,0.57586,59.0,0.57592,29.0
1753591961503,04:52:41.503,binance,A/USDT:USDT,0.57585,3662.0,0.57584,27.0,0.57586,59.0,0.57592,29.0
1753591961608,04:52:41.608,binance,A/USDT:USDT,0.57585,3662.0,0.57584,27.0,0.57586,59.0,0.57592,29.0
1753591962381,04:52:42.381,binance,A/USDT:USDT,0.57585,3662.0,0.57584,27.0,0.57586,59.0,0.57592,29.0
1753591962811,04:52:42.811,binance,A/USDT:USDT,0.57585,3662.0,0.57584,27.0,0.57586,59.0,0.57592,29.0
1753591963111,04:52:43.111,binance,A/USDT:USDT,0.57585,3662.0,0.57584,27.0,0.57586,59.0,0.57592,29.0
1753591963302,04:52:43.302,binance,A/USDT:USDT,0.57585,3662.0,0.57584,27.0,0.57586,59.0,0.57592,29.0
1753591963572,04:52:43.572,binance,A/USDT:USDT,0.57585,3662.0,0.57584,27.0,0.57586,59.0,0.57592,29.0
1753591964111,04:52:44.111,binance,A/USDT:USDT,0.57585,3662.0,0.57584,27.0,0.57586,59.0,0.57592,29.0
1753591964441,04:52:44.441,binance,A/USDT:USDT,0.57585,3667.0,0.57584,27.0,0.57586,59.0,0.57592,29.0
1753591964544,04:52:44.544,binance,A/USDT:USDT,0.57585,3667.0,0.57584,27.0,0.57586,59.0,0.57592,29.0
1753591965111,04:52:45.111,binance,A/USDT:USDT,0.57585,3667.0,0.57584,27.0,0.57586,59.0,0.57592,29.0
1753591965259,04:52:45.259,binance,A/USDT:USDT,0.57585,3667.0,0.57584,27.0,0.57586,59.0,0.57592,29.0
1753591965381,04:52:45.381,binance,A/USDT:USDT,0.57585,3667.0,0.57584,27.0,0.57586,59.0,0.57592,29.0
1753591966111,04:52:46.111,binance,A/USDT:USDT,0.57585,3667.0,0.57584,27.0,0.57586,59.0,0.57592,29.0
1753591966231,04:52:46.231,binance,A/USDT:USDT,0.57585,3667.0,0.57584,27.0,0.57586,59.0,0.57592,29.0
1753591966941,04:52:46.941,binance,A/USDT:USDT,0.57585,3667.0,0.57584,27.0,0.57586,59.0,0.57592,29.0
1753591967111,04:52:47.111,binance,A/USDT:USDT,0.57585,3667.0,0.57584,27.0,0.57586,59.0,0.57592,29.0
1753591967247,04:52:47.247,binance,A/USDT:USDT,0.57585,3659.0,0.57584,27.0,0.57586,59.0,0.57592,29.0
1753591967353,04:52:47.353,binance,A/USDT:USDT,0.57585,3659.0,0.57584,27.0,0.57586,59.0,0.57592,29.0
1753591967458,04:52:47.458,binance,A/USDT:USDT,0.57585,3659.0,0.57584,27.0,0.57586,59.0,0.57592,29.0
1753591967611,04:52:47.611,binance,A/USDT:USDT,0.57585,3659.0,0.57584,27.0,0.57586,59.0,0.57592,29.0
1753591967718,04:52:47.718,binance,A/USDT:USDT,0.57585,3659.0,0.57584,27.0,0.57586,59.0,0.57592,29.0
1753591967840,04:52:47.840,binance,A/USDT:USDT,0.57585,3659.0,0.57584,27.0,0.57586,59.0,0.57592,29.0
1753591968111,04:52:48.111,binance,A/USDT:USDT,0.57585,3659.0,0.57584,27.0,0.57586,59.0,0.57592,29.0
1753591968301,04:52:48.301,binance,A/USDT:USDT,0.57585,3659.0,0.57584,27.0,0.57586,59.0,0.57592,29.0
1753591968900,04:52:48.900,binance,A/USDT:USDT,0.57585,3659.0,0.57584,27.0,0.57586,59.0,0.57592,29.0
1753591969007,04:52:49.007,binance,A/USDT:USDT,0.57585,3659.0,0.57584,27.0,0.57586,59.0,0.57592,29.0
1753591969111,04:52:49.111,binance,A/USDT:USDT,0.57585,3659.0,0.57584,27.0,0.57586,59.0,0.57592,29.0
1753591969502,04:52:49.502,binance,A/USDT:USDT,0.57585,3659.0,0.57584,27.0,0.57586,59.0,0.57592,29.0
1753591969645,04:52:49.645,binance,A/USDT:USDT,0.57585,3659.0,0.57584,27.0,0.57586,59.0,0.57592,29.0
1753591969889,04:52:49.889,binance,A/USDT:USDT,0.57585,3659.0,0.57584,27.0,0.57586,59.0,0.57592,107.0
1753591969995,04:52:49.995,binance,A/USDT:USDT,0.57585,3659.0,0.57584,27.0,0.57586,59.0,0.57592,107.0
1753591970103,04:52:50.103,binance,A/USDT:USDT,0.57585,3659.0,0.57584,27.0,0.57586,59.0,0.57592,107.0
1753591970581,04:52:50.581,binance,A/USDT:USDT,0.57585,3677.0,0.57584,13.0,0.57586,59.0,0.57592,29.0
1753591970685,04:52:50.685,binance,A/USDT:USDT,0.57585,3677.0,0.57584,13.0,0.57586,59.0,0.57592,29.0
1753591970790,04:52:50.790,binance,A/USDT:USDT,0.57585,3677.0,0.57584,13.0,0.57586,45.0,0.57592,29.0
1753591970893,04:52:50.893,binance,A/USDT:USDT,0.57585,3677.0,0.57584,13.0,0.57586,45.0,0.57592,29.0
1753591971205,04:52:51.205,binance,A/USDT:USDT,0.57585,3677.0,0.57584,13.0,0.57586,55.0,0.57592,107.0
1753591971311,04:52:51.311,binance,A/USDT:USDT,0.57585,3677.0,0.57584,13.0,0.57586,55.0,0.57592,107.0
1753591971750,04:52:51.750,binance,A/USDT:USDT,0.57585,3677.0,0.57584,13.0,0.57586,55.0,0.57592,107.0
1753591972111,04:52:52.111,binance,A/USDT:USDT,0.57585,3677.0,0.57584,13.0,0.57586,55.0,0.57592,29.0
1753591972266,04:52:52.266,binance,A/USDT:USDT,0.57585,3677.0,0.57584,13.0,0.57586,55.0,0.57592,29.0
1753591972411,04:52:52.411,binance,A/USDT:USDT,0.57585,3677.0,0.57584,13.0,0.57586,55.0,0.57592,29.0
1753591972758,04:52:52.758,binance,A/USDT:USDT,0.57585,3677.0,0.57584,13.0,0.57586,55.0,0.57592,107.0
1753591972861,04:52:52.861,binance,A/USDT:USDT,0.57585,3677.0,0.57584,13.0,0.57586,55.0,0.57592,107.0
1753591973089,04:52:53.089,binance,A/USDT:USDT,0.57585,3677.0,0.57584,13.0,0.57586,55.0,0.57593,471.0
1753591973217,04:52:53.217,binance,A/USDT:USDT,0.57585,3677.0,0.57584,13.0,0.57586,55.0,0.57593,471.0
1753591973321,04:52:53.321,binance,A/USDT:USDT,0.57585,3677.0,0.57584,13.0,0.57586,55.0,0.57593,471.0
1753591973422,04:52:53.422,binance,A/USDT:USDT,0.57585,3677.0,0.57584,13.0,0.57586,55.0,0.57593,471.0
1753591973527,04:52:53.527,binance,A/USDT:USDT,0.57585,3677.0,0.57584,13.0,0.57586,55.0,0.57593,471.0
1753591973777,04:52:53.777,binance,A/USDT:USDT,0.57585,3677.0,0.57584,13.0,0.57586,55.0,0.57593,471.0
1753591974033,04:52:54.033,binance,A/USDT:USDT,0.57585,3677.0,0.57584,13.0,0.57586,55.0,0.57593,471.0
1753591974138,04:52:54.138,binance,A/USDT:USDT,0.57585,3677.0,0.57584,13.0,0.57586,55.0,0.57593,471.0
1753591974502,04:52:54.502,binance,A/USDT:USDT,0.57585,3677.0,0.57584,13.0,0.57586,55.0,0.57593,471.0
1753591975002,04:52:55.002,binance,A/USDT:USDT,0.57585,3677.0,0.57584,13.0,0.57586,55.0,0.57593,471.0
1753591975455,04:52:55.455,binance,A/USDT:USDT,0.57585,3677.0,0.57584,13.0,0.57586,55.0,0.57593,471.0
1753591975558,04:52:55.558,binance,A/USDT:USDT,0.57585,3677.0,0.57584,13.0,0.57586,55.0,0.57593,471.0
1753591976223,04:52:56.223,binance,A/USDT:USDT,0.57585,3677.0,0.57584,13.0,0.57586,39.0,0.57593,96.0
1753591976327,04:52:56.327,binance,A/USDT:USDT,0.57585,3677.0,0.57584,13.0,0.57586,39.0,0.57593,96.0
1753591976444,04:52:56.444,binance,A/USDT:USDT,0.57585,3677.0,0.57584,13.0,0.57586,39.0,0.57593,96.0
1753591976649,04:52:56.649,binance,A/USDT:USDT,0.57585,3677.0,0.57584,13.0,0.57586,39.0,0.57593,96.0
1753591976752,04:52:56.752,binance,A/USDT:USDT,0.57585,3677.0,0.57584,13.0,0.57586,39.0,0.57593,96.0
1753591976967,04:52:56.967,binance,A/USDT:USDT,0.57585,3677.0,0.57584,91.0,0.57586,39.0,0.57593,96.0
1753591977071,04:52:57.071,binance,A/USDT:USDT,0.57585,3677.0,0.57584,91.0,0.57586,39.0,0.57593,96.0
1753591977174,04:52:57.174,binance,A/USDT:USDT,0.57585,3677.0,0.57584,91.0,0.57586,39.0,0.57593,96.0
1753591977302,04:52:57.302,binance,A/USDT:USDT,0.57585,3677.0,0.57584,91.0,0.57586,39.0,0.57593,96.0
1753591977702,04:52:57.702,binance,A/USDT:USDT,0.57585,3677.0,0.57584,91.0,0.57586,39.0,0.57593,96.0
1753591978111,04:52:58.111,binance,A/USDT:USDT,0.57585,3677.0,0.57584,91.0,0.57586,39.0,0.57593,96.0
1753591978241,04:52:58.241,binance,A/USDT:USDT,0.57585,3677.0,0.57584,91.0,0.57586,39.0,0.57593,96.0
1753591978344,04:52:58.344,binance,A/USDT:USDT,0.57585,3677.0,0.57584,91.0,0.57586,39.0,0.57593,96.0
1753591978820,04:52:58.820,binance,A/USDT:USDT,0.57585,3677.0,0.57584,13.0,0.57586,39.0,0.57593,96.0
1753591979111,04:52:59.111,binance,A/USDT:USDT,0.57585,3677.0,0.57584,13.0,0.57586,39.0,0.57593,96.0
1753591979258,04:52:59.258,binance,A/USDT:USDT,0.57585,3677.0,0.57584,13.0,0.57586,39.0,0.57593,96.0
1753591979403,04:52:59.403,binance,A/USDT:USDT,0.57585,3677.0,0.57584,13.0,0.57586,39.0,0.57593,96.0
1753591979506,04:52:59.506,binance,A/USDT:USDT,0.57585,3677.0,0.57584,13.0,0.57586,39.0,0.57593,96.0
1753591979885,04:52:59.885,binance,A/USDT:USDT,0.57589,190.0,0.57587,238.0,0.57593,96.0,0.57594,10.0
1753591979988,04:52:59.988,binance,A/USDT:USDT,0.57589,190.0,0.57587,238.0,0.57593,96.0,0.57594,10.0
1753591980101,04:53:00.101,binance,A/USDT:USDT,0.57589,190.0,0.57587,48.0,0.57593,96.0,0.57594,10.0
1753591980221,04:53:00.221,binance,A/USDT:USDT,0.5759,190.0,0.57589,259.0,0.57593,96.0,0.57594,10.0
1753591980470,04:53:00.470,binance,A/USDT:USDT,0.5759,190.0,0.57589,69.0,0.57593,96.0,0.57594,10.0
1753591980603,04:53:00.603,binance,A/USDT:USDT,0.5759,190.0,0.57589,82.0,0.57593,96.0,0.57594,10.0
1753591980707,04:53:00.707,binance,A/USDT:USDT,0.5759,190.0,0.57589,82.0,0.57593,96.0,0.57594,10.0
1753591980861,04:53:00.861,binance,A/USDT:USDT,0.5759,190.0,0.57589,69.0,0.57593,96.0,0.57594,10.0
1753591981111,04:53:01.111,binance,A/USDT:USDT,0.5759,190.0,0.57589,69.0,0.57593,96.0,0.57594,10.0
1753591981272,04:53:01.272,binance,A/USDT:USDT,0.57591,190.0,0.5759,203.0,0.57593,96.0,0.57594,10.0
1753591981383,04:53:01.383,binance,A/USDT:USDT,0.57591,190.0,0.5759,203.0,0.57593,96.0,0.57594,10.0
1753591981484,04:53:01.484,binance,A/USDT:USDT,0.57591,190.0,0.5759,13.0,0.57593,96.0,0.57594,10.0
1753591981589,04:53:01.589,binance,A/USDT:USDT,0.57591,190.0,0.57589,69.0,0.57593,96.0,0.57594,10.0
1753591981713,04:53:01.713,binance,A/USDT:USDT,0.57591,190.0,0.57589,69.0,0.57593,96.0,0.57594,10.0
1753591981815,04:53:01.815,binance,A/USDT:USDT,0.57591,190.0,0.57589,69.0,0.57593,96.0,0.57594,10.0
1753591981921,04:53:01.921,binance,A/USDT:USDT,0.57591,190.0,0.57589,69.0,0.57593,96.0,0.57594,10.0
1753591982041,04:53:02.041,binance,A/USDT:USDT,0.57591,205.0,0.57589,69.0,0.57593,96.0,0.57594,10.0
1753591982144,04:53:02.144,binance,A/USDT:USDT,0.57591,205.0,0.57589,69.0,0.57593,96.0,0.57594,10.0
1753591982246,04:53:02.246,binance,A/USDT:USDT,0.57591,205.0,0.57589,69.0,0.57593,96.0,0.57594,10.0
1753591982460,04:53:02.460,binance,A/USDT:USDT,0.57591,205.0,0.57589,69.0,0.57593,96.0,0.57594,10.0
1753591982790,04:53:02.790,binance,A/USDT:USDT,0.57591,205.0,0.57589,69.0,0.57593,96.0,0.57594,10.0
1753591982922,04:53:02.922,binance,A/USDT:USDT,0.57591,205.0,0.57589,69.0,0.57593,96.0,0.57594,10.0
1753591983025,04:53:03.025,binance,A/USDT:USDT,0.57591,205.0,0.57589,69.0,0.57593,96.0,0.57594,10.0
1753591983145,04:53:03.145,binance,A/USDT:USDT,0.57591,205.0,0.57589,69.0,0.57593,96.0,0.57594,10.0
1753591983416,04:53:03.416,binance,A/USDT:USDT,0.57591,336.0,0.57589,69.0,0.57593,96.0,0.57594,10.0
1753591983519,04:53:03.519,binance,A/USDT:USDT,0.57592,190.0,0.57591,336.0,0.57593,500.0,0.57594,10.0
1753591983627,04:53:03.627,binance,A/USDT:USDT,0.57592,190.0,0.57591,146.0,0.57593,500.0,0.57594,10.0
1753591983947,04:53:03.947,binance,A/USDT:USDT,0.57592,190.0,0.57591,131.0,0.57593,500.0,0.57594,10.0
1753591984336,04:53:04.336,binance,A/USDT:USDT,0.57592,201.0,0.57591,131.0,0.57593,500.0,0.57594,10.0
1753591984543,04:53:04.543,binance,A/USDT:USDT,0.57592,11.0,0.57591,131.0,0.57593,714.0,0.57594,10.0
1753591984646,04:53:04.646,binance,A/USDT:USDT,0.57592,11.0,0.57591,131.0,0.57593,714.0,0.57594,10.0
1753591984753,04:53:04.753,binance,A/USDT:USDT,0.57592,11.0,0.57591,131.0,0.57593,714.0,0.57594,10.0
1753591984964,04:53:04.964,binance,A/USDT:USDT,0.57592,11.0,0.57591,131.0,0.57593,500.0,0.57594,10.0
1753591985111,04:53:05.111,binance,A/USDT:USDT,0.57592,11.0,0.57591,131.0,0.57593,500.0,0.57594,10.0
1753591985301,04:53:05.301,binance,A/USDT:USDT,0.57592,11.0,0.57591,131.0,0.57593,500.0,0.57594,10.0
1753591986508,04:53:06.508,binance,A/USDT:USDT,0.57592,11.0,0.57591,131.0,0.57593,500.0,0.57594,10.0
1753591986678,04:53:06.678,binance,A/USDT:USDT,0.57592,11.0,0.57591,131.0,0.57593,500.0,0.57594,10.0
1753591986780,04:53:06.780,binance,A/USDT:USDT,0.57592,11.0,0.57591,131.0,0.57593,500.0,0.57594,10.0
1753591987057,04:53:07.057,binance,A/USDT:USDT,0.57592,11.0,0.57591,131.0,0.57593,500.0,0.57594,10.0
1753591987189,04:53:07.189,binance,A/USDT:USDT,0.57592,73.0,0.57591,131.0,0.57593,952.0,0.57594,10.0
1753591987290,04:53:07.290,binance,A/USDT:USDT,0.57592,73.0,0.57591,131.0,0.57593,1166.0,0.57594,10.0
1753591987393,04:53:07.393,binance,A/USDT:USDT,0.57592,87.0,0.57591,131.0,0.57593,952.0,0.57594,10.0
1753591987639,04:53:07.639,binance,A/USDT:USDT,0.57592,87.0,0.57591,131.0,0.57593,952.0,0.57594,10.0
1753591988027,04:53:08.027,binance,A/USDT:USDT,0.57592,87.0,0.57591,131.0,0.57593,1166.0,0.57594,10.0
1753591988129,04:53:08.129,binance,A/USDT:USDT,0.57592,87.0,0.57591,131.0,0.57593,1166.0,0.57594,10.0
1753591988459,04:53:08.459,binance,A/USDT:USDT,0.57592,76.0,0.57591,131.0,0.57593,952.0,0.57594,10.0
1753591988967,04:53:08.967,binance,A/USDT:USDT,0.57592,76.0,0.57591,131.0,0.57593,1166.0,0.57594,10.0
1753591989068,04:53:09.068,binance,A/USDT:USDT,0.57592,76.0,0.57591,131.0,0.57593,952.0,0.57594,10.0
1753591989192,04:53:09.192,binance,A/USDT:USDT,0.57592,76.0,0.57591,131.0,0.57593,500.0,0.57594,10.0
1753591989489,04:53:09.489,binance,A/USDT:USDT,0.57592,76.0,0.57591,131.0,0.57593,500.0,0.57594,10.0
1753591989591,04:53:09.591,binance,A/USDT:USDT,0.57592,114.0,0.57591,131.0,0.57593,500.0,0.57594,10.0
1753591990111,04:53:10.111,binance,A/USDT:USDT,0.57592,114.0,0.57591,131.0,0.57593,500.0,0.57594,10.0
1753591990231,04:53:10.231,binance,A/USDT:USDT,0.57592,114.0,0.57591,131.0,0.57593,500.0,0.57594,10.0
1753591990802,04:53:10.802,binance,A/USDT:USDT,0.57592,114.0,0.57591,131.0,0.57593,500.0,0.57594,10.0
1753591991111,04:53:11.111,binance,A/USDT:USDT,0.57592,114.0,0.57591,131.0,0.57593,500.0,0.57594,10.0
1753591991345,04:53:11.345,binance,A/USDT:USDT,0.57592,114.0,0.57591,131.0,0.57593,96.0,0.57594,10.0
1753591991451,04:53:11.451,binance,A/USDT:USDT,0.57592,114.0,0.57591,131.0,0.57593,96.0,0.57594,10.0
1753591991612,04:53:11.612,binance,A/USDT:USDT,0.57592,114.0,0.57591,131.0,0.57593,96.0,0.57594,10.0
1753591991793,04:53:11.793,binance,A/USDT:USDT,0.57592,114.0,0.57591,131.0,0.57593,96.0,0.57594,10.0
1753591991981,04:53:11.981,binance,A/USDT:USDT,0.57592,114.0,0.57591,131.0,0.57593,96.0,0.57594,10.0
1753591992111,04:53:12.111,binance,A/USDT:USDT,0.57592,114.0,0.57591,131.0,0.57593,96.0,0.57594,10.0
1753591992402,04:53:12.402,binance,A/USDT:USDT,0.57592,114.0,0.57591,131.0,0.57593,310.0,0.57594,10.0
1753591992503,04:53:12.503,binance,A/USDT:USDT,0.57592,114.0,0.57591,131.0,0.57593,310.0,0.57594,10.0
1753591992607,04:53:12.607,binance,A/USDT:USDT,0.57592,114.0,0.57591,131.0,0.57593,96.0,0.57594,10.0
1753591992750,04:53:12.750,binance,A/USDT:USDT,0.57592,114.0,0.57591,131.0,0.57593,310.0,0.57594,10.0
1753591992851,04:53:12.851,binance,A/USDT:USDT,0.57587,48.0,0.57585,3311.0,0.57588,344.0,0.57591,139.0
1753591992954,04:53:12.954,binance,A/USDT:USDT,0.57587,48.0,0.57585,3311.0,0.57588,344.0,0.57591,139.0
1753591993111,04:53:13.111,binance,A/USDT:USDT,0.57587,48.0,0.57585,3311.0,0.57588,344.0,0.57591,139.0
1753591993332,04:53:13.332,binance,A/USDT:USDT,0.57587,48.0,0.57585,3311.0,0.57588,344.0,0.57591,139.0
1753591993441,04:53:13.441,binance,A/USDT:USDT,0.57585,3311.0,0.57584,13.0,0.57586,344.0,0.57591,139.0
1753591993744,04:53:13.744,binance,A/USDT:USDT,0.57585,3311.0,0.57584,13.0,0.57586,344.0,0.57591,139.0
1753591993971,04:53:13.971,binance,A/USDT:USDT,0.57585,3322.0,0.57584,13.0,0.57586,130.0,0.57591,139.0
1753591994073,04:53:14.073,binance,A/USDT:USDT,0.57585,3322.0,0.57584,13.0,0.57586,130.0,0.57591,139.0
1753591994354,04:53:14.354,binance,A/USDT:USDT,0.57585,3322.0,0.57584,13.0,0.57586,130.0,0.57591,139.0
1753591994457,04:53:14.457,binance,A/USDT:USDT,0.57585,3322.0,0.57584,13.0,0.57586,344.0,0.57591,139.0
1753591994561,04:53:14.561,binance,A/USDT:USDT,0.57585,3322.0,0.57584,13.0,0.57586,344.0,0.57591,139.0
1753591995346,04:53:15.346,binance,A/USDT:USDT,0.57585,3322.0,0.57584,13.0,0.57591,139.0,0.57592,29.0
1753591995449,04:53:15.449,binance,A/USDT:USDT,0.57585,3322.0,0.57584,13.0,0.57591,139.0,0.57592,29.0
1753591995611,04:53:15.611,binance,A/USDT:USDT,0.57585,3322.0,0.57584,13.0,0.57591,139.0,0.57592,29.0
1753591995721,04:53:15.721,binance,A/USDT:USDT,0.57585,3322.0,0.57584,13.0,0.57589,139.0,0.57591,139.0
1753591996111,04:53:16.111,binance,A/USDT:USDT,0.57585,3322.0,0.57584,13.0,0.57589,139.0,0.57591,139.0
1753591996214,04:53:16.214,binance,A/USDT:USDT,0.57585,3322.0,0.57584,13.0,0.57589,139.0,0.57591,139.0
1753591996412,04:53:16.412,binance,A/USDT:USDT,0.57585,3322.0,0.57584,13.0,0.57589,139.0,0.57591,139.0
1753591996585,04:53:16.585,binance,A/USDT:USDT,0.57585,3322.0,0.57584,13.0,0.57589,139.0,0.57591,139.0
1753591996688,04:53:16.688,binance,A/USDT:USDT,0.57585,3322.0,0.57584,91.0,0.57589,139.0,0.57591,139.0
1753591997111,04:53:17.111,binance,A/USDT:USDT,0.57587,21.0,0.57585,3376.0,0.57589,139.0,0.57591,139.0
1753591997214,04:53:17.214,binance,A/USDT:USDT,0.57587,21.0,0.57585,3376.0,0.57588,139.0,0.57589,139.0
1753591997633,04:53:17.633,binance,A/USDT:USDT,0.57587,21.0,0.57585,3376.0,0.57588,353.0,0.57589,139.0
1753591997771,04:53:17.771,binance,A/USDT:USDT,0.57587,21.0,0.57585,3376.0,0.57588,353.0,0.57589,139.0
1753591998111,04:53:18.111,binance,A/USDT:USDT,0.57587,21.0,0.57585,3376.0,0.57588,353.0,0.57589,139.0
1753591998302,04:53:18.302,binance,A/USDT:USDT,0.57587,21.0,0.57585,3376.0,0.57588,353.0,0.57589,139.0
1753591998534,04:53:18.534,binance,A/USDT:USDT,0.57587,21.0,0.57585,3376.0,0.57588,353.0,0.57589,139.0
1753591998671,04:53:18.671,binance,A/USDT:USDT,0.57587,21.0,0.57585,3376.0,0.57588,139.0,0.57589,139.0
1753591998850,04:53:18.850,binance,A/USDT:USDT,0.57587,21.0,0.57585,3376.0,0.57588,139.0,0.57589,139.0
1753591999111,04:53:19.111,binance,A/USDT:USDT,0.57587,21.0,0.57585,3376.0,0.57588,139.0,0.57589,139.0
1753591999279,04:53:19.279,binance,A/USDT:USDT,0.57587,57.0,0.57585,3376.0,0.57588,139.0,0.57589,139.0
1753591999391,04:53:19.391,binance,A/USDT:USDT,0.57587,57.0,0.57585,3376.0,0.57588,139.0,0.57589,139.0
1753592000111,04:53:20.111,binance,A/USDT:USDT,0.57587,57.0,0.57585,3376.0,0.57588,139.0,0.57589,139.0
1753592000302,04:53:20.302,binance,A/USDT:USDT,0.57587,57.0,0.57585,3376.0,0.57588,139.0,0.57589,139.0
1753592000405,04:53:20.405,binance,A/USDT:USDT,0.57587,57.0,0.57585,3376.0,0.57588,139.0,0.57589,139.0
1753592000647,04:53:20.647,binance,A/USDT:USDT,0.57587,57.0,0.57585,3376.0,0.57588,139.0,0.57589,139.0
1753592000846,04:53:20.846,binance,A/USDT:USDT,0.57587,57.0,0.57585,3376.0,0.57588,139.0,0.57589,139.0
1753592000951,04:53:20.951,binance,A/USDT:USDT,0.57587,57.0,0.57585,3376.0,0.57588,139.0,0.57589,139.0
1753592001111,04:53:21.111,binance,A/USDT:USDT,0.57587,57.0,0.57585,3376.0,0.57588,139.0,0.57589,139.0
1753592001212,04:53:21.212,binance,A/USDT:USDT,0.57587,57.0,0.57585,3376.0,0.57588,139.0,0.57589,139.0
1753592001363,04:53:21.363,binance,A/USDT:USDT,0.57587,57.0,0.57585,3376.0,0.57588,139.0,0.57589,139.0
1753592001502,04:53:21.502,binance,A/USDT:USDT,0.57587,57.0,0.57585,3376.0,0.57588,139.0,0.57589,139.0
1753592001654,04:53:21.654,binance,A/USDT:USDT,0.57587,57.0,0.57585,3376.0,0.57588,139.0,0.57589,139.0
1753592001982,04:53:21.982,binance,A/USDT:USDT,0.57587,71.0,0.57585,3376.0,0.57588,139.0,0.57589,139.0
1753592002102,04:53:22.102,binance,A/USDT:USDT,0.57587,71.0,0.57585,3376.0,0.57588,139.0,0.57589,139.0
1753592002667,04:53:22.667,binance,A/USDT:USDT,0.57587,85.0,0.57585,3376.0,0.57588,139.0,0.57589,139.0
1753592002900,04:53:22.900,binance,A/USDT:USDT,0.57587,147.0,0.57585,3454.0,0.57588,139.0,0.57589,139.0
1753592003070,04:53:23.070,binance,A/USDT:USDT,0.57587,147.0,0.57585,3454.0,0.57588,139.0,0.57589,139.0
1753592003261,04:53:23.261,binance,A/USDT:USDT,0.57587,147.0,0.57585,3454.0,0.57588,139.0,0.57589,139.0
1753592003391,04:53:23.391,binance,A/USDT:USDT,0.57587,147.0,0.57585,3454.0,0.57588,139.0,0.57589,139.0
1753592003500,04:53:23.500,binance,A/USDT:USDT,0.57587,147.0,0.57585,3454.0,0.57588,139.0,0.57589,139.0
1753592003701,04:53:23.701,binance,A/USDT:USDT,0.57587,147.0,0.57585,3454.0,0.57588,139.0,0.57589,139.0
1753592003811,04:53:23.811,binance,A/USDT:USDT,0.57587,147.0,0.57585,3454.0,0.57588,139.0,0.57589,139.0
1753592004112,04:53:24.112,binance,A/USDT:USDT,0.57587,147.0,0.57585,3454.0,0.57588,139.0,0.57589,139.0
1753592004299,04:53:24.299,binance,A/USDT:USDT,0.57587,147.0,0.57585,3454.0,0.57588,139.0,0.57589,139.0
1753592004509,04:53:24.509,binance,A/USDT:USDT,0.57587,147.0,0.57585,3454.0,0.57588,139.0,0.57589,139.0
1753592004816,04:53:24.816,binance,A/USDT:USDT,0.57587,147.0,0.57585,3454.0,0.57588,139.0,0.57589,139.0
1753592004919,04:53:24.919,binance,A/USDT:USDT,0.57587,147.0,0.57585,3454.0,0.57588,139.0,0.57589,139.0
1753592005111,04:53:25.111,binance,A/USDT:USDT,0.57587,147.0,0.57585,3454.0,0.57588,139.0,0.57589,139.0
1753592005502,04:53:25.502,binance,A/USDT:USDT,0.57587,147.0,0.57585,3454.0,0.57588,139.0,0.57589,139.0
1753592005811,04:53:25.811,binance,A/USDT:USDT,0.57587,147.0,0.57585,3376.0,0.57588,139.0,0.57589,139.0
1753592006012,04:53:26.012,binance,A/USDT:USDT,0.57587,147.0,0.57585,3376.0,0.57588,139.0,0.57589,139.0
1753592006114,04:53:26.114,binance,A/USDT:USDT,0.57587,147.0,0.57586,78.0,0.57588,139.0,0.57589,139.0
1753592006256,04:53:26.256,binance,A/USDT:USDT,0.57587,147.0,0.57585,3376.0,0.57588,139.0,0.57589,139.0
1753592006361,04:53:26.361,binance,A/USDT:USDT,0.57587,147.0,0.57585,3376.0,0.57588,139.0,0.57589,139.0
1753592006472,04:53:26.472,binance,A/USDT:USDT,0.57587,147.0,0.57585,3376.0,0.57588,139.0,0.57589,139.0
1753592006576,04:53:26.576,binance,A/USDT:USDT,0.57587,147.0,0.57585,3376.0,0.57588,139.0,0.57589,139.0
1753592006714,04:53:26.714,binance,A/USDT:USDT,0.57587,147.0,0.57585,3376.0,0.57588,139.0,0.57589,139.0
1753592006946,04:53:26.946,binance,A/USDT:USDT,0.57587,147.0,0.57585,3376.0,0.57588,139.0,0.57589,139.0
1753592007102,04:53:27.102,binance,A/USDT:USDT,0.57587,147.0,0.57585,3376.0,0.57588,139.0,0.57589,139.0
1753592007635,04:53:27.635,binance,A/USDT:USDT,0.57587,147.0,0.57585,3376.0,0.57588,139.0,0.57589,139.0
1753592007738,04:53:27.738,binance,A/USDT:USDT,0.57587,147.0,0.57585,3376.0,0.57588,139.0,0.57589,139.0
1753592007845,04:53:27.845,binance,A/USDT:USDT,0.57587,147.0,0.57585,3376.0,0.57588,139.0,0.57589,139.0
1753592008111,04:53:28.111,binance,A/USDT:USDT,0.57587,147.0,0.57585,3376.0,0.57588,139.0,0.57589,139.0
1753592008802,04:53:28.802,binance,A/USDT:USDT,0.57587,147.0,0.57585,3376.0,0.57588,139.0,0.57589,139.0
1753592009111,04:53:29.111,binance,A/USDT:USDT,0.57588,479.0,0.57587,147.0,0.5759,139.0,0.57591,397.0
1753592009356,04:53:29.356,binance,A/USDT:USDT,0.57587,147.0,0.57585,3376.0,0.5759,139.0,0.57591,397.0
1753592009458,04:53:29.458,binance,A/USDT:USDT,0.57587,147.0,0.57585,3376.0,0.5759,139.0,0.57591,397.0
1753592010094,04:53:30.094,binance,A/USDT:USDT,0.57587,133.0,0.57585,3376.0,0.5759,139.0,0.57591,397.0
1753592010236,04:53:30.236,binance,A/USDT:USDT,0.57588,10.0,0.57587,133.0,0.5759,139.0,0.57591,397.0
1753592010440,04:53:30.440,binance,A/USDT:USDT,0.57588,31.0,0.57587,133.0,0.5759,139.0,0.57591,397.0
1753592010696,04:53:30.696,binance,A/USDT:USDT,0.57588,100.0,0.57587,133.0,0.5759,139.0,0.57591,397.0
1753592010812,04:53:30.812,binance,A/USDT:USDT,0.57588,100.0,0.57587,133.0,0.5759,139.0,0.57591,397.0
1753592011111,04:53:31.111,binance,A/USDT:USDT,0.57588,100.0,0.57587,133.0,0.5759,139.0,0.57591,397.0
1753592011891,04:53:31.891,binance,A/USDT:USDT,0.57588,100.0,0.57587,133.0,0.5759,139.0,0.57592,29.0
1753592012071,04:53:32.071,binance,A/USDT:USDT,0.57588,100.0,0.57587,133.0,0.5759,139.0,0.57592,29.0
1753592012702,04:53:32.702,binance,A/USDT:USDT,0.57588,100.0,0.57587,133.0,0.5759,139.0,0.57592,29.0
1753592012827,04:53:32.827,binance,A/USDT:USDT,0.57588,100.0,0.57587,133.0,0.5759,139.0,0.57592,29.0
1753592013112,04:53:33.112,binance,A/USDT:USDT,0.57588,100.0,0.57587,133.0,0.5759,139.0,0.57592,29.0
1753592013302,04:53:33.302,binance,A/USDT:USDT,0.57588,100.0,0.57587,133.0,0.5759,139.0,0.57592,29.0
1753592013407,04:53:33.407,binance,A/USDT:USDT,0.57588,199.0,0.57587,133.0,0.5759,139.0,0.57592,29.0
1753592013563,04:53:33.563,binance,A/USDT:USDT,0.57588,199.0,0.57587,133.0,0.5759,139.0,0.57592,29.0
1753592013727,04:53:33.727,binance,A/USDT:USDT,0.57588,235.0,0.57587,97.0,0.5759,139.0,0.57592,29.0
1753592013902,04:53:33.902,binance,A/USDT:USDT,0.57588,304.0,0.57587,97.0,0.5759,139.0,0.57592,29.0
1753592014111,04:53:34.111,binance,A/USDT:USDT,0.57588,304.0,0.57587,97.0,0.5759,139.0,0.57592,29.0
1753592014502,04:53:34.502,binance,A/USDT:USDT,0.57588,304.0,0.57587,97.0,0.5759,139.0,0.57592,29.0
1753592014905,04:53:34.905,binance,A/USDT:USDT,0.57588,304.0,0.57587,97.0,0.5759,139.0,0.57592,29.0
1753592015102,04:53:35.102,binance,A/USDT:USDT,0.57588,304.0,0.57587,97.0,0.5759,139.0,0.57592,29.0
1753592015208,04:53:35.208,binance,A/USDT:USDT,0.57588,304.0,0.57587,97.0,0.5759,139.0,0.57592,29.0
1753592015612,04:53:35.612,binance,A/USDT:USDT,0.57588,304.0,0.57587,97.0,0.5759,139.0,0.57592,29.0
1753592015784,04:53:35.784,binance,A/USDT:USDT,0.57588,304.0,0.57587,97.0,0.5759,139.0,0.57592,29.0
1753592016043,04:53:36.043,binance,A/USDT:USDT,0.57588,304.0,0.57587,97.0,0.5759,139.0,0.57592,29.0
1753592016145,04:53:36.145,binance,A/USDT:USDT,0.57588,304.0,0.57587,97.0,0.5759,139.0,0.57592,29.0
1753592016328,04:53:36.328,binance,A/USDT:USDT,0.57588,304.0,0.57587,97.0,0.5759,139.0,0.57592,29.0
1753592016543,04:53:36.543,binance,A/USDT:USDT,0.57588,304.0,0.57587,97.0,0.5759,139.0,0.57592,29.0
1753592016702,04:53:36.702,binance,A/USDT:USDT,0.57588,304.0,0.57587,97.0,0.5759,139.0,0.57592,29.0
1753592016931,04:53:36.931,binance,A/USDT:USDT,0.57588,304.0,0.57587,97.0,0.5759,139.0,0.57592,29.0
1753592017110,04:53:37.110,binance,A/USDT:USDT,0.57588,304.0,0.57587,97.0,0.5759,139.0,0.57592,29.0
1753592017290,04:53:37.290,binance,A/USDT:USDT,0.57588,304.0,0.57587,97.0,0.5759,139.0,0.57592,29.0
1753592017411,04:53:37.411,binance,A/USDT:USDT,0.57588,304.0,0.57587,97.0,0.5759,139.0,0.57592,29.0
1753592017640,04:53:37.640,binance,A/USDT:USDT,0.57588,304.0,0.57587,97.0,0.5759,139.0,0.57592,29.0
1753592017803,04:53:37.803,binance,A/USDT:USDT,0.57588,304.0,0.57587,97.0,0.5759,139.0,0.57592,29.0
1753592017938,04:53:37.938,binance,A/USDT:USDT,0.57588,304.0,0.57587,97.0,0.5759,139.0,0.57592,29.0
1753592018214,04:53:38.214,binance,A/USDT:USDT,0.57588,304.0,0.57587,97.0,0.57589,139.0,0.5759,139.0
1753592018322,04:53:38.322,binance,A/USDT:USDT,0.57588,304.0,0.57587,97.0,0.57589,139.0,0.5759,139.0
1753592018861,04:53:38.861,binance,A/USDT:USDT,0.57588,304.0,0.57587,97.0,0.57589,139.0,0.5759,139.0
1753592019111,04:53:39.111,binance,A/USDT:USDT,0.57588,304.0,0.57587,97.0,0.57589,139.0,0.5759,139.0
1753592019305,04:53:39.305,binance,A/USDT:USDT,0.57588,304.0,0.57587,97.0,0.57589,139.0,0.5759,139.0
1753592019502,04:53:39.502,binance,A/USDT:USDT,0.57588,366.0,0.57587,35.0,0.57589,139.0,0.5759,139.0
1753592019608,04:53:39.608,binance,A/USDT:USDT,0.57588,376.0,0.57587,35.0,0.57589,139.0,0.5759,139.0
1753592019712,04:53:39.712,binance,A/USDT:USDT,0.57588,376.0,0.57587,35.0,0.57589,139.0,0.5759,139.0
1753592020412,04:53:40.412,binance,A/USDT:USDT,0.57588,376.0,0.57587,35.0,0.57589,139.0,0.5759,139.0
1753592020521,04:53:40.521,binance,A/USDT:USDT,0.57588,376.0,0.57587,35.0,0.57589,422.0,0.5759,139.0
1753592020643,04:53:40.643,binance,A/USDT:USDT,0.57588,376.0,0.57587,35.0,0.57589,422.0,0.5759,139.0
1753592021024,04:53:41.024,binance,A/USDT:USDT,0.57588,376.0,0.57587,35.0,0.57589,422.0,0.5759,139.0
1753592021145,04:53:41.145,binance,A/USDT:USDT,0.57588,376.0,0.57587,35.0,0.57589,422.0,0.5759,139.0
1753592021258,04:53:41.258,binance,A/USDT:USDT,0.57588,376.0,0.57587,35.0,0.57589,422.0,0.5759,139.0
1753592021418,04:53:41.418,binance,A/USDT:USDT,0.57588,376.0,0.57587,35.0,0.57589,422.0,0.5759,139.0
1753592021558,04:53:41.558,binance,A/USDT:USDT,0.57588,376.0,0.57587,35.0,0.57589,422.0,0.5759,139.0
1753592021721,04:53:41.721,binance,A/USDT:USDT,0.57588,366.0,0.57587,35.0,0.57589,422.0,0.5759,139.0
1753592022111,04:53:42.111,binance,A/USDT:USDT,0.57588,366.0,0.57587,35.0,0.57589,422.0,0.5759,139.0
1753592022301,04:53:42.301,binance,A/USDT:USDT,0.57588,366.0,0.57587,35.0,0.57589,422.0,0.5759,139.0
1753592022902,04:53:42.902,binance,A/USDT:USDT,0.57588,366.0,0.57587,35.0,0.57589,422.0,0.5759,139.0
1753592023441,04:53:43.441,binance,A/USDT:USDT,0.57588,366.0,0.57587,35.0,0.57589,422.0,0.5759,139.0
1753592024108,04:53:44.108,binance,A/USDT:USDT,0.57588,366.0,0.57587,35.0,0.57589,422.0,0.5759,139.0
1753592024280,04:53:44.280,binance,A/USDT:USDT,0.57588,366.0,0.57587,35.0,0.57589,422.0,0.5759,139.0
1753592024602,04:53:44.602,binance,A/USDT:USDT,0.57588,366.0,0.57587,35.0,0.57589,422.0,0.5759,139.0
1753592025110,04:53:45.110,binance,A/USDT:USDT,0.57588,366.0,0.57587,35.0,0.57589,422.0,0.5759,139.0
1753592025212,04:53:45.212,binance,A/USDT:USDT,0.57588,366.0,0.57587,35.0,0.57589,422.0,0.5759,139.0
1753592025692,04:53:45.692,binance,A/USDT:USDT,0.57588,366.0,0.57587,35.0,0.57589,422.0,0.5759,139.0
1753592025794,04:53:45.794,binance,A/USDT:USDT,0.57588,366.0,0.57587,35.0,0.57589,422.0,0.5759,139.0
1753592026111,04:53:46.111,binance,A/USDT:USDT,0.57588,366.0,0.57587,35.0,0.57589,422.0,0.5759,139.0
1753592026407,04:53:46.407,binance,A/USDT:USDT,0.57588,366.0,0.57587,35.0,0.57589,422.0,0.5759,139.0
1753592026511,04:53:46.511,binance,A/USDT:USDT,0.57588,366.0,0.57587,35.0,0.57589,422.0,0.5759,139.0
1753592026625,04:53:46.625,binance,A/USDT:USDT,0.57588,366.0,0.57587,35.0,0.57589,422.0,0.5759,139.0
1753592026732,04:53:46.732,binance,A/USDT:USDT,0.57588,366.0,0.57587,35.0,0.57589,422.0,0.5759,139.0
1753592027017,04:53:47.017,binance,A/USDT:USDT,0.57588,366.0,0.57587,35.0,0.57589,422.0,0.5759,139.0
1753592027144,04:53:47.144,binance,A/USDT:USDT,0.57588,366.0,0.57587,35.0,0.57589,422.0,0.5759,139.0
1753592027309,04:53:47.309,binance,A/USDT:USDT,0.57588,366.0,0.57587,35.0,0.57589,422.0,0.5759,139.0
1753592027470,04:53:47.470,binance,A/USDT:USDT,0.57588,366.0,0.57587,35.0,0.57589,422.0,0.5759,139.0
1753592027575,04:53:47.575,binance,A/USDT:USDT,0.57588,366.0,0.57587,35.0,0.57589,422.0,0.5759,139.0
1753592028002,04:53:48.002,binance,A/USDT:USDT,0.57588,366.0,0.57587,35.0,0.57589,422.0,0.5759,139.0
1753592028110,04:53:48.110,binance,A/USDT:USDT,0.57588,366.0,0.57587,35.0,0.57589,422.0,0.5759,139.0
1753592028217,04:53:48.217,binance,A/USDT:USDT,0.57588,366.0,0.57587,35.0,0.57589,422.0,0.5759,139.0
1753592028567,04:53:48.567,binance,A/USDT:USDT,0.57588,366.0,0.57587,35.0,0.57589,422.0,0.5759,139.0
1753592028680,04:53:48.680,binance,A/USDT:USDT,0.57588,366.0,0.57587,35.0,0.57589,422.0,0.5759,139.0
1753592028931,04:53:48.931,binance,A/USDT:USDT,0.57588,366.0,0.57587,35.0,0.57589,422.0,0.5759,139.0
1753592029371,04:53:49.371,binance,A/USDT:USDT,0.57588,379.0,0.57587,35.0,0.57598,393.0,0.576,32.0
1753592029490,04:53:49.490,binance,A/USDT:USDT,0.57588,571.0,0.57587,35.0,0.57598,414.0,0.576,32.0
1753592029610,04:53:49.610,binance,A/USDT:USDT,0.57588,571.0,0.57587,35.0,0.57598,414.0,0.576,32.0
1753592029714,04:53:49.714,binance,A/USDT:USDT,0.57588,571.0,0.57587,35.0,0.57598,414.0,0.576,32.0
1753592030012,04:53:50.012,binance,A/USDT:USDT,0.57588,571.0,0.57587,35.0,0.57598,414.0,0.576,32.0
1753592030116,04:53:50.116,binance,A/USDT:USDT,0.57588,571.0,0.57587,35.0,0.57598,414.0,0.576,32.0
1753592030317,04:53:50.317,binance,A/USDT:USDT,0.57588,571.0,0.57587,35.0,0.57598,414.0,0.57599,434.0
1753592030420,04:53:50.420,binance,A/USDT:USDT,0.57588,571.0,0.57587,35.0,0.57598,414.0,0.57599,434.0
1753592030570,04:53:50.570,binance,A/USDT:USDT,0.57588,379.0,0.57587,35.0,0.57595,196.0,0.57597,176.0
1753592030674,04:53:50.674,binance,A/USDT:USDT,0.57588,379.0,0.57587,35.0,0.57595,196.0,0.57597,176.0
1753592030791,04:53:50.791,binance,A/USDT:USDT,0.57588,379.0,0.57587,35.0,0.57595,196.0,0.57597,176.0
1753592031111,04:53:51.111,binance,A/USDT:USDT,0.57588,379.0,0.57587,35.0,0.57595,196.0,0.57597,176.0
1753592031302,04:53:51.302,binance,A/USDT:USDT,0.57588,379.0,0.57587,35.0,0.57595,196.0,0.57597,176.0
1753592031408,04:53:51.408,binance,A/USDT:USDT,0.57588,379.0,0.57587,35.0,0.57595,196.0,0.57597,176.0
1753592031631,04:53:51.631,binance,A/USDT:USDT,0.57588,379.0,0.57587,35.0,0.57595,196.0,0.57597,176.0
1753592031738,04:53:51.738,binance,A/USDT:USDT,0.57588,379.0,0.57587,35.0,0.57595,196.0,0.57597,176.0
1753592032096,04:53:52.096,binance,A/USDT:USDT,0.57588,379.0,0.57587,21.0,0.57595,283.0,0.57597,176.0
1753592032261,04:53:52.261,binance,A/USDT:USDT,0.57588,379.0,0.57587,21.0,0.57595,269.0,0.57597,176.0
1753592032380,04:53:52.380,binance,A/USDT:USDT,0.57588,379.0,0.57587,21.0,0.57594,279.0,0.57597,176.0
1753592032720,04:53:52.720,binance,A/USDT:USDT,0.57588,379.0,0.57587,21.0,0.57594,279.0,0.57597,176.0
1753592032823,04:53:52.823,binance,A/USDT:USDT,0.57588,379.0,0.57587,21.0,0.57594,279.0,0.57597,176.0
1753592032933,04:53:52.933,binance,A/USDT:USDT,0.57588,379.0,0.57587,21.0,0.57594,279.0,0.57597,176.0
1753592033068,04:53:53.068,binance,A/USDT:USDT,0.57588,379.0,0.57587,21.0,0.57594,279.0,0.57597,176.0
1753592033183,04:53:53.183,binance,A/USDT:USDT,0.57588,379.0,0.57587,21.0,0.57594,300.0,0.57597,176.0
1753592033302,04:53:53.302,binance,A/USDT:USDT,0.57588,379.0,0.57587,21.0,0.57594,300.0,0.57597,176.0
1753592033452,04:53:53.452,binance,A/USDT:USDT,0.57588,457.0,0.57587,21.0,0.57594,300.0,0.57597,176.0
1753592033555,04:53:53.555,binance,A/USDT:USDT,0.57588,457.0,0.57587,21.0,0.57594,300.0,0.57597,139.0
1753592033683,04:53:53.683,binance,A/USDT:USDT,0.57588,457.0,0.57587,21.0,0.57594,300.0,0.57597,139.0
1753592034032,04:53:54.032,binance,A/USDT:USDT,0.57588,457.0,0.57587,21.0,0.57594,300.0,0.57597,139.0
1753592034136,04:53:54.136,binance,A/USDT:USDT,0.57588,379.0,0.57587,21.0,0.57594,300.0,0.57597,139.0
1753592034239,04:53:54.239,binance,A/USDT:USDT,0.57588,379.0,0.57587,99.0,0.57594,300.0,0.57597,139.0
1753592034460,04:53:54.460,binance,A/USDT:USDT,0.57588,379.0,0.57587,99.0,0.57594,300.0,0.57597,139.0
1753592034991,04:53:54.991,binance,A/USDT:USDT,0.57588,379.0,0.57587,99.0,0.57594,300.0,0.57597,139.0
1753592035111,04:53:55.111,binance,A/USDT:USDT,0.57588,379.0,0.57587,99.0,0.57594,300.0,0.57597,139.0
1753592035229,04:53:55.229,binance,A/USDT:USDT,0.57588,379.0,0.57587,99.0,0.57594,300.0,0.57597,139.0
1753592035502,04:53:55.502,binance,A/USDT:USDT,0.57588,379.0,0.57587,21.0,0.57594,300.0,0.57597,139.0
1753592035607,04:53:55.607,binance,A/USDT:USDT,0.57588,457.0,0.57587,21.0,0.57594,300.0,0.57597,139.0
1753592035712,04:53:55.712,binance,A/USDT:USDT,0.57588,457.0,0.57587,21.0,0.57594,300.0,0.57597,139.0
1753592036012,04:53:56.012,binance,A/USDT:USDT,0.57588,457.0,0.57587,21.0,0.57594,300.0,0.57597,139.0
1753592036115,04:53:56.115,binance,A/USDT:USDT,0.57588,457.0,0.57587,21.0,0.57594,300.0,0.57597,139.0
1753592036465,04:53:56.465,binance,A/USDT:USDT,0.57588,379.0,0.57587,21.0,0.57591,71.0,0.57594,139.0
1753592036706,04:53:56.706,binance,A/USDT:USDT,0.57588,379.0,0.57587,21.0,0.57591,71.0,0.57594,139.0
1753592036897,04:53:56.897,binance,A/USDT:USDT,0.57588,379.0,0.57587,21.0,0.57591,71.0,0.57594,139.0
1753592037033,04:53:57.033,binance,A/USDT:USDT,0.57588,379.0,0.57587,21.0,0.57591,71.0,0.57594,139.0
1753592037140,04:53:57.140,binance,A/USDT:USDT,0.57588,379.0,0.57587,21.0,0.57591,71.0,0.57594,139.0
1753592037702,04:53:57.702,binance,A/USDT:USDT,0.57588,379.0,0.57587,21.0,0.57591,71.0,0.57594,139.0
1753592038112,04:53:58.112,binance,A/USDT:USDT,0.57588,379.0,0.57587,21.0,0.57591,71.0,0.57594,139.0
1753592038902,04:53:58.902,binance,A/USDT:USDT,0.57588,379.0,0.57587,21.0,0.57591,71.0,0.57594,139.0
1753592039007,04:53:59.007,binance,A/USDT:USDT,0.57588,379.0,0.57587,21.0,0.57591,53.0,0.57597,139.0
1753592039111,04:53:59.111,binance,A/USDT:USDT,0.57588,379.0,0.57587,21.0,0.57591,53.0,0.57597,139.0
1753592039440,04:53:59.440,binance,A/USDT:USDT,0.57588,379.0,0.57587,21.0,0.57591,53.0,0.57597,139.0
1753592039601,04:53:59.601,binance,A/USDT:USDT,0.57588,379.0,0.57587,21.0,0.57591,53.0,0.57597,139.0
1753592040000,04:54:00.000,binance,A/USDT:USDT,0.57588,379.0,0.57587,21.0,0.57591,53.0,0.57597,139.0
1753592040244,04:54:00.244,binance,A/USDT:USDT,0.57588,379.0,0.57587,21.0,0.57591,53.0,0.57597,139.0
1753592040502,04:54:00.502,binance,A/USDT:USDT,0.57588,379.0,0.57587,21.0,0.57591,53.0,0.57597,139.0
1753592040617,04:54:00.617,binance,A/USDT:USDT,0.57588,379.0,0.57587,21.0,0.57591,32.0,0.57597,139.0
1753592040757,04:54:00.757,binance,A/USDT:USDT,0.57588,358.0,0.57587,21.0,0.57591,32.0,0.57597,139.0
1753592040862,04:54:00.862,binance,A/USDT:USDT,0.57588,358.0,0.57587,21.0,0.57591,32.0,0.57597,139.0
1753592040992,04:54:00.992,binance,A/USDT:USDT,0.57588,393.0,0.57587,21.0,0.57591,32.0,0.57597,139.0
1753592041094,04:54:01.094,binance,A/USDT:USDT,0.57588,393.0,0.57587,21.0,0.57591,32.0,0.57597,139.0
1753592042111,04:54:02.111,binance,A/USDT:USDT,0.57588,393.0,0.57587,21.0,0.57591,32.0,0.57597,139.0
1753592042270,04:54:02.270,binance,A/USDT:USDT,0.57588,604.0,0.57587,154.0,0.57591,32.0,0.57597,139.0
1753592043033,04:54:03.033,binance,A/USDT:USDT,0.57588,604.0,0.57587,154.0,0.57591,32.0,0.57597,139.0
1753592043145,04:54:03.145,binance,A/USDT:USDT,0.57588,604.0,0.57587,154.0,0.57591,32.0,0.57597,139.0
1753592043402,04:54:03.402,binance,A/USDT:USDT,0.57588,604.0,0.57587,154.0,0.57591,32.0,0.57597,139.0
1753592043549,04:54:03.549,binance,A/USDT:USDT,0.57588,604.0,0.57587,154.0,0.57591,32.0,0.57597,139.0
1753592043710,04:54:03.710,binance,A/USDT:USDT,0.57588,604.0,0.57587,154.0,0.57591,32.0,0.57597,139.0
1753592044002,04:54:04.002,binance,A/USDT:USDT,0.57588,604.0,0.57587,154.0,0.57591,32.0,0.57597,139.0
1753592044111,04:54:04.111,binance,A/USDT:USDT,0.57588,526.0,0.57587,154.0,0.57591,32.0,0.57597,139.0
1753592044413,04:54:04.413,binance,A/USDT:USDT,0.57588,526.0,0.57587,232.0,0.57591,32.0,0.57597,139.0
1753592044521,04:54:04.521,binance,A/USDT:USDT,0.57588,393.0,0.57587,21.0,0.57591,32.0,0.57597,139.0
1753592044728,04:54:04.728,binance,A/USDT:USDT,0.57588,393.0,0.57587,21.0,0.57591,32.0,0.57597,139.0
1753592045102,04:54:05.102,binance,A/USDT:USDT,0.57588,393.0,0.57587,21.0,0.57591,32.0,0.57597,139.0
1753592045208,04:54:05.208,binance,A/USDT:USDT,0.57588,393.0,0.57587,21.0,0.57591,32.0,0.57597,139.0
1753592045691,04:54:05.691,binance,A/USDT:USDT,0.57588,393.0,0.57587,21.0,0.57591,32.0,0.57597,139.0
1753592046111,04:54:06.111,binance,A/USDT:USDT,0.57588,393.0,0.57587,21.0,0.57591,32.0,0.57597,139.0
1753592046301,04:54:06.301,binance,A/USDT:USDT,0.57588,393.0,0.57587,21.0,0.57591,32.0,0.57597,139.0
1753592046802,04:54:06.802,binance,A/USDT:USDT,0.57588,393.0,0.57587,21.0,0.57591,32.0,0.57597,139.0
1753592047111,04:54:07.111,binance,A/USDT:USDT,0.57588,393.0,0.57587,21.0,0.57591,32.0,0.57597,272.0
1753592047331,04:54:07.331,binance,A/USDT:USDT,0.57588,393.0,0.57587,21.0,0.57591,32.0,0.57597,139.0
1753592047437,04:54:07.437,binance,A/USDT:USDT,0.57588,393.0,0.57587,21.0,0.57591,32.0,0.57597,139.0
1753592047725,04:54:07.725,binance,A/USDT:USDT,0.57588,471.0,0.57587,21.0,0.57591,32.0,0.57597,139.0
1753592048111,04:54:08.111,binance,A/USDT:USDT,0.57588,471.0,0.57587,21.0,0.57591,32.0,0.57597,139.0
1753592048255,04:54:08.255,binance,A/USDT:USDT,0.57588,393.0,0.57587,21.0,0.57591,32.0,0.57597,139.0
1753592048652,04:54:08.652,binance,A/USDT:USDT,0.57588,471.0,0.57587,21.0,0.57591,70.0,0.57597,139.0
1753592048886,04:54:08.886,binance,A/USDT:USDT,0.57588,471.0,0.57587,21.0,0.57591,70.0,0.57597,139.0
1753592049060,04:54:09.060,binance,A/USDT:USDT,0.57588,471.0,0.57587,21.0,0.57591,70.0,0.57597,139.0
1753592049165,04:54:09.165,binance,A/USDT:USDT,0.57588,393.0,0.57587,21.0,0.57591,70.0,0.57597,139.0
1753592049438,04:54:09.438,binance,A/USDT:USDT,0.57588,393.0,0.57587,21.0,0.57591,70.0,0.57597,139.0
1753592049602,04:54:09.602,binance,A/USDT:USDT,0.57588,393.0,0.57587,21.0,0.57591,70.0,0.57597,139.0
1753592050076,04:54:10.076,binance,A/USDT:USDT,0.57589,193.0,0.57588,480.0,0.57597,177.0,0.57598,29.0
1753592050187,04:54:10.187,binance,A/USDT:USDT,0.57591,193.0,0.57589,133.0,0.57597,163.0,0.57598,29.0
1753592050576,04:54:10.576,binance,A/USDT:USDT,0.57591,193.0,0.57589,133.0,0.57597,239.0,0.576,19.0
1753592050723,04:54:10.723,binance,A/USDT:USDT,0.57591,193.0,0.57589,163.0,0.57597,201.0,0.576,19.0
1753592051024,04:54:11.024,binance,A/USDT:USDT,0.57591,193.0,0.57589,30.0,0.57597,306.0,0.576,19.0
1753592051146,04:54:11.146,binance,A/USDT:USDT,0.57592,193.0,0.57591,229.0,0.57597,306.0,0.576,19.0
1753592051249,04:54:11.249,binance,A/USDT:USDT,0.57592,193.0,0.57591,36.0,0.57597,335.0,0.576,19.0
1753592051352,04:54:11.352,binance,A/USDT:USDT,0.57592,602.0,0.57591,36.0,0.57597,335.0,0.576,19.0
1753592051588,04:54:11.588,binance,A/USDT:USDT,0.57592,602.0,0.57591,36.0,0.57597,335.0,0.576,19.0
1753592051714,04:54:11.714,binance,A/USDT:USDT,0.57592,602.0,0.57591,73.0,0.57597,335.0,0.576,19.0
1753592051828,04:54:11.828,binance,A/USDT:USDT,0.57593,193.0,0.57592,602.0,0.57597,335.0,0.576,19.0
1753592051929,04:54:11.929,binance,A/USDT:USDT,0.57594,193.0,0.57593,271.0,0.57597,375.0,0.576,19.0
1753592052083,04:54:12.083,binance,A/USDT:USDT,0.57594,193.0,0.57593,78.0,0.57597,375.0,0.576,19.0
1753592052205,04:54:12.205,binance,A/USDT:USDT,0.57594,193.0,0.57592,409.0,0.57597,375.0,0.576,19.0
1753592052403,04:54:12.403,binance,A/USDT:USDT,0.57594,193.0,0.57593,78.0,0.57597,375.0,0.576,19.0
1753592053002,04:54:13.002,binance,A/USDT:USDT,0.57594,193.0,0.57593,78.0,0.57597,375.0,0.576,19.0
1753592053111,04:54:13.111,binance,A/USDT:USDT,0.57594,193.0,0.57593,78.0,0.57597,375.0,0.576,19.0
1753592053213,04:54:13.213,binance,A/USDT:USDT,0.57594,193.0,0.57593,78.0,0.57597,375.0,0.576,19.0
1753592053595,04:54:13.595,binance,A/USDT:USDT,0.57594,255.0,0.57593,78.0,0.57597,375.0,0.576,19.0
1753592053882,04:54:13.882,binance,A/USDT:USDT,0.57594,255.0,0.57592,409.0,0.57597,415.0,0.576,19.0
1753592054013,04:54:14.013,binance,A/USDT:USDT,0.57594,255.0,0.57592,409.0,0.57597,415.0,0.576,19.0
1753592054116,04:54:14.116,binance,A/USDT:USDT,0.57594,255.0,0.57592,409.0,0.57597,415.0,0.576,19.0
1753592054221,04:54:14.221,binance,A/USDT:USDT,0.57594,324.0,0.57592,409.0,0.57597,455.0,0.576,19.0
1753592054340,04:54:14.340,binance,A/USDT:USDT,0.57594,334.0,0.57592,409.0,0.57597,455.0,0.576,19.0
1753592054499,04:54:14.499,binance,A/USDT:USDT,0.57594,334.0,0.57592,409.0,0.57597,455.0,0.576,19.0
1753592054702,04:54:14.702,binance,A/USDT:USDT,0.57594,334.0,0.57592,409.0,0.57597,455.0,0.576,19.0
1753592055028,04:54:15.028,binance,A/USDT:USDT,0.57594,334.0,0.57592,409.0,0.57597,455.0,0.576,19.0
1753592055145,04:54:15.145,binance,A/USDT:USDT,0.57594,334.0,0.57592,409.0,0.57597,455.0,0.576,19.0
1753592055302,04:54:15.302,binance,A/USDT:USDT,0.57594,334.0,0.57592,409.0,0.57597,455.0,0.576,19.0
1753592055902,04:54:15.902,binance,A/USDT:USDT,0.57594,334.0,0.57592,409.0,0.57597,455.0,0.576,19.0
1753592056440,04:54:16.440,binance,A/USDT:USDT,0.57594,334.0,0.57592,409.0,0.57597,455.0,0.576,19.0
1753592056572,04:54:16.572,binance,A/USDT:USDT,0.57594,334.0,0.57592,409.0,0.57597,455.0,0.576,19.0
1753592056729,04:54:16.729,binance,A/USDT:USDT,0.57594,403.0,0.57592,409.0,0.57597,455.0,0.576,19.0
1753592057005,04:54:17.005,binance,A/USDT:USDT,0.57594,403.0,0.57592,409.0,0.57597,455.0,0.576,19.0
1753592057111,04:54:17.111,binance,A/USDT:USDT,0.57594,481.0,0.57592,487.0,0.57597,455.0,0.576,19.0
1753592057581,04:54:17.581,binance,A/USDT:USDT,0.57594,481.0,0.57592,487.0,0.57597,455.0,0.576,19.0
1753592058089,04:54:18.089,binance,A/USDT:USDT,0.57594,536.0,0.57592,487.0,0.57597,455.0,0.576,19.0
1753592058397,04:54:18.397,binance,A/USDT:USDT,0.57594,938.0,0.57592,78.0,0.57597,455.0,0.576,19.0
1753592058690,04:54:18.690,binance,A/USDT:USDT,0.57594,938.0,0.57592,78.0,0.57597,455.0,0.576,19.0
1753592058814,04:54:18.814,binance,A/USDT:USDT,0.57594,938.0,0.57592,78.0,0.57597,455.0,0.576,19.0
1753592059907,04:54:19.907,binance,A/USDT:USDT,0.57594,860.0,0.57591,36.0,0.57597,455.0,0.576,19.0
1753592060111,04:54:20.111,binance,A/USDT:USDT,0.57594,896.0,0.57591,36.0,0.57597,455.0,0.576,19.0
1753592060247,04:54:20.247,binance,A/USDT:USDT,0.57594,896.0,0.57591,36.0,0.57597,455.0,0.576,19.0
1753592061110,04:54:21.110,binance,A/USDT:USDT,0.57594,703.0,0.57591,36.0,0.57597,455.0,0.576,19.0
1753592061335,04:54:21.335,binance,A/USDT:USDT,0.57594,703.0,0.57591,36.0,0.57597,492.0,0.576,19.0
1753592061502,04:54:21.502,binance,A/USDT:USDT,0.57594,703.0,0.57591,36.0,0.57597,492.0,0.576,19.0
1753592062804,04:54:22.804,binance,A/USDT:USDT,0.57594,641.0,0.57591,36.0,0.57595,214.0,0.57597,394.0
1753592062919,04:54:22.919,binance,A/USDT:USDT,0.57594,641.0,0.57591,36.0,0.57595,214.0,0.57597,357.0
1753592063110,04:54:23.110,binance,A/USDT:USDT,0.57594,641.0,0.57591,36.0,0.57597,357.0,0.576,19.0
1753592063229,04:54:23.229,binance,A/USDT:USDT,0.57594,641.0,0.57591,36.0,0.57597,505.0,0.576,19.0
1753592063358,04:54:23.358,binance,A/USDT:USDT,0.57594,641.0,0.57591,36.0,0.57597,505.0,0.576,19.0
1753592063613,04:54:23.613,binance,A/USDT:USDT,0.57594,641.0,0.57591,36.0,0.57597,505.0,0.576,19.0
1753592063902,04:54:23.902,binance,A/USDT:USDT,0.57594,641.0,0.57591,36.0,0.57597,505.0,0.576,19.0
1753592064111,04:54:24.111,binance,A/USDT:USDT,0.57594,641.0,0.57591,36.0,0.57597,505.0,0.576,19.0
1753592064444,04:54:24.444,binance,A/USDT:USDT,0.57594,651.0,0.57591,36.0,0.57597,505.0,0.576,19.0
1753592065002,04:54:25.002,binance,A/USDT:USDT,0.57594,651.0,0.57591,36.0,0.57597,505.0,0.576,19.0
1753592065115,04:54:25.115,binance,A/USDT:USDT,0.57594,651.0,0.57591,36.0,0.57597,505.0,0.576,19.0
1753592065605,04:54:25.605,binance,A/USDT:USDT,0.57594,3228.0,0.57592,78.0,0.57597,505.0,0.576,19.0
1753592066090,04:54:26.090,binance,A/USDT:USDT,0.57594,3228.0,0.57592,78.0,0.57597,505.0,0.576,19.0
1753592066197,04:54:26.197,binance,A/USDT:USDT,0.57594,3150.0,0.57591,223.0,0.57597,505.0,0.576,19.0
1753592066300,04:54:26.300,binance,A/USDT:USDT,0.57594,3150.0,0.57591,223.0,0.57597,505.0,0.576,19.0
1753592066558,04:54:26.558,binance,A/USDT:USDT,0.57594,1649.0,0.57591,223.0,0.57597,505.0,0.576,19.0
1753592066664,04:54:26.664,binance,A/USDT:USDT,0.57594,1649.0,0.57591,36.0,0.57597,394.0,0.576,19.0
1753592066768,04:54:26.768,binance,A/USDT:USDT,0.57594,1649.0,0.57591,36.0,0.57595,214.0,0.57597,510.0
1753592066871,04:54:26.871,binance,A/USDT:USDT,0.57594,1649.0,0.57591,36.0,0.57597,394.0,0.576,19.0
1753592066992,04:54:26.992,binance,A/USDT:USDT,0.57594,1649.0,0.57591,36.0,0.57597,510.0,0.576,19.0
1753592067205,04:54:27.205,binance,A/USDT:USDT,0.57594,1694.0,0.57591,36.0,0.57597,510.0,0.576,19.0
1753592067557,04:54:27.557,binance,A/USDT:USDT,0.57594,1694.0,0.57591,36.0,0.57597,510.0,0.576,19.0
1753592067660,04:54:27.660,binance,A/USDT:USDT,0.57595,560.0,0.57594,1763.0,0.57597,510.0,0.576,19.0
1753592067773,04:54:27.773,binance,A/USDT:USDT,0.57595,560.0,0.57594,1763.0,0.57597,510.0,0.576,19.0
1753592067989,04:54:27.989,binance,A/USDT:USDT,0.57595,560.0,0.57594,1763.0,0.57597,510.0,0.576,19.0
1753592068413,04:54:28.413,binance,A/USDT:USDT,0.57595,560.0,0.57594,1763.0,0.57597,510.0,0.576,19.0
1753592068758,04:54:28.758,binance,A/USDT:USDT,0.57595,560.0,0.57594,1763.0,0.57597,510.0,0.576,19.0
1753592068936,04:54:28.936,binance,A/USDT:USDT,0.57595,560.0,0.57594,1763.0,0.57597,550.0,0.576,19.0
1753592069111,04:54:29.111,binance,A/USDT:USDT,0.57595,560.0,0.57594,1763.0,0.57597,550.0,0.576,19.0
1753592069302,04:54:29.302,binance,A/USDT:USDT,0.57595,560.0,0.57594,1763.0,0.57597,550.0,0.576,19.0
1753592069408,04:54:29.408,binance,A/USDT:USDT,0.57595,560.0,0.57594,1763.0,0.57597,550.0,0.576,19.0
1753592070111,04:54:30.111,binance,A/USDT:USDT,0.57595,560.0,0.57594,1775.0,0.57597,550.0,0.576,19.0
1753592070421,04:54:30.421,binance,A/USDT:USDT,0.57595,560.0,0.57594,1775.0,0.57597,550.0,0.576,19.0
1753592070595,04:54:30.595,binance,A/USDT:USDT,0.57595,560.0,0.57594,1775.0,0.57597,550.0,0.576,19.0
1753592070948,04:54:30.948,binance,A/USDT:USDT,0.57595,62.0,0.57594,1775.0,0.57597,550.0,0.576,19.0
1753592071095,04:54:31.095,binance,A/USDT:USDT,0.57595,62.0,0.57594,1775.0,0.57597,550.0,0.576,19.0
1753592073111,04:54:33.111,binance,A/USDT:USDT,0.57595,62.0,0.57594,1775.0,0.57597,550.0,0.576,19.0
1753592073214,04:54:33.214,binance,A/USDT:USDT,0.57595,62.0,0.57594,1775.0,0.57596,214.0,0.57597,550.0
1753592073416,04:54:33.416,binance,A/USDT:USDT,0.57595,71.0,0.57594,1775.0,0.57596,214.0,0.57597,550.0
1753592073517,04:54:33.517,binance,A/USDT:USDT,0.57595,71.0,0.57594,1775.0,0.57597,470.0,0.576,32.0
1753592073619,04:54:33.619,binance,A/USDT:USDT,0.57595,71.0,0.57594,1775.0,0.57597,510.0,0.576,32.0
1753592073720,04:54:33.720,binance,A/USDT:USDT,0.57595,71.0,0.57594,1775.0,0.57597,510.0,0.576,32.0
1753592073839,04:54:33.839,binance,A/USDT:USDT,0.57595,71.0,0.57594,1775.0,0.57597,550.0,0.576,32.0
1753592074002,04:54:34.002,binance,A/USDT:USDT,0.57595,117.0,0.57594,1853.0,0.57597,550.0,0.576,32.0
1753592074112,04:54:34.112,binance,A/USDT:USDT,0.57595,117.0,0.57594,1853.0,0.57597,550.0,0.576,32.0
1753592074602,04:54:34.602,binance,A/USDT:USDT,0.57595,117.0,0.57594,1853.0,0.57597,550.0,0.576,32.0
1753592074706,04:54:34.706,binance,A/USDT:USDT,0.57595,117.0,0.57594,1853.0,0.57597,510.0,0.576,32.0
1753592075111,04:54:35.111,binance,A/USDT:USDT,0.57595,117.0,0.57594,1775.0,0.57597,510.0,0.576,32.0
1753592075259,04:54:35.259,binance,A/USDT:USDT,0.57595,117.0,0.57594,1775.0,0.57597,510.0,0.576,32.0
1753592075702,04:54:35.702,binance,A/USDT:USDT,0.57595,117.0,0.57594,1775.0,0.57597,550.0,0.576,32.0
1753592076111,04:54:36.111,binance,A/USDT:USDT,0.57595,117.0,0.57594,1775.0,0.57597,550.0,0.576,32.0
1753592076232,04:54:36.232,binance,A/USDT:USDT,0.57595,117.0,0.57594,1775.0,0.57597,550.0,0.576,32.0
1753592076572,04:54:36.572,binance,A/USDT:USDT,0.57595,117.0,0.57594,1775.0,0.57596,214.0,0.57597,550.0
1753592076673,04:54:36.673,binance,A/USDT:USDT,0.57588,32.0,0.57585,291.0,0.57596,214.0,0.57597,628.0
1753592076791,04:54:36.791,binance,A/USDT:USDT,0.57588,32.0,0.57585,291.0,0.57589,130.0,0.57592,78.0
1753592076895,04:54:36.895,binance,A/USDT:USDT,0.57588,32.0,0.57585,291.0,0.57589,344.0,0.57592,78.0
1753592077021,04:54:37.021,binance,A/USDT:USDT,0.57588,32.0,0.57585,291.0,0.57589,344.0,0.57592,78.0
1753592077124,04:54:37.124,binance,A/USDT:USDT,0.57588,32.0,0.57585,291.0,0.57589,344.0,0.57595,272.0
1753592077227,04:54:37.227,binance,A/USDT:USDT,0.57588,32.0,0.57585,291.0,0.57589,130.0,0.57595,272.0
1753592077357,04:54:37.357,binance,A/USDT:USDT,0.57588,32.0,0.57585,291.0,0.57589,130.0,0.57595,519.0
1753592077460,04:54:37.460,binance,A/USDT:USDT,0.57588,32.0,0.57585,291.0,0.57589,344.0,0.57595,272.0
1753592077562,04:54:37.562,binance,A/USDT:USDT,0.57588,32.0,0.57585,291.0,0.57589,344.0,0.57595,272.0
1753592077666,04:54:37.666,binance,A/USDT:USDT,0.57588,32.0,0.57585,291.0,0.57589,344.0,0.57595,272.0
1753592077775,04:54:37.775,binance,A/USDT:USDT,0.57588,32.0,0.57585,291.0,0.57589,344.0,0.57595,272.0
1753592077917,04:54:37.917,binance,A/USDT:USDT,0.57588,32.0,0.57585,291.0,0.57589,344.0,0.57595,272.0
1753592078019,04:54:38.019,binance,A/USDT:USDT,0.57588,32.0,0.57585,291.0,0.57589,344.0,0.57595,272.0
1753592078145,04:54:38.145,binance,A/USDT:USDT,0.57588,32.0,0.57585,291.0,0.57589,344.0,0.57595,272.0
1753592078705,04:54:38.705,binance,A/USDT:USDT,0.57588,32.0,0.57586,56.0,0.57595,139.0,0.57598,29.0
1753592078833,04:54:38.833,binance,A/USDT:USDT,0.57588,32.0,0.57586,56.0,0.57589,301.0,0.57594,139.0
1753592078938,04:54:38.938,binance,A/USDT:USDT,0.57585,291.0,0.57584,32.0,0.57586,226.0,0.57588,107.0
1753592079052,04:54:39.052,binance,A/USDT:USDT,0.57585,291.0,0.57584,32.0,0.57586,226.0,0.57588,107.0
1753592079306,04:54:39.306,binance,A/USDT:USDT,0.57585,329.0,0.57584,32.0,0.57586,226.0,0.57588,107.0
1753592079502,04:54:39.502,binance,A/USDT:USDT,0.57585,329.0,0.57584,32.0,0.57586,226.0,0.57588,107.0
1753592079608,04:54:39.608,binance,A/USDT:USDT,0.57585,329.0,0.57584,32.0,0.57586,226.0,0.57588,107.0
1753592079991,04:54:39.991,binance,A/USDT:USDT,0.57585,329.0,0.57584,32.0,0.57586,226.0,0.57588,107.0
1753592080094,04:54:40.094,binance,A/USDT:USDT,0.57585,329.0,0.57584,32.0,0.57586,226.0,0.57588,107.0
1753592080602,04:54:40.602,binance,A/USDT:USDT,0.57585,329.0,0.57584,32.0,0.57586,440.0,0.57588,107.0
1753592080812,04:54:40.812,binance,A/USDT:USDT,0.57585,329.0,0.57584,32.0,0.57586,440.0,0.57588,107.0
1753592081066,04:54:41.066,binance,A/USDT:USDT,0.57585,329.0,0.57584,32.0,0.57586,440.0,0.57588,107.0
1753592081300,04:54:41.300,binance,A/USDT:USDT,0.57585,329.0,0.57584,32.0,0.57586,440.0,0.57588,107.0
1753592081710,04:54:41.710,binance,A/USDT:USDT,0.57585,329.0,0.57584,32.0,0.57586,440.0,0.57588,107.0
1753592082138,04:54:42.138,binance,A/USDT:USDT,0.57585,329.0,0.57584,32.0,0.57586,440.0,0.57588,107.0
1753592082281,04:54:42.281,binance,A/USDT:USDT,0.57585,329.0,0.57584,32.0,0.57586,440.0,0.57588,107.0
1753592082563,04:54:42.563,binance,A/USDT:USDT,0.57585,329.0,0.57584,32.0,0.57586,440.0,0.57588,107.0
1753592082667,04:54:42.667,binance,A/USDT:USDT,0.57571,56.0,0.5757,132.0,0.57576,354.0,0.57577,19.0
1753592082776,04:54:42.776,binance,A/USDT:USDT,0.57571,56.0,0.5757,19.0,0.57572,87.0,0.57573,139.0
1753592082885,04:54:42.885,binance,A/USDT:USDT,0.57571,56.0,0.5757,19.0,0.57572,87.0,0.57573,139.0
1753592083000,04:54:43.000,binance,A/USDT:USDT,0.57571,56.0,0.5757,19.0,0.57572,87.0,0.57573,139.0
1753592083258,04:54:43.258,binance,A/USDT:USDT,0.57571,56.0,0.5757,19.0,0.57572,87.0,0.57573,139.0
1753592083533,04:54:43.533,binance,A/USDT:USDT,0.57571,56.0,0.5757,19.0,0.57572,87.0,0.57573,139.0
1753592083748,04:54:43.748,binance,A/USDT:USDT,0.57571,56.0,0.5757,19.0,0.57572,87.0,0.57573,139.0
1753592083890,04:54:43.890,binance,A/USDT:USDT,0.57571,56.0,0.5757,19.0,0.57572,87.0,0.57573,139.0
1753592084111,04:54:44.111,binance,A/USDT:USDT,0.57571,56.0,0.5757,19.0,0.57572,87.0,0.57573,139.0
1753592084402,04:54:44.402,binance,A/USDT:USDT,0.57571,56.0,0.5757,19.0,0.57572,87.0,0.57573,139.0
1753592084567,04:54:44.567,binance,A/USDT:USDT,0.57571,56.0,0.5757,19.0,0.57572,87.0,0.57573,139.0
1753592084715,04:54:44.715,binance,A/USDT:USDT,0.57571,56.0,0.5757,19.0,0.57572,87.0,0.57573,139.0
1753592084818,04:54:44.818,binance,A/USDT:USDT,0.5757,19.0,0.57568,38.0,0.57571,87.0,0.57573,139.0
1753592084950,04:54:44.950,binance,A/USDT:USDT,0.5757,19.0,0.57568,38.0,0.57571,87.0,0.57573,139.0
1753592085111,04:54:45.111,binance,A/USDT:USDT,0.5757,19.0,0.57568,38.0,0.57571,87.0,0.57573,139.0
1753592085221,04:54:45.221,binance,A/USDT:USDT,0.5757,81.0,0.57568,38.0,0.57571,87.0,0.57573,139.0
1753592085505,04:54:45.505,binance,A/USDT:USDT,0.5757,81.0,0.57568,38.0,0.57571,87.0,0.57573,139.0
1753592085702,04:54:45.702,binance,A/USDT:USDT,0.5757,81.0,0.57568,38.0,0.57571,87.0,0.57573,139.0
1753592085902,04:54:45.902,binance,A/USDT:USDT,0.5757,81.0,0.57568,38.0,0.57571,87.0,0.57573,139.0
1753592086006,04:54:46.006,binance,A/USDT:USDT,0.5757,81.0,0.57568,38.0,0.57571,87.0,0.57573,139.0
1753592086111,04:54:46.111,binance,A/USDT:USDT,0.5757,81.0,0.57568,38.0,0.57573,139.0,0.57576,10.0
1753592086261,04:54:46.261,binance,A/USDT:USDT,0.5757,81.0,0.57568,38.0,0.57573,139.0,0.57576,10.0
1753592086502,04:54:46.502,binance,A/USDT:USDT,0.5757,81.0,0.57568,38.0,0.57573,139.0,0.57576,10.0
1753592086606,04:54:46.606,binance,A/USDT:USDT,0.5757,81.0,0.57568,38.0,0.57573,139.0,0.57576,10.0
1753592086748,04:54:46.748,binance,A/USDT:USDT,0.5757,81.0,0.57568,38.0,0.57573,139.0,0.57576,10.0
1753592086853,04:54:46.853,binance,A/USDT:USDT,0.5757,81.0,0.57568,38.0,0.57573,139.0,0.57576,10.0
1753592087205,04:54:47.205,binance,A/USDT:USDT,0.5757,81.0,0.57568,38.0,0.57573,139.0,0.57576,10.0
1753592087402,04:54:47.402,binance,A/USDT:USDT,0.5757,81.0,0.57568,38.0,0.57573,139.0,0.57576,10.0
1753592087506,04:54:47.506,binance,A/USDT:USDT,0.5757,81.0,0.57568,38.0,0.57573,139.0,0.57576,10.0
1753592087614,04:54:47.614,binance,A/USDT:USDT,0.5757,81.0,0.57568,38.0,0.57573,139.0,0.57576,10.0
1753592087997,04:54:47.997,binance,A/USDT:USDT,0.5757,81.0,0.57568,38.0,0.57573,139.0,0.57576,10.0
1753592088100,04:54:48.100,binance,A/USDT:USDT,0.5757,81.0,0.57568,38.0,0.57573,139.0,0.57576,10.0
1753592088511,04:54:48.511,binance,A/USDT:USDT,0.5757,81.0,0.57568,38.0,0.57573,139.0,0.57576,10.0
1753592088613,04:54:48.613,binance,A/USDT:USDT,0.5757,81.0,0.57568,38.0,0.57573,139.0,0.57576,10.0
1753592088800,04:54:48.800,binance,A/USDT:USDT,0.5757,81.0,0.57568,38.0,0.57573,139.0,0.57576,10.0
1753592089251,04:54:49.251,binance,A/USDT:USDT,0.5757,81.0,0.57568,38.0,0.57573,139.0,0.57576,10.0
1753592089461,04:54:49.461,binance,A/USDT:USDT,0.5757,81.0,0.57568,38.0,0.57573,139.0,0.57576,10.0
1753592089602,04:54:49.602,binance,A/USDT:USDT,0.5757,81.0,0.57568,38.0,0.57573,139.0,0.57576,10.0
1753592089759,04:54:49.759,binance,A/USDT:USDT,0.5757,81.0,0.57568,38.0,0.57573,139.0,0.57576,10.0
1753592090070,04:54:50.070,binance,A/USDT:USDT,0.5757,81.0,0.57568,38.0,0.57573,139.0,0.57576,10.0
1753592090173,04:54:50.173,binance,A/USDT:USDT,0.5757,81.0,0.57568,38.0,0.57573,139.0,0.57576,10.0
1753592090602,04:54:50.602,binance,A/USDT:USDT,0.5757,81.0,0.57568,38.0,0.57573,139.0,0.57576,10.0
1753592091111,04:54:51.111,binance,A/USDT:USDT,0.5757,81.0,0.57568,38.0,0.57573,139.0,0.57576,10.0
1753592091214,04:54:51.214,binance,A/USDT:USDT,0.5757,81.0,0.57568,38.0,0.57573,139.0,0.57576,10.0
1753592092007,04:54:52.007,binance,A/USDT:USDT,0.5757,81.0,0.57568,38.0,0.57573,139.0,0.57576,10.0
1753592092111,04:54:52.111,binance,A/USDT:USDT,0.5757,81.0,0.57568,38.0,0.57573,139.0,0.57576,10.0
1753592092290,04:54:52.290,binance,A/USDT:USDT,0.5757,81.0,0.57568,38.0,0.57573,139.0,0.57576,10.0
1753592092414,04:54:52.414,binance,A/USDT:USDT,0.5757,81.0,0.57568,38.0,0.57573,139.0,0.57576,10.0
1753592093518,04:54:53.518,binance,A/USDT:USDT,0.5757,95.0,0.57568,38.0,0.57573,139.0,0.57576,10.0
1753592093990,04:54:53.990,binance,A/USDT:USDT,0.5757,95.0,0.57568,38.0,0.57573,139.0,0.57576,10.0
1753592094098,04:54:54.098,binance,A/USDT:USDT,0.5757,95.0,0.57568,116.0,0.57573,139.0,0.57576,10.0
1753592094571,04:54:54.571,binance,A/USDT:USDT,0.5757,95.0,0.57568,116.0,0.57573,139.0,0.57576,10.0
1753592094953,04:54:54.953,binance,A/USDT:USDT,0.5757,95.0,0.57568,38.0,0.57573,10.0,0.57576,10.0
1753592095617,04:54:55.617,binance,A/USDT:USDT,0.5757,95.0,0.57568,38.0,0.57573,10.0,0.57576,10.0
1753592095720,04:54:55.720,binance,A/USDT:USDT,0.5757,95.0,0.57568,38.0,0.57573,10.0,0.57576,10.0
1753592095857,04:54:55.857,binance,A/USDT:USDT,0.5757,95.0,0.57568,38.0,0.57573,10.0,0.57576,10.0
1753592096111,04:54:56.111,binance,A/USDT:USDT,0.5757,95.0,0.57568,38.0,0.57573,10.0,0.57576,10.0
1753592097214,04:54:57.214,binance,A/USDT:USDT,0.5757,95.0,0.57568,38.0,0.57573,10.0,0.57576,10.0
1753592097430,04:54:57.430,binance,A/USDT:USDT,0.5757,95.0,0.57569,211.0,0.57573,10.0,0.57576,10.0
1753592098002,04:54:58.002,binance,A/USDT:USDT,0.5757,95.0,0.57569,211.0,0.57573,10.0,0.57576,10.0
1753592098111,04:54:58.111,binance,A/USDT:USDT,0.57572,188.0,0.57571,523.0,0.57573,10.0,0.5758,29.0
1753592098213,04:54:58.213,binance,A/USDT:USDT,0.57572,188.0,0.57571,523.0,0.57573,10.0,0.5758,29.0
1753592098359,04:54:58.359,binance,A/USDT:USDT,0.57572,188.0,0.57571,523.0,0.57573,10.0,0.5758,29.0
1753592098460,04:54:58.460,binance,A/USDT:USDT,0.57572,188.0,0.57571,523.0,0.57573,10.0,0.5758,29.0
1753592098701,04:54:58.701,binance,A/USDT:USDT,0.57572,188.0,0.57571,523.0,0.57573,10.0,0.57576,78.0
1753592098804,04:54:58.804,binance,A/USDT:USDT,0.57572,188.0,0.57571,523.0,0.57573,10.0,0.5758,29.0
1753592099195,04:54:59.195,binance,A/USDT:USDT,0.57572,188.0,0.57571,523.0,0.57573,10.0,0.57582,56.0
1753592099471,04:54:59.471,binance,A/USDT:USDT,0.57572,188.0,0.57571,523.0,0.57573,10.0,0.57582,56.0
1753592099601,04:54:59.601,binance,A/USDT:USDT,0.57572,188.0,0.57571,523.0,0.57573,10.0,0.57582,56.0
1753592099721,04:54:59.721,binance,A/USDT:USDT,0.57572,250.0,0.57571,523.0,0.57573,10.0,0.57577,78.0
1753592099875,04:54:59.875,binance,A/USDT:USDT,0.57572,250.0,0.57571,523.0,0.57573,10.0,0.57577,78.0
1753592100222,04:55:00.222,binance,A/USDT:USDT,0.57572,62.0,0.5757,33.0,0.57573,10.0,0.57577,78.0
1753592100325,04:55:00.325,binance,A/USDT:USDT,0.57572,62.0,0.5757,33.0,0.57573,311.0,0.57577,78.0
1753592100428,04:55:00.428,binance,A/USDT:USDT,0.57572,62.0,0.5757,33.0,0.57573,20.0,0.57577,79.0
1753592100535,04:55:00.535,binance,A/USDT:USDT,0.57572,62.0,0.5757,33.0,0.57573,20.0,0.5758,29.0
1753592100646,04:55:00.646,binance,A/USDT:USDT,0.57572,62.0,0.5757,33.0,0.57573,20.0,0.57578,79.0
1753592100749,04:55:00.749,binance,A/USDT:USDT,0.57572,62.0,0.5757,33.0,0.57573,20.0,0.57578,79.0
1753592100881,04:55:00.881,binance,A/USDT:USDT,0.57572,62.0,0.5757,33.0,0.57573,20.0,0.57578,79.0
1753592101111,04:55:01.111,binance,A/USDT:USDT,0.57572,62.0,0.5757,33.0,0.57573,20.0,0.57578,79.0
1753592101231,04:55:01.231,binance,A/USDT:USDT,0.57572,62.0,0.5757,33.0,0.57573,20.0,0.57578,79.0
1753592101438,04:55:01.438,binance,A/USDT:USDT,0.57572,77.0,0.5757,33.0,0.57573,20.0,0.5758,29.0
1753592101690,04:55:01.690,binance,A/USDT:USDT,0.57572,77.0,0.5757,33.0,0.57573,20.0,0.5758,29.0
1753592101916,04:55:01.916,binance,A/USDT:USDT,0.57572,77.0,0.5757,42.0,0.57573,20.0,0.5758,29.0
1753592102091,04:55:02.091,binance,A/USDT:USDT,0.57572,77.0,0.5757,42.0,0.57573,20.0,0.5758,29.0
1753592102402,04:55:02.402,binance,A/USDT:USDT,0.57572,77.0,0.5757,42.0,0.57573,20.0,0.5758,29.0
1753592102506,04:55:02.506,binance,A/USDT:USDT,0.57572,77.0,0.5757,42.0,0.57573,20.0,0.5758,29.0
1753592102743,04:55:02.743,binance,A/USDT:USDT,0.57572,77.0,0.5757,42.0,0.57573,20.0,0.5758,29.0
1753592102849,04:55:02.849,binance,A/USDT:USDT,0.57572,77.0,0.5757,42.0,0.57573,20.0,0.5758,29.0
1753592102997,04:55:02.997,binance,A/USDT:USDT,0.57572,77.0,0.5757,42.0,0.57573,20.0,0.5758,29.0
1753592103100,04:55:03.100,binance,A/USDT:USDT,0.57572,77.0,0.5757,42.0,0.57573,20.0,0.5758,29.0
1753592103217,04:55:03.217,binance,A/USDT:USDT,0.57572,77.0,0.5757,42.0,0.57573,20.0,0.5758,29.0
1753592103702,04:55:03.702,binance,A/USDT:USDT,0.57572,77.0,0.5757,42.0,0.57573,20.0,0.5758,29.0
1753592103809,04:55:03.809,binance,A/USDT:USDT,0.57572,77.0,0.5757,42.0,0.57573,20.0,0.5758,29.0
1753592104112,04:55:04.112,binance,A/USDT:USDT,0.57572,77.0,0.5757,42.0,0.57573,20.0,0.5758,29.0
1753592105112,04:55:05.112,binance,A/USDT:USDT,0.57572,77.0,0.5757,42.0,0.57573,20.0,0.5758,29.0
1753592105502,04:55:05.502,binance,A/USDT:USDT,0.57572,77.0,0.5757,42.0,0.57573,20.0,0.5758,29.0
1753592106103,04:55:06.103,binance,A/USDT:USDT,0.57572,77.0,0.5757,42.0,0.57573,20.0,0.5758,29.0
1753592106297,04:55:06.297,binance,A/USDT:USDT,0.57572,77.0,0.5757,42.0,0.57573,20.0,0.57576,79.0
1753592106691,04:55:06.691,binance,A/USDT:USDT,0.57572,77.0,0.5757,42.0,0.57573,20.0,0.57576,79.0
1753592106816,04:55:06.816,binance,A/USDT:USDT,0.57572,77.0,0.5757,42.0,0.57573,20.0,0.57576,79.0
1753592107115,04:55:07.115,binance,A/USDT:USDT,0.57572,77.0,0.5757,42.0,0.57573,20.0,0.57576,79.0
1753592107302,04:55:07.302,binance,A/USDT:USDT,0.57572,77.0,0.5757,42.0,0.57573,20.0,0.5758,29.0
1753592107408,04:55:07.408,binance,A/USDT:USDT,0.57572,77.0,0.5757,42.0,0.57573,20.0,0.5758,29.0
1753592107589,04:55:07.589,binance,A/USDT:USDT,0.57572,77.0,0.5757,42.0,0.57573,20.0,0.5758,29.0
1753592107751,04:55:07.751,binance,A/USDT:USDT,0.57572,77.0,0.5757,42.0,0.57573,234.0,0.57577,79.0
1753592107854,04:55:07.854,binance,A/USDT:USDT,0.57572,77.0,0.5757,42.0,0.57573,20.0,0.57577,79.0
1753592108117,04:55:08.117,binance,A/USDT:USDT,0.57572,77.0,0.5757,42.0,0.57573,20.0,0.5758,29.0
1753592108506,04:55:08.506,binance,A/USDT:USDT,0.57572,77.0,0.5757,42.0,0.57573,20.0,0.5758,29.0
1753592108754,04:55:08.754,binance,A/USDT:USDT,0.57572,77.0,0.5757,42.0,0.57573,20.0,0.5758,29.0
1753592108857,04:55:08.857,binance,A/USDT:USDT,0.57572,77.0,0.5757,42.0,0.57573,20.0,0.5758,29.0
1753592109112,04:55:09.112,binance,A/USDT:USDT,0.57572,77.0,0.5757,42.0,0.57573,20.0,0.5758,29.0
1753592109305,04:55:09.305,binance,A/USDT:USDT,0.57572,77.0,0.5757,42.0,0.57573,20.0,0.5758,29.0
1753592109410,04:55:09.410,binance,A/USDT:USDT,0.57572,77.0,0.5757,42.0,0.57573,20.0,0.57575,79.0
1753592109513,04:55:09.513,binance,A/USDT:USDT,0.57572,77.0,0.5757,42.0,0.57573,20.0,0.5758,108.0
1753592109841,04:55:09.841,binance,A/USDT:USDT,0.57572,77.0,0.5757,42.0,0.57573,20.0,0.5758,108.0
1753592110111,04:55:10.111,binance,A/USDT:USDT,0.57572,77.0,0.5757,42.0,0.57573,20.0,0.5758,108.0
1753592110522,04:55:10.522,binance,A/USDT:USDT,0.57572,77.0,0.5757,42.0,0.57573,20.0,0.5758,29.0
1753592110630,04:55:10.630,binance,A/USDT:USDT,0.57572,77.0,0.5757,42.0,0.57573,20.0,0.5758,29.0
1753592110971,04:55:10.971,binance,A/USDT:USDT,0.57572,77.0,0.5757,42.0,0.57573,20.0,0.57575,79.0
1753592111076,04:55:11.076,binance,A/USDT:USDT,0.57572,77.0,0.5757,42.0,0.57573,20.0,0.57575,79.0
1753592111298,04:55:11.298,binance,A/USDT:USDT,0.57572,90.0,0.5757,42.0,0.57573,20.0,0.57575,79.0
1753592111428,04:55:11.428,binance,A/USDT:USDT,0.57572,90.0,0.5757,42.0,0.57573,20.0,0.5758,108.0
1753592111534,04:55:11.534,binance,A/USDT:USDT,0.57572,90.0,0.5757,42.0,0.57573,20.0,0.5758,108.0
1753592111670,04:55:11.670,binance,A/USDT:USDT,0.57572,90.0,0.5757,42.0,0.57573,20.0,0.5758,108.0
1753592111773,04:55:11.773,binance,A/USDT:USDT,0.57572,90.0,0.5757,42.0,0.57573,20.0,0.5758,29.0
1753592112018,04:55:12.018,binance,A/USDT:USDT,0.57572,90.0,0.5757,42.0,0.57573,20.0,0.5758,29.0
1753592112123,04:55:12.123,binance,A/USDT:USDT,0.57572,90.0,0.5757,42.0,0.57573,20.0,0.5758,29.0
1753592112258,04:55:12.258,binance,A/USDT:USDT,0.57572,90.0,0.5757,42.0,0.57573,20.0,0.5758,29.0
1753592112802,04:55:12.802,binance,A/USDT:USDT,0.57572,90.0,0.5757,33.0,0.57573,234.0,0.57576,79.0
1753592112905,04:55:12.905,binance,A/USDT:USDT,0.57572,90.0,0.5757,33.0,0.57573,234.0,0.57576,79.0
1753592113048,04:55:13.048,binance,A/USDT:USDT,0.57572,90.0,0.5757,33.0,0.57573,234.0,0.57576,79.0
1753592113641,04:55:13.641,binance,A/USDT:USDT,0.57572,90.0,0.5757,33.0,0.57573,234.0,0.57576,79.0
1753592113846,04:55:13.846,binance,A/USDT:USDT,0.57572,1269.0,0.5757,33.0,0.57573,20.0,0.5758,190.0
1753592114111,04:55:14.111,binance,A/USDT:USDT,0.57572,1269.0,0.5757,33.0,0.57573,20.0,0.5758,29.0
1753592114502,04:55:14.502,binance,A/USDT:USDT,0.57572,1269.0,0.5757,33.0,0.57573,20.0,0.5758,29.0
1753592115202,04:55:15.202,binance,A/USDT:USDT,0.57572,1269.0,0.5757,33.0,0.57573,20.0,0.5758,29.0
1753592115702,04:55:15.702,binance,A/USDT:USDT,0.57572,1269.0,0.5757,33.0,0.57573,20.0,0.5758,29.0
1753592116013,04:55:16.013,binance,A/USDT:USDT,0.57572,1269.0,0.5757,33.0,0.57573,20.0,0.5758,29.0
1753592116118,04:55:16.118,binance,A/USDT:USDT,0.57572,1269.0,0.5757,33.0,0.57573,20.0,0.5758,29.0
1753592116302,04:55:16.302,binance,A/USDT:USDT,0.57572,1269.0,0.5757,33.0,0.57573,20.0,0.5758,29.0
1753592116415,04:55:16.415,binance,A/USDT:USDT,0.57572,1269.0,0.5757,33.0,0.57573,20.0,0.5758,29.0
1753592116761,04:55:16.761,binance,A/USDT:USDT,0.57572,1269.0,0.5757,33.0,0.57573,20.0,0.5758,29.0
1753592117111,04:55:17.111,binance,A/USDT:USDT,0.57572,1269.0,0.5757,33.0,0.57573,20.0,0.5758,29.0
1753592117241,04:55:17.241,binance,A/USDT:USDT,0.57572,1269.0,0.5757,33.0,0.57573,20.0,0.5758,29.0
1753592117402,04:55:17.402,binance,A/USDT:USDT,0.57572,1269.0,0.5757,33.0,0.57573,20.0,0.5758,29.0
1753592118111,04:55:18.111,binance,A/USDT:USDT,0.57572,1269.0,0.5757,33.0,0.57573,20.0,0.5758,29.0
1753592119110,04:55:19.110,binance,A/USDT:USDT,0.57572,1269.0,0.5757,33.0,0.57573,20.0,0.5758,29.0
1753592119434,04:55:19.434,binance,A/USDT:USDT,0.57572,1269.0,0.5757,33.0,0.57573,20.0,0.5758,29.0
1753592119740,04:55:19.740,binance,A/USDT:USDT,0.57572,1269.0,0.5757,33.0,0.57573,20.0,0.5758,29.0
1753592120111,04:55:20.111,binance,A/USDT:USDT,0.57572,1269.0,0.5757,33.0,0.57573,20.0,0.5758,29.0
1753592120440,04:55:20.440,binance,A/USDT:USDT,0.57572,1269.0,0.5757,33.0,0.57573,20.0,0.5758,29.0
1753592120600,04:55:20.600,binance,A/USDT:USDT,0.57572,1269.0,0.5757,33.0,0.57573,20.0,0.5758,29.0
1753592120900,04:55:20.900,binance,A/USDT:USDT,0.57572,1269.0,0.5757,33.0,0.57573,20.0,0.5758,29.0
1753592121110,04:55:21.110,binance,A/USDT:USDT,0.57572,1269.0,0.5757,33.0,0.57573,20.0,0.5758,29.0
1753592121215,04:55:21.215,binance,A/USDT:USDT,0.57557,684.0,0.57556,66.0,0.57566,87.0,0.57568,139.0
1753592121318,04:55:21.318,binance,A/USDT:USDT,0.57557,684.0,0.57556,66.0,0.57564,87.0,0.57568,139.0
