timestamp,time,symbol,bid1_price,bid1_volume,bid2_price,bid2_volume,ask1_price,ask1_volume,ask2_price,ask2_volume
1753546953000,16:22:33.000,1INCH/USDT:USDT,0.2827,217.0,0.2826,727.0,0.2829,214.0,0.283,937.0
1753546954847,16:22:34.847,1INCH/USDT:USDT,0.2827,217.0,0.2826,727.0,0.2829,214.0,0.283,937.0
1753546958930,16:22:38.930,1INCH/USDT:USDT,0.2827,217.0,0.2826,727.0,0.2829,214.0,0.283,937.0
1753546959349,16:22:39.349,1INCH/USDT:USDT,0.2827,217.0,0.2826,727.0,0.2829,214.0,0.283,937.0
1753546959647,16:22:39.647,1INCH/USDT:USDT,0.2827,217.0,0.2826,727.0,0.2829,214.0,0.283,937.0
1753546959969,16:22:39.969,1INCH/USDT:USDT,0.2827,217.0,0.2826,727.0,0.283,210.0,0.2831,9052.0
1753546960009,16:22:40.009,1INCH/USDT:USDT,0.2827,217.0,0.2826,727.0,0.283,210.0,0.2831,9052.0
1753546960090,16:22:40.090,1INCH/USDT:USDT,0.2827,217.0,0.2826,727.0,0.283,210.0,0.2831,9052.0
1753546960200,16:22:40.200,1INCH/USDT:USDT,0.2827,217.0,0.2826,727.0,0.283,210.0,0.2831,9052.0
1753546960614,16:22:40.614,1INCH/USDT:USDT,0.2827,217.0,0.2826,727.0,0.2829,220.0,0.283,937.0
1753546960918,16:22:40.918,1INCH/USDT:USDT,0.2827,217.0,0.2826,727.0,0.283,210.0,0.2831,9052.0
1753546961329,16:22:41.329,1INCH/USDT:USDT,0.2827,217.0,0.2826,727.0,0.283,210.0,0.2831,9052.0
1753546961475,16:22:41.475,1INCH/USDT:USDT,0.2827,217.0,0.2826,727.0,0.283,210.0,0.2831,9052.0
1753546963504,16:22:43.504,1INCH/USDT:USDT,0.2827,217.0,0.2826,727.0,0.283,210.0,0.2831,9052.0
1753546964448,16:22:44.448,1INCH/USDT:USDT,0.2827,217.0,0.2826,727.0,0.283,210.0,0.2831,9052.0
1753546969270,16:22:49.270,1INCH/USDT:USDT,0.2827,217.0,0.2826,727.0,0.283,210.0,0.2831,9052.0
1753546969296,16:22:49.296,1INCH/USDT:USDT,0.2827,217.0,0.2826,727.0,0.283,210.0,0.2831,9052.0
1753546970996,16:22:50.996,1INCH/USDT:USDT,0.2827,217.0,0.2826,727.0,0.283,210.0,0.2831,9052.0
1753546972154,16:22:52.154,1INCH/USDT:USDT,0.2827,217.0,0.2826,727.0,0.2829,214.0,0.283,937.0
1753546972198,16:22:52.198,1INCH/USDT:USDT,0.2827,217.0,0.2826,727.0,0.2829,214.0,0.283,937.0
1753546972328,16:22:52.328,1INCH/USDT:USDT,0.2827,217.0,0.2826,727.0,0.2829,214.0,0.283,937.0
1753546972406,16:22:52.406,1INCH/USDT:USDT,0.2827,217.0,0.2826,727.0,0.283,210.0,0.2831,9052.0
1753546972617,16:22:52.617,1INCH/USDT:USDT,0.2827,217.0,0.2826,727.0,0.283,210.0,0.2831,9052.0
1753546974047,16:22:54.047,1INCH/USDT:USDT,0.2827,217.0,0.2826,727.0,0.283,210.0,0.2831,9052.0
1753546974250,16:22:54.250,1INCH/USDT:USDT,0.2827,217.0,0.2826,727.0,0.283,210.0,0.2831,9052.0
1753546975018,16:22:55.018,1INCH/USDT:USDT,0.2827,217.0,0.2826,727.0,0.283,210.0,0.2831,9052.0
1753546978861,16:22:58.861,1INCH/USDT:USDT,0.2827,217.0,0.2826,727.0,0.283,210.0,0.2831,9052.0
1753546980139,16:23:00.139,1INCH/USDT:USDT,0.2827,217.0,0.2826,727.0,0.2829,213.0,0.283,937.0
1753546980214,16:23:00.214,1INCH/USDT:USDT,0.2827,217.0,0.2826,727.0,0.2829,213.0,0.283,937.0
1753546980299,16:23:00.299,1INCH/USDT:USDT,0.2827,217.0,0.2826,727.0,0.2829,213.0,0.283,937.0
1753546981122,16:23:01.122,1INCH/USDT:USDT,0.2826,727.0,0.2825,211.0,0.2829,213.0,0.283,937.0
1753546981597,16:23:01.597,1INCH/USDT:USDT,0.2827,213.0,0.2826,727.0,0.2829,213.0,0.283,937.0
1753546981899,16:23:01.899,1INCH/USDT:USDT,0.2826,727.0,0.2825,211.0,0.2829,213.0,0.283,937.0
1753546982068,16:23:02.068,1INCH/USDT:USDT,0.2825,213.0,0.2824,2542.0,0.2829,213.0,0.283,937.0
1753546982144,16:23:02.144,1INCH/USDT:USDT,0.2825,213.0,0.2824,727.0,0.2829,213.0,0.283,2752.0
1753546982365,16:23:02.365,1INCH/USDT:USDT,0.2825,213.0,0.2824,727.0,0.2829,213.0,0.283,2752.0
1753546982473,16:23:02.473,1INCH/USDT:USDT,0.2825,213.0,0.2824,727.0,0.2828,1815.0,0.2829,213.0
1753546982569,16:23:02.569,1INCH/USDT:USDT,0.2825,213.0,0.2824,727.0,0.2827,213.0,0.2828,1815.0
1753546982639,16:23:02.639,1INCH/USDT:USDT,0.2825,213.0,0.2824,727.0,0.2829,213.0,0.283,2752.0
1753546982693,16:23:02.693,1INCH/USDT:USDT,0.2825,213.0,0.2824,727.0,0.2829,213.0,0.283,2752.0
1753546982807,16:23:02.807,1INCH/USDT:USDT,0.2825,213.0,0.2824,727.0,0.2829,213.0,0.283,2752.0
1753546983596,16:23:03.596,1INCH/USDT:USDT,0.2825,213.0,0.2824,727.0,0.2827,213.0,0.2829,213.0
1753546983753,16:23:03.753,1INCH/USDT:USDT,0.2825,213.0,0.2824,727.0,0.2829,213.0,0.283,2752.0
1753546986249,16:23:06.249,1INCH/USDT:USDT,0.2825,213.0,0.2824,727.0,0.2829,213.0,0.283,2752.0
1753546986349,16:23:06.349,1INCH/USDT:USDT,0.2825,213.0,0.2824,727.0,0.2829,213.0,0.283,2752.0
1753546986674,16:23:06.674,1INCH/USDT:USDT,0.2825,213.0,0.2824,727.0,0.2829,213.0,0.283,2752.0
1753546986699,16:23:06.699,1INCH/USDT:USDT,0.2825,213.0,0.2824,727.0,0.2829,213.0,0.283,2752.0
1753546987080,16:23:07.080,1INCH/USDT:USDT,0.2825,213.0,0.2824,727.0,0.2829,213.0,0.283,2752.0
1753546987518,16:23:07.518,1INCH/USDT:USDT,0.2825,213.0,0.2824,727.0,0.2829,213.0,0.283,2752.0
1753546989520,16:23:09.520,1INCH/USDT:USDT,0.2825,213.0,0.2824,727.0,0.2829,213.0,0.283,2752.0
1753546990961,16:23:10.961,1INCH/USDT:USDT,0.2825,213.0,0.2824,727.0,0.2829,213.0,0.283,2752.0
1753546991048,16:23:11.048,1INCH/USDT:USDT,0.2825,213.0,0.2824,727.0,0.2829,213.0,0.283,2752.0
1753546991132,16:23:11.132,1INCH/USDT:USDT,0.2827,211.0,0.2825,213.0,0.2829,213.0,0.283,2752.0
1753546991273,16:23:11.273,1INCH/USDT:USDT,0.2826,727.0,0.2825,213.0,0.2829,213.0,0.283,2752.0
1753546991281,16:23:11.281,1INCH/USDT:USDT,0.2827,211.0,0.2826,727.0,0.2829,213.0,0.283,2752.0
1753546991394,16:23:11.394,1INCH/USDT:USDT,0.2827,211.0,0.2826,727.0,0.2829,213.0,0.283,2752.0
1753546993959,16:23:13.959,1INCH/USDT:USDT,0.2827,211.0,0.2826,727.0,0.2829,213.0,0.283,937.0
1753546993999,16:23:13.999,1INCH/USDT:USDT,0.2827,211.0,0.2826,727.0,0.2829,213.0,0.283,937.0
1753546994120,16:23:14.120,1INCH/USDT:USDT,0.2827,211.0,0.2826,727.0,0.2829,213.0,0.283,937.0
1753546995848,16:23:15.848,1INCH/USDT:USDT,0.2827,211.0,0.2826,727.0,0.2829,213.0,0.283,937.0
1753546996358,16:23:16.358,1INCH/USDT:USDT,0.2827,211.0,0.2826,727.0,0.283,210.0,0.2831,9052.0
1753546996456,16:23:16.456,1INCH/USDT:USDT,0.2827,211.0,0.2826,727.0,0.283,210.0,0.2831,9052.0
1753546996571,16:23:16.571,1INCH/USDT:USDT,0.2827,211.0,0.2826,727.0,0.2829,211.0,0.283,937.0
1753546996581,16:23:16.581,1INCH/USDT:USDT,0.2827,211.0,0.2826,727.0,0.2829,211.0,0.283,937.0
1753546996758,16:23:16.758,1INCH/USDT:USDT,0.2827,211.0,0.2826,727.0,0.283,210.0,0.2831,9052.0
1753546997107,16:23:17.107,1INCH/USDT:USDT,0.2827,211.0,0.2826,727.0,0.2829,211.0,0.283,210.0
1753546997236,16:23:17.236,1INCH/USDT:USDT,0.2827,211.0,0.2826,727.0,0.283,210.0,0.2831,9052.0
1753546998237,16:23:18.237,1INCH/USDT:USDT,0.2827,211.0,0.2826,727.0,0.2829,211.0,0.283,2752.0
1753546998525,16:23:18.525,1INCH/USDT:USDT,0.2827,211.0,0.2826,727.0,0.283,210.0,0.2831,9052.0
1753547000648,16:23:20.648,1INCH/USDT:USDT,0.2827,211.0,0.2826,727.0,0.283,210.0,0.2831,9052.0
1753547001420,16:23:21.420,1INCH/USDT:USDT,0.2827,211.0,0.2826,727.0,0.2829,213.0,0.283,937.0
1753547002540,16:23:22.540,1INCH/USDT:USDT,0.2827,211.0,0.2826,727.0,0.2829,213.0,0.283,937.0
1753547003369,16:23:23.369,1INCH/USDT:USDT,0.2827,211.0,0.2826,727.0,0.2829,213.0,0.283,210.0
1753547003393,16:23:23.393,1INCH/USDT:USDT,0.2827,211.0,0.2826,727.0,0.283,210.0,0.2831,9052.0
1753547004916,16:23:24.916,1INCH/USDT:USDT,0.2827,211.0,0.2826,727.0,0.2829,213.0,0.283,937.0
1753547005218,16:23:25.218,1INCH/USDT:USDT,0.2827,211.0,0.2826,727.0,0.283,210.0,0.2831,9052.0
1753547005457,16:23:25.457,1INCH/USDT:USDT,0.2827,211.0,0.2826,727.0,0.283,210.0,0.2831,9052.0
1753547005507,16:23:25.507,1INCH/USDT:USDT,0.2827,211.0,0.2826,727.0,0.2829,213.0,0.283,937.0
1753547005668,16:23:25.668,1INCH/USDT:USDT,0.2827,211.0,0.2826,727.0,0.2829,213.0,0.283,937.0
1753547005701,16:23:25.701,1INCH/USDT:USDT,0.2827,211.0,0.2826,727.0,0.2829,213.0,0.283,937.0
1753547007527,16:23:27.527,1INCH/USDT:USDT,0.2827,211.0,0.2826,727.0,0.283,210.0,0.2831,9052.0
1753547007625,16:23:27.625,1INCH/USDT:USDT,0.2827,211.0,0.2826,727.0,0.283,210.0,0.2831,9052.0
1753547007853,16:23:27.853,1INCH/USDT:USDT,0.2827,211.0,0.2826,727.0,0.2829,213.0,0.283,2025.0
1753547007923,16:23:27.923,1INCH/USDT:USDT,0.2827,211.0,0.2826,727.0,0.2829,213.0,0.283,210.0
1753547007997,16:23:27.997,1INCH/USDT:USDT,0.2827,211.0,0.2826,727.0,0.283,210.0,0.2831,9052.0
1753547009235,16:23:29.235,1INCH/USDT:USDT,0.2827,211.0,0.2826,727.0,0.283,210.0,0.2831,9052.0
1753547009443,16:23:29.443,1INCH/USDT:USDT,0.2827,211.0,0.2826,727.0,0.2829,220.0,0.283,2752.0
1753547010140,16:23:30.140,1INCH/USDT:USDT,0.2827,211.0,0.2826,727.0,0.2829,220.0,0.283,937.0
1753547010249,16:23:30.249,1INCH/USDT:USDT,0.2827,211.0,0.2826,727.0,0.2829,220.0,0.283,937.0
1753547010660,16:23:30.660,1INCH/USDT:USDT,0.2826,727.0,0.2825,213.0,0.2829,220.0,0.283,937.0
1753547010763,16:23:30.763,1INCH/USDT:USDT,0.2827,220.0,0.2826,727.0,0.2829,220.0,0.283,2752.0
1753547014246,16:23:34.246,1INCH/USDT:USDT,0.2826,727.0,0.2825,213.0,0.2829,220.0,0.283,2752.0
1753547014291,16:23:34.291,1INCH/USDT:USDT,0.2827,220.0,0.2826,727.0,0.2829,220.0,0.283,2752.0
1753547015048,16:23:35.048,1INCH/USDT:USDT,0.2827,220.0,0.2826,727.0,0.2829,220.0,0.283,2752.0
1753547015862,16:23:35.862,1INCH/USDT:USDT,0.2827,220.0,0.2826,727.0,0.2829,220.0,0.283,937.0
1753547015912,16:23:35.912,1INCH/USDT:USDT,0.2827,220.0,0.2826,727.0,0.2829,220.0,0.283,937.0
1753547017160,16:23:37.160,1INCH/USDT:USDT,0.2827,220.0,0.2826,727.0,0.2829,220.0,0.283,2752.0
1753547019848,16:23:39.848,1INCH/USDT:USDT,0.2827,220.0,0.2826,727.0,0.2829,220.0,0.283,2752.0
1753547020085,16:23:40.085,1INCH/USDT:USDT,0.2827,220.0,0.2826,727.0,0.2829,220.0,0.283,937.0
1753547021181,16:23:41.181,1INCH/USDT:USDT,0.2827,220.0,0.2826,727.0,0.2829,220.0,0.283,2752.0
1753547024649,16:23:44.649,1INCH/USDT:USDT,0.2827,220.0,0.2826,727.0,0.2829,220.0,0.283,2752.0
1753547024767,16:23:44.767,1INCH/USDT:USDT,0.2825,213.0,0.2824,2542.0,0.2829,220.0,0.283,2752.0
1753547025832,16:23:45.832,1INCH/USDT:USDT,0.2826,727.0,0.2825,213.0,0.2829,220.0,0.283,2752.0
1753547025890,16:23:45.890,1INCH/USDT:USDT,0.2827,217.0,0.2826,727.0,0.2829,220.0,0.283,2752.0
1753547026007,16:23:46.007,1INCH/USDT:USDT,0.2825,213.0,0.2824,727.0,0.2829,220.0,0.283,2752.0
1753547026410,16:23:46.410,1INCH/USDT:USDT,0.2825,213.0,0.2824,727.0,0.2829,220.0,0.283,2752.0
1753547028547,16:23:48.547,1INCH/USDT:USDT,0.2825,213.0,0.2824,727.0,0.2829,220.0,0.283,2752.0
1753547028839,16:23:48.839,1INCH/USDT:USDT,0.2825,213.0,0.2824,727.0,0.2829,220.0,0.283,2752.0
1753547029043,16:23:49.043,1INCH/USDT:USDT,0.2825,213.0,0.2824,727.0,0.2829,220.0,0.283,2752.0
1753547029449,16:23:49.449,1INCH/USDT:USDT,0.2825,213.0,0.2824,727.0,0.2829,220.0,0.283,2752.0
1753547032260,16:23:52.260,1INCH/USDT:USDT,0.2825,213.0,0.2824,727.0,0.2829,220.0,0.283,2752.0
1753547032295,16:23:52.295,1INCH/USDT:USDT,0.2825,213.0,0.2824,727.0,0.2829,220.0,0.283,2752.0
1753547032829,16:23:52.829,1INCH/USDT:USDT,0.2825,213.0,0.2824,727.0,0.2829,220.0,0.283,2752.0
1753547032950,16:23:52.950,1INCH/USDT:USDT,0.2825,213.0,0.2824,727.0,0.2829,220.0,0.283,2752.0
1753547034249,16:23:54.249,1INCH/USDT:USDT,0.2825,213.0,0.2824,727.0,0.2829,220.0,0.283,2752.0
1753547034451,16:23:54.451,1INCH/USDT:USDT,0.2825,213.0,0.2824,727.0,0.2829,220.0,0.283,2752.0
1753547034771,16:23:54.771,1INCH/USDT:USDT,0.2825,213.0,0.2824,727.0,0.2829,220.0,0.283,2752.0
1753547035683,16:23:55.683,1INCH/USDT:USDT,0.2825,213.0,0.2824,727.0,0.2829,220.0,0.283,2752.0
1753547036020,16:23:56.020,1INCH/USDT:USDT,0.2825,213.0,0.2824,727.0,0.2829,220.0,0.283,2752.0
1753547036082,16:23:56.082,1INCH/USDT:USDT,0.2825,213.0,0.2824,727.0,0.2829,220.0,0.283,2752.0
1753547036596,16:23:56.596,1INCH/USDT:USDT,0.2825,213.0,0.2824,727.0,0.2829,220.0,0.283,2752.0
1753547038357,16:23:58.357,1INCH/USDT:USDT,0.2825,213.0,0.2824,727.0,0.2829,220.0,0.283,2752.0
1753547039049,16:23:59.049,1INCH/USDT:USDT,0.2825,213.0,0.2824,727.0,0.2829,220.0,0.283,2752.0
1753547039194,16:23:59.194,1INCH/USDT:USDT,0.2825,213.0,0.2824,727.0,0.2829,220.0,0.283,2752.0
1753547039353,16:23:59.353,1INCH/USDT:USDT,0.2825,213.0,0.2824,727.0,0.2829,220.0,0.283,2752.0
1753547043849,16:24:03.849,1INCH/USDT:USDT,0.2825,213.0,0.2824,727.0,0.2829,220.0,0.283,2752.0
1753547044638,16:24:04.638,1INCH/USDT:USDT,0.2827,216.0,0.2826,727.0,0.2829,220.0,0.283,2752.0
1753547044725,16:24:04.725,1INCH/USDT:USDT,0.2827,216.0,0.2826,727.0,0.2829,220.0,0.283,2752.0
1753547044939,16:24:04.939,1INCH/USDT:USDT,0.2827,216.0,0.2826,727.0,0.2829,220.0,0.283,2752.0
1753547045198,16:24:05.198,1INCH/USDT:USDT,0.2827,216.0,0.2826,727.0,0.2829,220.0,0.283,2752.0
1753547045356,16:24:05.356,1INCH/USDT:USDT,0.2827,216.0,0.2826,727.0,0.2829,220.0,0.283,2752.0
1753547046150,16:24:06.150,1INCH/USDT:USDT,0.2827,216.0,0.2826,727.0,0.2829,220.0,0.283,2752.0
1753547048267,16:24:08.267,1INCH/USDT:USDT,0.2827,216.0,0.2826,727.0,0.283,210.0,0.2831,9052.0
1753547048509,16:24:08.509,1INCH/USDT:USDT,0.2827,216.0,0.2826,727.0,0.2829,216.0,0.283,937.0
1753547048661,16:24:08.661,1INCH/USDT:USDT,0.2827,216.0,0.2826,727.0,0.2829,216.0,0.283,937.0
1753547050975,16:24:10.975,1INCH/USDT:USDT,0.2827,216.0,0.2826,727.0,0.2829,216.0,0.283,210.0
1753547050979,16:24:10.979,1INCH/USDT:USDT,0.2827,216.0,0.2826,727.0,0.283,210.0,0.2831,9052.0
1753547052448,16:24:12.448,1INCH/USDT:USDT,0.2827,216.0,0.2826,727.0,0.283,210.0,0.2831,9052.0
1753547053309,16:24:13.309,1INCH/USDT:USDT,0.2827,216.0,0.2826,727.0,0.283,210.0,0.2831,9052.0
1753547053449,16:24:13.449,1INCH/USDT:USDT,0.2827,216.0,0.2826,727.0,0.283,210.0,0.2831,9052.0
1753547053816,16:24:13.816,1INCH/USDT:USDT,0.2827,216.0,0.2826,727.0,0.283,210.0,0.2831,9052.0
1753547053965,16:24:13.965,1INCH/USDT:USDT,0.2827,216.0,0.2826,727.0,0.283,210.0,0.2831,9052.0
1753547053991,16:24:13.991,1INCH/USDT:USDT,0.2827,216.0,0.2826,727.0,0.283,210.0,0.2831,9052.0
1753547054561,16:24:14.561,1INCH/USDT:USDT,0.2827,216.0,0.2826,727.0,0.283,210.0,0.2831,9052.0
1753547055340,16:24:15.340,1INCH/USDT:USDT,0.2827,216.0,0.2826,727.0,0.2829,220.0,0.283,937.0
1753547056023,16:24:16.023,1INCH/USDT:USDT,0.2827,216.0,0.2826,727.0,0.283,210.0,0.2831,9052.0
1753547056484,16:24:16.484,1INCH/USDT:USDT,0.2827,216.0,0.2826,727.0,0.283,210.0,0.2831,9052.0
1753547057804,16:24:17.804,1INCH/USDT:USDT,0.2827,216.0,0.2826,727.0,0.2829,220.0,0.283,937.0
1753547058257,16:24:18.257,1INCH/USDT:USDT,0.2827,216.0,0.2826,727.0,0.2829,220.0,0.283,937.0
1753547058658,16:24:18.658,1INCH/USDT:USDT,0.2827,216.0,0.2826,727.0,0.283,210.0,0.2831,9052.0
1753547060252,16:24:20.252,1INCH/USDT:USDT,0.2827,216.0,0.2826,727.0,0.283,210.0,0.2831,9052.0
1753547061796,16:24:21.796,1INCH/USDT:USDT,0.2827,216.0,0.2826,727.0,0.283,210.0,0.2831,9052.0
1753547061904,16:24:21.904,1INCH/USDT:USDT,0.2827,216.0,0.2826,727.0,0.2829,212.0,0.283,937.0
1753547062165,16:24:22.165,1INCH/USDT:USDT,0.2827,216.0,0.2826,727.0,0.2829,212.0,0.283,937.0
1753547062438,16:24:22.438,1INCH/USDT:USDT,0.2827,216.0,0.2826,727.0,0.283,210.0,0.2831,9052.0
1753547062544,16:24:22.544,1INCH/USDT:USDT,0.2827,216.0,0.2826,727.0,0.2829,212.0,0.283,937.0
1753547063057,16:24:23.057,1INCH/USDT:USDT,0.2827,216.0,0.2826,727.0,0.2829,212.0,0.283,937.0
1753547063300,16:24:23.300,1INCH/USDT:USDT,0.2827,216.0,0.2826,727.0,0.2829,212.0,0.283,937.0
1753547064189,16:24:24.189,1INCH/USDT:USDT,0.2827,216.0,0.2826,727.0,0.2829,212.0,0.283,937.0
1753547064288,16:24:24.288,1INCH/USDT:USDT,0.2827,216.0,0.2826,727.0,0.2829,212.0,0.283,937.0
1753547064568,16:24:24.568,1INCH/USDT:USDT,0.2827,216.0,0.2826,727.0,0.2829,212.0,0.283,937.0
1753547065651,16:24:25.651,1INCH/USDT:USDT,0.2827,216.0,0.2826,727.0,0.2829,212.0,0.283,937.0
1753547065750,16:24:25.750,1INCH/USDT:USDT,0.2827,216.0,0.2826,727.0,0.2829,212.0,0.283,937.0
1753547065881,16:24:25.881,1INCH/USDT:USDT,0.2827,216.0,0.2826,727.0,0.2829,212.0,0.283,937.0
1753547067571,16:24:27.571,1INCH/USDT:USDT,0.2827,216.0,0.2826,727.0,0.2829,212.0,0.283,937.0
1753547067851,16:24:27.851,1INCH/USDT:USDT,0.2827,216.0,0.2826,727.0,0.2829,212.0,0.283,937.0
1753547067895,16:24:27.895,1INCH/USDT:USDT,0.2827,216.0,0.2826,727.0,0.2829,212.0,0.283,937.0
1753547068255,16:24:28.255,1INCH/USDT:USDT,0.2827,216.0,0.2826,727.0,0.2829,212.0,0.283,937.0
1753547068942,16:24:28.942,1INCH/USDT:USDT,0.2827,216.0,0.2826,727.0,0.2829,212.0,0.283,937.0
1753547069097,16:24:29.097,1INCH/USDT:USDT,0.2827,216.0,0.2826,727.0,0.2829,212.0,0.283,937.0
1753547069523,16:24:29.523,1INCH/USDT:USDT,0.2827,216.0,0.2826,727.0,0.283,210.0,0.2831,9052.0
1753547070365,16:24:30.365,1INCH/USDT:USDT,0.2827,216.0,0.2826,727.0,0.2829,213.0,0.283,937.0
1753547070769,16:24:30.769,1INCH/USDT:USDT,0.2827,216.0,0.2826,727.0,0.2829,213.0,0.283,937.0
1753547072557,16:24:32.557,1INCH/USDT:USDT,0.2827,216.0,0.2826,727.0,0.283,210.0,0.2831,9052.0
1753547072663,16:24:32.663,1INCH/USDT:USDT,0.2827,216.0,0.2826,727.0,0.2831,218.0,0.2832,940.0
1753547072742,16:24:32.742,1INCH/USDT:USDT,0.2827,216.0,0.2826,727.0,0.2831,218.0,0.2832,940.0
1753547072820,16:24:32.820,1INCH/USDT:USDT,0.2827,216.0,0.2826,727.0,0.283,213.0,0.2831,2033.0
1753547075570,16:24:35.570,1INCH/USDT:USDT,0.2827,216.0,0.2826,727.0,0.2831,218.0,0.2832,940.0
1753547075651,16:24:35.651,1INCH/USDT:USDT,0.2829,213.0,0.2828,727.0,0.2831,218.0,0.2832,940.0
1753547075774,16:24:35.774,1INCH/USDT:USDT,0.2829,213.0,0.2828,727.0,0.2831,218.0,0.2832,940.0
1753547075840,16:24:35.840,1INCH/USDT:USDT,0.2829,213.0,0.2828,727.0,0.2831,218.0,0.2832,940.0
1753547075965,16:24:35.965,1INCH/USDT:USDT,0.2829,213.0,0.2828,727.0,0.2831,218.0,0.2832,940.0
1753547076049,16:24:36.049,1INCH/USDT:USDT,0.2829,213.0,0.2828,727.0,0.2831,218.0,0.2832,940.0
1753547076150,16:24:36.150,1INCH/USDT:USDT,0.2829,213.0,0.2828,727.0,0.2831,218.0,0.2832,940.0
1753547076226,16:24:36.226,1INCH/USDT:USDT,0.2829,213.0,0.2828,727.0,0.2831,218.0,0.2832,940.0
1753547076855,16:24:36.855,1INCH/USDT:USDT,0.2829,213.0,0.2828,727.0,0.2831,218.0,0.2832,940.0
1753547077171,16:24:37.171,1INCH/USDT:USDT,0.2829,213.0,0.2828,727.0,0.2831,218.0,0.2832,940.0
1753547077549,16:24:37.549,1INCH/USDT:USDT,0.2829,213.0,0.2828,727.0,0.2831,218.0,0.2832,940.0
1753547077649,16:24:37.649,1INCH/USDT:USDT,0.2829,213.0,0.2828,727.0,0.2831,218.0,0.2832,940.0
1753547078849,16:24:38.849,1INCH/USDT:USDT,0.2829,213.0,0.2828,727.0,0.2831,218.0,0.2832,940.0
1753547078978,16:24:38.978,1INCH/USDT:USDT,0.2829,213.0,0.2828,727.0,0.2831,218.0,0.2832,940.0
1753547080584,16:24:40.584,1INCH/USDT:USDT,0.2829,213.0,0.2828,727.0,0.2831,218.0,0.2832,940.0
1753547082075,16:24:42.075,1INCH/USDT:USDT,0.2829,213.0,0.2828,727.0,0.2831,218.0,0.2832,940.0
1753547083650,16:24:43.650,1INCH/USDT:USDT,0.2829,213.0,0.2828,727.0,0.2831,218.0,0.2832,940.0
1753547085649,16:24:45.649,1INCH/USDT:USDT,0.2829,213.0,0.2828,727.0,0.2831,218.0,0.2832,940.0
1753547085739,16:24:45.739,1INCH/USDT:USDT,0.2829,213.0,0.2828,727.0,0.2831,218.0,0.2832,940.0
1753547088450,16:24:48.450,1INCH/USDT:USDT,0.2829,213.0,0.2828,727.0,0.2831,218.0,0.2832,940.0
1753547090272,16:24:50.272,1INCH/USDT:USDT,0.2829,213.0,0.2828,727.0,0.2832,940.0,0.2833,10848.0
1753547090290,16:24:50.290,1INCH/USDT:USDT,0.2829,213.0,0.2828,727.0,0.2832,940.0,0.2833,10848.0
1753547090453,16:24:50.453,1INCH/USDT:USDT,0.2829,213.0,0.2828,727.0,0.2832,940.0,0.2833,10848.0
1753547090868,16:24:50.868,1INCH/USDT:USDT,0.2829,213.0,0.2828,727.0,0.2831,216.0,0.2832,940.0
1753547091622,16:24:51.622,1INCH/USDT:USDT,0.2829,213.0,0.2828,727.0,0.2831,216.0,0.2832,940.0
1753547092085,16:24:52.085,1INCH/USDT:USDT,0.2829,213.0,0.2828,727.0,0.2831,216.0,0.2832,940.0
1753547093257,16:24:53.257,1INCH/USDT:USDT,0.2829,213.0,0.2827,216.0,0.2831,216.0,0.2832,940.0
1753547093307,16:24:53.307,1INCH/USDT:USDT,0.2829,216.0,0.2828,727.0,0.2831,216.0,0.2832,940.0
1753547093721,16:24:53.721,1INCH/USDT:USDT,0.2829,216.0,0.2828,727.0,0.2831,216.0,0.2832,940.0
1753547098050,16:24:58.050,1INCH/USDT:USDT,0.2829,216.0,0.2828,727.0,0.2831,216.0,0.2832,940.0
1753547098234,16:24:58.234,1INCH/USDT:USDT,0.2828,727.0,0.2827,216.0,0.2831,216.0,0.2832,940.0
1753547098357,16:24:58.357,1INCH/USDT:USDT,0.2829,216.0,0.2828,727.0,0.2831,216.0,0.2832,940.0
1753547100193,16:25:00.193,1INCH/USDT:USDT,0.2828,727.0,0.2827,216.0,0.2831,216.0,0.2832,940.0
1753547100308,16:25:00.308,1INCH/USDT:USDT,0.2827,216.0,0.2826,727.0,0.2831,216.0,0.2832,940.0
1753547100568,16:25:00.568,1INCH/USDT:USDT,0.2827,216.0,0.2826,727.0,0.283,215.0,0.2831,2031.0
1753547100581,16:25:00.581,1INCH/USDT:USDT,0.2827,216.0,0.2826,727.0,0.283,215.0,0.2831,2031.0
1753547101058,16:25:01.058,1INCH/USDT:USDT,0.2827,216.0,0.2826,727.0,0.2831,216.0,0.2832,940.0
1753547101135,16:25:01.135,1INCH/USDT:USDT,0.2829,215.0,0.2828,727.0,0.2831,216.0,0.2832,940.0
1753547101421,16:25:01.421,1INCH/USDT:USDT,0.2829,215.0,0.2828,727.0,0.2831,216.0,0.2832,940.0
1753547101836,16:25:01.836,1INCH/USDT:USDT,0.2829,215.0,0.2828,727.0,0.2831,216.0,0.2832,940.0
1753547102850,16:25:02.850,1INCH/USDT:USDT,0.2829,215.0,0.2828,727.0,0.2831,216.0,0.2832,940.0
1753547103660,16:25:03.660,1INCH/USDT:USDT,0.2829,215.0,0.2828,727.0,0.2831,216.0,0.2832,213.0
1753547103700,16:25:03.700,1INCH/USDT:USDT,0.2829,215.0,0.2828,727.0,0.2832,213.0,0.2833,10848.0
1753547103804,16:25:03.804,1INCH/USDT:USDT,0.2829,215.0,0.2828,727.0,0.2831,215.0,0.2832,213.0
1753547105073,16:25:05.073,1INCH/USDT:USDT,0.2827,216.0,0.2826,727.0,0.2831,215.0,0.2832,940.0
1753547105222,16:25:05.222,1INCH/USDT:USDT,0.2827,216.0,0.2826,727.0,0.2831,215.0,0.2832,940.0
1753547105341,16:25:05.341,1INCH/USDT:USDT,0.2827,216.0,0.2826,727.0,0.2831,215.0,0.2832,940.0
1753547105459,16:25:05.459,1INCH/USDT:USDT,0.2827,216.0,0.2826,727.0,0.2831,215.0,0.2832,940.0
1753547105538,16:25:05.538,1INCH/USDT:USDT,0.2827,216.0,0.2826,727.0,0.283,215.0,0.2831,2030.0
1753547105905,16:25:05.905,1INCH/USDT:USDT,0.2827,216.0,0.2826,727.0,0.283,215.0,0.2831,2030.0
1753547106049,16:25:06.049,1INCH/USDT:USDT,0.2827,216.0,0.2826,727.0,0.283,215.0,0.2831,2030.0
1753547106149,16:25:06.149,1INCH/USDT:USDT,0.2827,216.0,0.2826,727.0,0.283,215.0,0.2831,2030.0
1753547106251,16:25:06.251,1INCH/USDT:USDT,0.2827,216.0,0.2826,727.0,0.283,215.0,0.2831,2030.0
1753547106358,16:25:06.358,1INCH/USDT:USDT,0.2827,216.0,0.2826,727.0,0.2829,215.0,0.283,942.0
1753547106559,16:25:06.559,1INCH/USDT:USDT,0.2827,216.0,0.2826,727.0,0.2829,215.0,0.283,942.0
1753547106609,16:25:06.609,1INCH/USDT:USDT,0.2827,216.0,0.2826,727.0,0.2829,215.0,0.283,942.0
1753547106766,16:25:06.766,1INCH/USDT:USDT,0.2827,216.0,0.2826,727.0,0.2829,215.0,0.283,942.0
1753547106870,16:25:06.870,1INCH/USDT:USDT,0.2827,216.0,0.2826,727.0,0.2829,215.0,0.283,942.0
1753547107657,16:25:07.657,1INCH/USDT:USDT,0.2827,216.0,0.2826,727.0,0.2829,215.0,0.283,942.0
1753547107986,16:25:07.986,1INCH/USDT:USDT,0.2827,216.0,0.2826,727.0,0.2829,215.0,0.283,942.0
1753547108616,16:25:08.616,1INCH/USDT:USDT,0.2826,727.0,0.2825,213.0,0.2829,215.0,0.283,942.0
1753547108801,16:25:08.801,1INCH/USDT:USDT,0.2826,727.0,0.2825,213.0,0.2829,215.0,0.283,942.0
1753547109220,16:25:09.220,1INCH/USDT:USDT,0.2826,727.0,0.2825,213.0,0.2829,215.0,0.283,942.0
1753547109750,16:25:09.750,1INCH/USDT:USDT,0.2827,212.0,0.2826,727.0,0.2829,215.0,0.283,942.0
1753547110035,16:25:10.035,1INCH/USDT:USDT,0.2827,212.0,0.2826,727.0,0.2829,215.0,0.283,942.0
1753547110447,16:25:10.447,1INCH/USDT:USDT,0.2827,212.0,0.2826,727.0,0.2829,215.0,0.283,942.0
1753547112453,16:25:12.453,1INCH/USDT:USDT,0.2827,212.0,0.2826,727.0,0.2829,215.0,0.283,942.0
1753547112841,16:25:12.841,1INCH/USDT:USDT,0.2825,213.0,0.2824,36438.0,0.2829,215.0,0.283,942.0
1753547112959,16:25:12.959,1INCH/USDT:USDT,0.2825,213.0,0.2824,2542.0,0.2829,215.0,0.283,942.0
1753547113024,16:25:13.024,1INCH/USDT:USDT,0.2825,213.0,0.2824,727.0,0.2829,215.0,0.283,942.0
1753547113298,16:25:13.298,1INCH/USDT:USDT,0.2826,727.0,0.2825,213.0,0.2829,215.0,0.283,942.0
1753547113700,16:25:13.700,1INCH/USDT:USDT,0.2826,727.0,0.2825,213.0,0.2829,215.0,0.283,942.0
1753547114027,16:25:14.027,1INCH/USDT:USDT,0.2825,213.0,0.2824,727.0,0.2829,215.0,0.283,942.0
1753547114147,16:25:14.147,1INCH/USDT:USDT,0.2825,213.0,0.2824,727.0,0.2828,212.0,0.2829,215.0
1753547114255,16:25:14.255,1INCH/USDT:USDT,0.2825,213.0,0.2824,727.0,0.2828,212.0,0.2829,215.0
1753547114291,16:25:14.291,1INCH/USDT:USDT,0.2825,213.0,0.2824,727.0,0.2829,215.0,0.283,942.0
1753547114461,16:25:14.461,1INCH/USDT:USDT,0.2825,213.0,0.2824,727.0,0.2829,215.0,0.283,942.0
1753547114476,16:25:14.476,1INCH/USDT:USDT,0.2825,213.0,0.2824,727.0,0.2829,215.0,0.283,942.0
1753547115756,16:25:15.756,1INCH/USDT:USDT,0.2825,213.0,0.2824,727.0,0.2828,212.0,0.2829,2030.0
1753547115849,16:25:15.849,1INCH/USDT:USDT,0.2825,213.0,0.2824,727.0,0.2828,212.0,0.2829,2030.0
1753547116144,16:25:16.144,1INCH/USDT:USDT,0.2825,213.0,0.2824,727.0,0.2828,212.0,0.2829,2030.0
1753547117618,16:25:17.618,1INCH/USDT:USDT,0.2825,213.0,0.2824,727.0,0.2828,212.0,0.2829,2030.0
1753547118061,16:25:18.061,1INCH/USDT:USDT,0.2825,213.0,0.2824,727.0,0.2828,212.0,0.2829,2030.0
1753547119622,16:25:19.622,1INCH/USDT:USDT,0.2825,213.0,0.2824,727.0,0.2828,212.0,0.2829,2030.0
1753547120904,16:25:20.904,1INCH/USDT:USDT,0.2825,213.0,0.2824,727.0,0.2828,212.0,0.2829,2030.0
1753547120991,16:25:20.991,1INCH/USDT:USDT,0.2825,213.0,0.2824,727.0,0.2828,212.0,0.2829,2030.0
1753547121415,16:25:21.415,1INCH/USDT:USDT,0.2825,213.0,0.2824,727.0,0.2828,212.0,0.2829,2030.0
1753547122670,16:25:22.670,1INCH/USDT:USDT,0.2825,213.0,0.2824,727.0,0.2828,212.0,0.2829,2030.0
1753547122862,16:25:22.862,1INCH/USDT:USDT,0.2825,213.0,0.2824,727.0,0.2828,212.0,0.2829,2030.0
1753547125728,16:25:25.728,1INCH/USDT:USDT,0.2825,213.0,0.2824,727.0,0.2828,212.0,0.2829,2030.0
1753547127661,16:25:27.661,1INCH/USDT:USDT,0.2825,213.0,0.2824,727.0,0.2828,212.0,0.2829,2030.0
1753547128071,16:25:28.071,1INCH/USDT:USDT,0.2826,727.0,0.2825,213.0,0.2829,215.0,0.283,942.0
1753547128123,16:25:28.123,1INCH/USDT:USDT,0.2827,211.0,0.2826,727.0,0.2829,215.0,0.283,942.0
1753547128271,16:25:28.271,1INCH/USDT:USDT,0.2827,211.0,0.2826,727.0,0.2829,215.0,0.283,942.0
1753547128587,16:25:28.587,1INCH/USDT:USDT,0.2825,213.0,0.2824,727.0,0.2829,215.0,0.283,942.0
1753547128720,16:25:28.720,1INCH/USDT:USDT,0.2826,727.0,0.2825,213.0,0.2829,215.0,0.283,942.0
1753547129124,16:25:29.124,1INCH/USDT:USDT,0.2826,727.0,0.2825,213.0,0.2829,215.0,0.283,942.0
1753547129194,16:25:29.194,1INCH/USDT:USDT,0.2827,211.0,0.2826,727.0,0.2829,215.0,0.283,942.0
1753547129335,16:25:29.335,1INCH/USDT:USDT,0.2825,213.0,0.2824,727.0,0.2829,215.0,0.283,942.0
1753547129553,16:25:29.553,1INCH/USDT:USDT,0.2825,213.0,0.2824,727.0,0.2829,215.0,0.283,942.0
1753547129782,16:25:29.782,1INCH/USDT:USDT,0.2825,213.0,0.2824,727.0,0.2829,215.0,0.283,942.0
1753547129957,16:25:29.957,1INCH/USDT:USDT,0.2825,213.0,0.2824,727.0,0.2829,215.0,0.283,942.0
1753547130156,16:25:30.156,1INCH/USDT:USDT,0.2825,213.0,0.2824,727.0,0.2828,220.0,0.2829,2030.0
1753547130369,16:25:30.369,1INCH/USDT:USDT,0.2825,213.0,0.2824,727.0,0.2828,220.0,0.2829,2030.0
1753547132462,16:25:32.462,1INCH/USDT:USDT,0.2825,213.0,0.2824,727.0,0.2828,220.0,0.2829,2030.0
1753547132796,16:25:32.796,1INCH/USDT:USDT,0.2825,213.0,0.2824,727.0,0.2828,220.0,0.2829,2030.0
1753547136052,16:25:36.052,1INCH/USDT:USDT,0.2825,213.0,0.2824,727.0,0.2827,220.0,0.2828,947.0
1753547136437,16:25:36.437,1INCH/USDT:USDT,0.2825,213.0,0.2824,727.0,0.2827,220.0,0.2828,947.0
1753547137261,16:25:37.261,1INCH/USDT:USDT,0.2825,213.0,0.2824,727.0,0.2827,220.0,0.2828,947.0
1753547140064,16:25:40.064,1INCH/USDT:USDT,0.2824,727.0,0.2823,218.0,0.2827,220.0,0.2828,947.0
1753547140149,16:25:40.149,1INCH/USDT:USDT,0.2825,213.0,0.2824,727.0,0.2827,220.0,0.2828,947.0
1753547140480,16:25:40.480,1INCH/USDT:USDT,0.2825,213.0,0.2824,727.0,0.2827,220.0,0.2828,947.0
1753547142063,16:25:42.063,1INCH/USDT:USDT,0.2825,213.0,0.2824,727.0,0.2827,220.0,0.2828,947.0
1753547142104,16:25:42.104,1INCH/USDT:USDT,0.2825,213.0,0.2824,727.0,0.2827,220.0,0.2828,947.0
1753547144619,16:25:44.619,1INCH/USDT:USDT,0.2825,213.0,0.2824,727.0,0.2827,220.0,0.2828,947.0
1753547145639,16:25:45.639,1INCH/USDT:USDT,0.2825,213.0,0.2824,727.0,0.2827,220.0,0.2828,947.0
1753547146235,16:25:46.235,1INCH/USDT:USDT,0.2824,727.0,0.2823,218.0,0.2827,220.0,0.2828,947.0
1753547146307,16:25:46.307,1INCH/USDT:USDT,0.2824,727.0,0.2823,218.0,0.2827,220.0,0.2828,947.0
1753547146465,16:25:46.465,1INCH/USDT:USDT,0.2825,213.0,0.2824,727.0,0.2827,220.0,0.2828,947.0
1753547146863,16:25:46.863,1INCH/USDT:USDT,0.2825,213.0,0.2824,727.0,0.2827,220.0,0.2828,947.0
1753547146961,16:25:46.961,1INCH/USDT:USDT,0.2823,218.0,0.2822,727.0,0.2827,220.0,0.2828,947.0
1753547147069,16:25:47.069,1INCH/USDT:USDT,0.2823,218.0,0.2822,727.0,0.2827,220.0,0.2828,947.0
1753547147168,16:25:47.168,1INCH/USDT:USDT,0.2823,218.0,0.2822,727.0,0.2827,220.0,0.2828,947.0
1753547147244,16:25:47.244,1INCH/USDT:USDT,0.2823,218.0,0.2822,727.0,0.2826,213.0,0.2827,2035.0
1753547147356,16:25:47.356,1INCH/USDT:USDT,0.2823,218.0,0.2822,727.0,0.2826,213.0,0.2827,2035.0
1753547147528,16:25:47.528,1INCH/USDT:USDT,0.2823,218.0,0.2822,727.0,0.2827,220.0,0.2828,947.0
1753547147636,16:25:47.636,1INCH/USDT:USDT,0.2823,218.0,0.2822,727.0,0.2827,220.0,0.2828,947.0
1753547147771,16:25:47.771,1INCH/USDT:USDT,0.2823,218.0,0.2822,727.0,0.2827,220.0,0.2828,947.0
1753547147780,16:25:47.780,1INCH/USDT:USDT,0.2823,218.0,0.2822,727.0,0.2827,220.0,0.2828,947.0
1753547148357,16:25:48.357,1INCH/USDT:USDT,0.2823,218.0,0.2822,727.0,0.2827,220.0,0.2828,947.0
1753547148588,16:25:48.588,1INCH/USDT:USDT,0.2823,218.0,0.2822,727.0,0.2827,220.0,0.2828,947.0
1753547151848,16:25:51.848,1INCH/USDT:USDT,0.2823,218.0,0.2822,727.0,0.2827,220.0,0.2828,947.0
1753547151886,16:25:51.886,1INCH/USDT:USDT,0.2823,218.0,0.2822,727.0,0.2827,220.0,0.2828,947.0
1753547152149,16:25:52.149,1INCH/USDT:USDT,0.2823,218.0,0.2822,727.0,0.2827,220.0,0.2828,947.0
1753547152469,16:25:52.469,1INCH/USDT:USDT,0.2823,218.0,0.2822,727.0,0.2827,220.0,0.2828,947.0
1753547157265,16:25:57.265,1INCH/USDT:USDT,0.2823,218.0,0.2822,727.0,0.2827,2035.0,0.2828,947.0
1753547157349,16:25:57.349,1INCH/USDT:USDT,0.2823,218.0,0.2822,727.0,0.2826,212.0,0.2827,2035.0
1753547157450,16:25:57.450,1INCH/USDT:USDT,0.2823,218.0,0.2822,727.0,0.2826,212.0,0.2827,2035.0
1753547157707,16:25:57.707,1INCH/USDT:USDT,0.2823,218.0,0.2822,727.0,0.2826,212.0,0.2827,2035.0
1753547158650,16:25:58.650,1INCH/USDT:USDT,0.2823,218.0,0.2822,727.0,0.2826,212.0,0.2827,2035.0
1753547159072,16:25:59.072,1INCH/USDT:USDT,0.2823,218.0,0.2822,727.0,0.2826,212.0,0.2827,2035.0
1753547162069,16:26:02.069,1INCH/USDT:USDT,0.2823,218.0,0.2822,727.0,0.2826,212.0,0.2827,2035.0
1753547164858,16:26:04.858,1INCH/USDT:USDT,0.2822,938.0,0.2821,2062.0,0.2825,211.0,0.2826,939.0
1753547164951,16:26:04.951,1INCH/USDT:USDT,0.2823,211.0,0.2822,938.0,0.2825,211.0,0.2826,939.0
1753547165035,16:26:05.035,1INCH/USDT:USDT,0.2823,211.0,0.2822,938.0,0.2825,211.0,0.2826,939.0
1753547165161,16:26:05.161,1INCH/USDT:USDT,0.2823,211.0,0.2822,938.0,0.2825,211.0,0.2826,939.0
1753547166867,16:26:06.867,1INCH/USDT:USDT,0.2823,211.0,0.2822,211.0,0.2825,211.0,0.2826,939.0
1753547166887,16:26:06.887,1INCH/USDT:USDT,0.2821,216.0,0.282,11388.0,0.2825,211.0,0.2826,939.0
1753547167048,16:26:07.048,1INCH/USDT:USDT,0.2823,211.0,0.2822,727.0,0.2825,211.0,0.2826,939.0
1753547167129,16:26:07.129,1INCH/USDT:USDT,0.2823,211.0,0.2822,727.0,0.2825,211.0,0.2826,939.0
1753547167270,16:26:07.270,1INCH/USDT:USDT,0.2823,211.0,0.2822,727.0,0.2825,211.0,0.2826,939.0
1753547167338,16:26:07.338,1INCH/USDT:USDT,0.2823,211.0,0.2822,727.0,0.2825,211.0,0.2826,939.0
1753547168343,16:26:08.343,1INCH/USDT:USDT,0.2823,211.0,0.2822,727.0,0.2825,211.0,0.2826,939.0
1753547170165,16:26:10.165,1INCH/USDT:USDT,0.2823,211.0,0.2822,727.0,0.2826,212.0,0.2827,2035.0
1753547171667,16:26:11.667,1INCH/USDT:USDT,0.2823,211.0,0.2822,727.0,0.2826,939.0,0.2827,2035.0
1753547171687,16:26:11.687,1INCH/USDT:USDT,0.2823,211.0,0.2822,727.0,0.2825,215.0,0.2826,939.0
1753547172032,16:26:12.032,1INCH/USDT:USDT,0.2823,211.0,0.2822,727.0,0.2825,215.0,0.2826,939.0
1753547173027,16:26:13.027,1INCH/USDT:USDT,0.2823,211.0,0.2822,727.0,0.2826,212.0,0.2827,2035.0
1753547173288,16:26:13.288,1INCH/USDT:USDT,0.2823,211.0,0.2822,727.0,0.2826,212.0,0.2827,2035.0
1753547173650,16:26:13.650,1INCH/USDT:USDT,0.2823,211.0,0.2822,727.0,0.2826,212.0,0.2827,2035.0
1753547176470,16:26:16.470,1INCH/USDT:USDT,0.2823,211.0,0.2822,727.0,0.2826,212.0,0.2827,2035.0
1753547176879,16:26:16.879,1INCH/USDT:USDT,0.2823,211.0,0.2822,727.0,0.2826,212.0,0.2827,2035.0
1753547178926,16:26:18.926,1INCH/USDT:USDT,0.2823,211.0,0.2822,727.0,0.2826,212.0,0.2827,2035.0
1753547179438,16:26:19.438,1INCH/USDT:USDT,0.2823,211.0,0.2822,727.0,0.2827,220.0,0.2828,947.0
1753547179638,16:26:19.638,1INCH/USDT:USDT,0.2823,211.0,0.2822,727.0,0.2826,211.0,0.2827,2035.0
1753547180885,16:26:20.885,1INCH/USDT:USDT,0.2823,211.0,0.2822,727.0,0.2826,211.0,0.2827,2035.0
1753547181263,16:26:21.263,1INCH/USDT:USDT,0.2823,211.0,0.2822,727.0,0.2826,211.0,0.2827,2035.0
