timestamp,time,exchange,symbol,bid1_price,bid1_volume,bid2_price,bid2_volume,ask1_price,ask1_volume,ask2_price,ask2_volume
1753591881046,04:51:21.046,bitget,ACH/USDT:USDT,0.023053,6003.0,0.023051,6003.0,0.023054,184277.0,0.023058,3867.0
1753591882697,04:51:22.697,bitget,ACH/USDT:USDT,0.023053,6003.0,0.023051,6003.0,0.023054,184277.0,0.023057,2753.0
1753591883448,04:51:23.448,bitget,ACH/USDT:USDT,0.023053,6003.0,0.023051,6003.0,0.023054,184277.0,0.023057,2753.0
1753591883598,04:51:23.598,bitget,ACH/USDT:USDT,0.023053,6003.0,0.023051,6003.0,0.023054,184277.0,0.023057,2753.0
1753591883748,04:51:23.748,bitget,ACH/USDT:USDT,0.023053,6003.0,0.023051,6003.0,0.023054,184277.0,0.023057,2753.0
1753591883898,04:51:23.898,bitget,ACH/USDT:USDT,0.023053,6003.0,0.023051,6003.0,0.023054,184277.0,0.023057,2753.0
1753591884048,04:51:24.048,bitget,ACH/USDT:USDT,0.023053,6003.0,0.023051,6003.0,0.023054,184277.0,0.023057,2753.0
1753591884198,04:51:24.198,bitget,ACH/USDT:USDT,0.023053,6003.0,0.023051,6003.0,0.023054,184277.0,0.023057,2753.0
1753591884348,04:51:24.348,bitget,ACH/USDT:USDT,0.023053,6003.0,0.023051,6003.0,0.023054,184277.0,0.023057,2753.0
1753591884498,04:51:24.498,bitget,ACH/USDT:USDT,0.023053,6003.0,0.023051,6003.0,0.023054,184277.0,0.023057,2753.0
1753591884649,04:51:24.649,bitget,ACH/USDT:USDT,0.023053,6003.0,0.023051,6003.0,0.023054,184277.0,0.023057,2753.0
1753591885099,04:51:25.099,bitget,ACH/USDT:USDT,0.023053,6003.0,0.023051,6003.0,0.023054,184277.0,0.023057,2753.0
1753591885249,04:51:25.249,bitget,ACH/USDT:USDT,0.023053,6003.0,0.023051,6003.0,0.023054,184277.0,0.023057,2753.0
1753591885399,04:51:25.399,bitget,ACH/USDT:USDT,0.023053,6003.0,0.023051,6003.0,0.023054,184277.0,0.023057,2753.0
1753591885549,04:51:25.549,bitget,ACH/USDT:USDT,0.023053,6003.0,0.023051,6003.0,0.023054,184277.0,0.023057,2753.0
1753591885699,04:51:25.699,bitget,ACH/USDT:USDT,0.023053,6003.0,0.023051,6003.0,0.023054,184277.0,0.023057,2753.0
1753591885849,04:51:25.849,bitget,ACH/USDT:USDT,0.023053,6003.0,0.023051,6003.0,0.023054,184277.0,0.023057,2753.0
1753591885999,04:51:25.999,bitget,ACH/USDT:USDT,0.023053,6003.0,0.023051,6003.0,0.023054,184277.0,0.023057,2753.0
1753591886300,04:51:26.300,bitget,ACH/USDT:USDT,0.023053,6003.0,0.023051,6003.0,0.023054,184277.0,0.023057,2753.0
1753591886450,04:51:26.450,bitget,ACH/USDT:USDT,0.023053,6003.0,0.023051,6003.0,0.023054,184277.0,0.023057,2753.0
1753591886600,04:51:26.600,bitget,ACH/USDT:USDT,0.023053,6003.0,0.023051,6003.0,0.023054,184277.0,0.023057,2753.0
1753591886750,04:51:26.750,bitget,ACH/USDT:USDT,0.023053,6003.0,0.023051,6003.0,0.023054,184277.0,0.023057,2753.0
1753591886900,04:51:26.900,bitget,ACH/USDT:USDT,0.023053,6003.0,0.023051,6003.0,0.023054,184277.0,0.023057,2753.0
1753591887500,04:51:27.500,bitget,ACH/USDT:USDT,0.023053,6003.0,0.023051,6003.0,0.023054,184277.0,0.023057,6620.0
1753591887650,04:51:27.650,bitget,ACH/USDT:USDT,0.023053,6003.0,0.023051,6003.0,0.023054,184277.0,0.023057,6620.0
1753591887800,04:51:27.800,bitget,ACH/USDT:USDT,0.023053,6003.0,0.023051,6003.0,0.023054,184277.0,0.023057,6620.0
1753591888701,04:51:28.701,bitget,ACH/USDT:USDT,0.023053,6003.0,0.023051,6003.0,0.023056,184278.0,0.023057,6620.0
1753591888851,04:51:28.851,bitget,ACH/USDT:USDT,0.023053,6003.0,0.023051,6003.0,0.023056,184278.0,0.023057,6620.0
1753591889001,04:51:29.001,bitget,ACH/USDT:USDT,0.023053,6003.0,0.023051,6003.0,0.023056,184278.0,0.023057,6620.0
1753591889151,04:51:29.151,bitget,ACH/USDT:USDT,0.023049,4853.0,0.023042,2681.0,0.023056,184278.0,0.023057,6620.0
1753591889601,04:51:29.601,bitget,ACH/USDT:USDT,0.023051,6003.0,0.02305,6003.0,0.023056,184278.0,0.023057,6620.0
1753591889751,04:51:29.751,bitget,ACH/USDT:USDT,0.023052,6003.0,0.023051,6003.0,0.023056,184278.0,0.023057,6620.0
1753591889902,04:51:29.902,bitget,ACH/USDT:USDT,0.023053,6003.0,0.023052,6003.0,0.023056,184278.0,0.023057,6620.0
1753591890052,04:51:30.052,bitget,ACH/USDT:USDT,0.023053,6003.0,0.023051,4854.0,0.023056,184278.0,0.023057,6620.0
1753591890202,04:51:30.202,bitget,ACH/USDT:USDT,0.023053,6003.0,0.023051,4854.0,0.023056,184278.0,0.023057,6620.0
1753591890352,04:51:30.352,bitget,ACH/USDT:USDT,0.023053,6003.0,0.023051,4854.0,0.023056,184278.0,0.023057,6620.0
1753591890502,04:51:30.502,bitget,ACH/USDT:USDT,0.023053,6003.0,0.023051,4854.0,0.023056,184278.0,0.023057,6620.0
1753591890652,04:51:30.652,bitget,ACH/USDT:USDT,0.023053,6003.0,0.023051,4854.0,0.023056,184278.0,0.023057,6620.0
1753591890802,04:51:30.802,bitget,ACH/USDT:USDT,0.023053,6003.0,0.023051,4854.0,0.023056,184278.0,0.023057,6620.0
1753591890952,04:51:30.952,bitget,ACH/USDT:USDT,0.023053,6003.0,0.023051,4854.0,0.023056,184278.0,0.023057,6620.0
1753591891103,04:51:31.103,bitget,ACH/USDT:USDT,0.023042,2681.0,0.023039,5000.0,0.023056,184278.0,0.023057,6620.0
1753591891253,04:51:31.253,bitget,ACH/USDT:USDT,0.023043,44599.0,0.023042,2681.0,0.023056,184278.0,0.023057,2753.0
1753591891403,04:51:31.403,bitget,ACH/USDT:USDT,0.023045,2744.0,0.023044,19383.0,0.023056,184278.0,0.023057,2753.0
1753591891553,04:51:31.553,bitget,ACH/USDT:USDT,0.023046,6671.0,0.023045,8559.0,0.023056,205970.0,0.023057,2753.0
1753591891703,04:51:31.703,bitget,ACH/USDT:USDT,0.023048,2744.0,0.023047,6671.0,0.023056,188145.0,0.023057,2753.0
1753591891853,04:51:31.853,bitget,ACH/USDT:USDT,0.023049,6671.0,0.023048,2744.0,0.023056,188145.0,0.023057,2753.0
1753591892003,04:51:32.003,bitget,ACH/USDT:USDT,0.02305,6671.0,0.023049,9415.0,0.023056,188145.0,0.023057,24443.0
1753591892153,04:51:32.153,bitget,ACH/USDT:USDT,0.023051,6671.0,0.02305,9415.0,0.023056,188145.0,0.023057,24443.0
1753591892303,04:51:32.303,bitget,ACH/USDT:USDT,0.023052,6671.0,0.023051,6671.0,0.023056,188145.0,0.023057,24443.0
1753591892453,04:51:32.453,bitget,ACH/USDT:USDT,0.023053,6671.0,0.023052,6671.0,0.023056,188145.0,0.023057,24443.0
1753591892603,04:51:32.603,bitget,ACH/USDT:USDT,0.023053,6671.0,0.023051,4855.0,0.023056,188145.0,0.023057,24443.0
1753591892754,04:51:32.754,bitget,ACH/USDT:USDT,0.023053,6671.0,0.023051,4855.0,0.023056,188145.0,0.023057,2753.0
1753591892904,04:51:32.904,bitget,ACH/USDT:USDT,0.023053,6671.0,0.023051,4855.0,0.023056,188145.0,0.023057,2753.0
1753591893054,04:51:33.054,bitget,ACH/USDT:USDT,0.023053,6671.0,0.023051,4855.0,0.023056,188145.0,0.023057,2753.0
1753591893204,04:51:33.204,bitget,ACH/USDT:USDT,0.023053,6671.0,0.023051,4855.0,0.023056,188145.0,0.023057,2753.0
1753591893354,04:51:33.354,bitget,ACH/USDT:USDT,0.023053,6671.0,0.023051,4855.0,0.023056,184278.0,0.023057,2753.0
1753591893504,04:51:33.504,bitget,ACH/USDT:USDT,0.023053,6671.0,0.023051,4855.0,0.023056,184278.0,0.023057,2753.0
1753591893654,04:51:33.654,bitget,ACH/USDT:USDT,0.023053,6671.0,0.023051,4855.0,0.023056,184278.0,0.023057,2753.0
1753591893804,04:51:33.804,bitget,ACH/USDT:USDT,0.023053,6671.0,0.023051,4855.0,0.023056,184278.0,0.023057,2753.0
1753591893954,04:51:33.954,bitget,ACH/USDT:USDT,0.023053,6671.0,0.023051,4855.0,0.023056,184278.0,0.023057,2753.0
1753591894405,04:51:34.405,bitget,ACH/USDT:USDT,0.023053,6671.0,0.023051,4855.0,0.023056,184278.0,0.023057,2753.0
1753591894855,04:51:34.855,bitget,ACH/USDT:USDT,0.023053,6671.0,0.023051,4855.0,0.023056,184278.0,0.023057,2753.0
1753591895005,04:51:35.005,bitget,ACH/USDT:USDT,0.023053,6671.0,0.023051,4855.0,0.023056,184278.0,0.023057,2753.0
1753591895155,04:51:35.155,bitget,ACH/USDT:USDT,0.023053,6671.0,0.023051,4855.0,0.023056,184278.0,0.023057,2753.0
1753591895305,04:51:35.305,bitget,ACH/USDT:USDT,0.023053,6671.0,0.023051,4855.0,0.023056,184278.0,0.023057,2753.0
1753591895455,04:51:35.455,bitget,ACH/USDT:USDT,0.023053,6671.0,0.023051,4855.0,0.023056,184278.0,0.023057,2753.0
1753591895605,04:51:35.605,bitget,ACH/USDT:USDT,0.023053,6671.0,0.023051,4855.0,0.023056,184278.0,0.023057,2753.0
1753591896056,04:51:36.056,bitget,ACH/USDT:USDT,0.023053,6671.0,0.023051,4855.0,0.023056,184278.0,0.023057,2753.0
1753591896206,04:51:36.206,bitget,ACH/USDT:USDT,0.023053,6671.0,0.023051,4855.0,0.023056,184278.0,0.023057,2753.0
1753591896956,04:51:36.956,bitget,ACH/USDT:USDT,0.023053,6671.0,0.023051,4855.0,0.023056,184278.0,0.023057,2753.0
1753591897106,04:51:37.106,bitget,ACH/USDT:USDT,0.023053,6671.0,0.023051,4855.0,0.023056,184278.0,0.023057,2753.0
1753591897256,04:51:37.256,bitget,ACH/USDT:USDT,0.023053,6671.0,0.023051,4855.0,0.023056,184278.0,0.023057,2753.0
1753591897406,04:51:37.406,bitget,ACH/USDT:USDT,0.023053,6671.0,0.023051,4855.0,0.023056,184278.0,0.023057,2753.0
1753591897707,04:51:37.707,bitget,ACH/USDT:USDT,0.023054,6671.0,0.023053,6671.0,0.023056,184278.0,0.023057,2753.0
1753591897857,04:51:37.857,bitget,ACH/USDT:USDT,0.023054,6671.0,0.023052,4854.0,0.023056,184278.0,0.023057,2753.0
1753591898007,04:51:38.007,bitget,ACH/USDT:USDT,0.023054,6671.0,0.023052,4854.0,0.023056,184278.0,0.023057,2753.0
1753591898157,04:51:38.157,bitget,ACH/USDT:USDT,0.023054,6671.0,0.023052,4854.0,0.023056,184278.0,0.023057,2753.0
1753591898307,04:51:38.307,bitget,ACH/USDT:USDT,0.023054,6671.0,0.023052,4854.0,0.023056,184278.0,0.023057,2753.0
1753591898457,04:51:38.457,bitget,ACH/USDT:USDT,0.023054,6671.0,0.023052,4854.0,0.023056,184278.0,0.023057,2753.0
1753591898607,04:51:38.607,bitget,ACH/USDT:USDT,0.023054,6671.0,0.023052,4854.0,0.023056,184278.0,0.023057,2753.0
1753591898757,04:51:38.757,bitget,ACH/USDT:USDT,0.023054,6671.0,0.023052,4854.0,0.023056,184278.0,0.023057,2753.0
1753591898907,04:51:38.907,bitget,ACH/USDT:USDT,0.023054,6671.0,0.023052,4854.0,0.023056,184278.0,0.023057,2753.0
1753591899208,04:51:39.208,bitget,ACH/USDT:USDT,0.023054,6671.0,0.023052,4854.0,0.023056,184278.0,0.023057,2753.0
1753591899508,04:51:39.508,bitget,ACH/USDT:USDT,0.023054,6671.0,0.023052,4854.0,0.023056,184278.0,0.023057,2753.0
1753591899658,04:51:39.658,bitget,ACH/USDT:USDT,0.023054,6671.0,0.023052,4854.0,0.023056,184278.0,0.023057,2753.0
1753591899808,04:51:39.808,bitget,ACH/USDT:USDT,0.023054,6671.0,0.023052,4854.0,0.023056,184278.0,0.023057,2753.0
1753591899958,04:51:39.958,bitget,ACH/USDT:USDT,0.023055,9364.0,0.023054,6671.0,0.02306,965.0,0.023061,2729.0
1753591900108,04:51:40.108,bitget,ACH/USDT:USDT,0.023059,6671.0,0.023056,2693.0,0.02306,16864.0,0.023062,7180.0
1753591900258,04:51:40.258,bitget,ACH/USDT:USDT,0.023059,6671.0,0.023057,4853.0,0.02306,201104.0,0.023062,7180.0
1753591900408,04:51:40.408,bitget,ACH/USDT:USDT,0.023059,6671.0,0.023057,4853.0,0.02306,203272.0,0.023064,17239.0
1753591900558,04:51:40.558,bitget,ACH/USDT:USDT,0.023059,6671.0,0.023057,4853.0,0.02306,203272.0,0.023064,17239.0
1753591900708,04:51:40.708,bitget,ACH/USDT:USDT,0.023059,6671.0,0.023057,4853.0,0.02306,186408.0,0.023062,3624.0
1753591900859,04:51:40.859,bitget,ACH/USDT:USDT,0.023059,6671.0,0.023057,4853.0,0.02306,186408.0,0.023062,3624.0
1753591901009,04:51:41.009,bitget,ACH/USDT:USDT,0.023059,6671.0,0.023057,4853.0,0.02306,186408.0,0.023062,3624.0
1753591901159,04:51:41.159,bitget,ACH/USDT:USDT,0.023059,6671.0,0.023057,4853.0,0.02306,186408.0,0.023062,3624.0
1753591901309,04:51:41.309,bitget,ACH/USDT:USDT,0.023059,6671.0,0.023057,4853.0,0.02306,186408.0,0.023062,3624.0
1753591901459,04:51:41.459,bitget,ACH/USDT:USDT,0.023059,6671.0,0.023057,4853.0,0.02306,186408.0,0.023062,3624.0
1753591901609,04:51:41.609,bitget,ACH/USDT:USDT,0.023059,6671.0,0.023057,4853.0,0.02306,186408.0,0.023062,3624.0
1753591901759,04:51:41.759,bitget,ACH/USDT:USDT,0.023059,6671.0,0.023057,4853.0,0.02306,186408.0,0.023062,3624.0
1753591901909,04:51:41.909,bitget,ACH/USDT:USDT,0.023059,6671.0,0.023057,4853.0,0.02306,186408.0,0.023062,3624.0
1753591902059,04:51:42.059,bitget,ACH/USDT:USDT,0.023059,6671.0,0.023057,4853.0,0.02306,186408.0,0.023062,3624.0
1753591902209,04:51:42.209,bitget,ACH/USDT:USDT,0.023059,6671.0,0.023057,4853.0,0.02306,186408.0,0.023062,3624.0
1753591902359,04:51:42.359,bitget,ACH/USDT:USDT,0.023059,6671.0,0.023057,4853.0,0.02306,186408.0,0.023062,3624.0
1753591902510,04:51:42.510,bitget,ACH/USDT:USDT,0.023059,6671.0,0.023057,4853.0,0.02306,186408.0,0.023062,3624.0
1753591902660,04:51:42.660,bitget,ACH/USDT:USDT,0.023059,6671.0,0.023057,4853.0,0.02306,186408.0,0.023062,3624.0
1753591902810,04:51:42.810,bitget,ACH/USDT:USDT,0.023059,6671.0,0.023057,4853.0,0.02306,186408.0,0.023062,3624.0
1753591902960,04:51:42.960,bitget,ACH/USDT:USDT,0.023059,6671.0,0.023057,4853.0,0.02306,186408.0,0.023062,3624.0
1753591903110,04:51:43.110,bitget,ACH/USDT:USDT,0.023059,6671.0,0.023057,4853.0,0.02306,186408.0,0.023062,3624.0
1753591903260,04:51:43.260,bitget,ACH/USDT:USDT,0.023059,6671.0,0.023057,4853.0,0.02306,186408.0,0.023062,3624.0
1753591903410,04:51:43.410,bitget,ACH/USDT:USDT,0.023059,6671.0,0.023057,4853.0,0.02306,186408.0,0.023062,3624.0
1753591903560,04:51:43.560,bitget,ACH/USDT:USDT,0.023059,6671.0,0.023057,4853.0,0.02306,186408.0,0.023062,3624.0
1753591903710,04:51:43.710,bitget,ACH/USDT:USDT,0.023059,6671.0,0.023057,4853.0,0.02306,186408.0,0.023062,3624.0
1753591903860,04:51:43.860,bitget,ACH/USDT:USDT,0.023059,6671.0,0.023057,4853.0,0.02306,186408.0,0.023062,3624.0
1753591904010,04:51:44.010,bitget,ACH/USDT:USDT,0.023059,6671.0,0.023057,4853.0,0.02306,186408.0,0.023062,3624.0
1753591904161,04:51:44.161,bitget,ACH/USDT:USDT,0.023059,6671.0,0.023057,4853.0,0.02306,186408.0,0.023062,3624.0
1753591904311,04:51:44.311,bitget,ACH/USDT:USDT,0.023059,6671.0,0.023057,4853.0,0.02306,186408.0,0.023062,3624.0
1753591904461,04:51:44.461,bitget,ACH/USDT:USDT,0.023059,6671.0,0.023057,4853.0,0.02306,186408.0,0.023062,3624.0
1753591904611,04:51:44.611,bitget,ACH/USDT:USDT,0.023059,6671.0,0.023057,4853.0,0.02306,186408.0,0.023062,3624.0
1753591904761,04:51:44.761,bitget,ACH/USDT:USDT,0.023059,6671.0,0.023057,4853.0,0.02306,186408.0,0.023062,3624.0
1753591904911,04:51:44.911,bitget,ACH/USDT:USDT,0.023059,6671.0,0.023057,4853.0,0.02306,186408.0,0.023062,3624.0
1753591905061,04:51:45.061,bitget,ACH/USDT:USDT,0.023059,6671.0,0.023057,4853.0,0.02306,186408.0,0.023062,3624.0
1753591905211,04:51:45.211,bitget,ACH/USDT:USDT,0.023059,10725.0,0.023058,3389.0,0.02306,184240.0,0.023064,2693.0
1753591905361,04:51:45.361,bitget,ACH/USDT:USDT,0.023059,10725.0,0.023058,3389.0,0.02306,184240.0,0.023064,2693.0
1753591905511,04:51:45.511,bitget,ACH/USDT:USDT,0.023059,10725.0,0.023058,3389.0,0.02306,184240.0,0.023064,2693.0
1753591905662,04:51:45.662,bitget,ACH/USDT:USDT,0.023059,10725.0,0.023058,3389.0,0.02306,184240.0,0.023064,2693.0
1753591905812,04:51:45.812,bitget,ACH/USDT:USDT,0.023059,10725.0,0.023058,3389.0,0.02306,184240.0,0.023064,2693.0
1753591905962,04:51:45.962,bitget,ACH/USDT:USDT,0.023059,10725.0,0.023058,3389.0,0.02306,184240.0,0.023064,2693.0
1753591906112,04:51:46.112,bitget,ACH/USDT:USDT,0.023059,10725.0,0.023058,3389.0,0.02306,184240.0,0.023064,2693.0
1753591906262,04:51:46.262,bitget,ACH/USDT:USDT,0.023059,10725.0,0.023058,3389.0,0.02306,184240.0,0.023064,2693.0
1753591906412,04:51:46.412,bitget,ACH/USDT:USDT,0.023059,10725.0,0.023058,3389.0,0.02306,184240.0,0.023064,2693.0
1753591906562,04:51:46.562,bitget,ACH/USDT:USDT,0.023059,10725.0,0.023058,3389.0,0.02306,184240.0,0.023064,2693.0
1753591906712,04:51:46.712,bitget,ACH/USDT:USDT,0.023059,10725.0,0.023058,3389.0,0.02306,184240.0,0.023064,2693.0
1753591906862,04:51:46.862,bitget,ACH/USDT:USDT,0.023059,10725.0,0.023058,3389.0,0.02306,184240.0,0.023064,2693.0
1753591907012,04:51:47.012,bitget,ACH/USDT:USDT,0.023059,10725.0,0.023058,3389.0,0.02306,184240.0,0.023064,2693.0
1753591907162,04:51:47.162,bitget,ACH/USDT:USDT,0.023059,10725.0,0.023058,3389.0,0.02306,184240.0,0.023064,2693.0
1753591907313,04:51:47.313,bitget,ACH/USDT:USDT,0.023059,10725.0,0.023058,3389.0,0.02306,184240.0,0.023064,2693.0
1753591907463,04:51:47.463,bitget,ACH/USDT:USDT,0.023059,10725.0,0.023058,3389.0,0.02306,184240.0,0.023064,2693.0
1753591907613,04:51:47.613,bitget,ACH/USDT:USDT,0.023059,10725.0,0.023058,3389.0,0.02306,184240.0,0.023064,2693.0
1753591907763,04:51:47.763,bitget,ACH/USDT:USDT,0.023059,10725.0,0.023058,3389.0,0.02306,184240.0,0.023064,2693.0
1753591907913,04:51:47.913,bitget,ACH/USDT:USDT,0.023059,10725.0,0.023058,3389.0,0.02306,184240.0,0.023064,2693.0
1753591908063,04:51:48.063,bitget,ACH/USDT:USDT,0.023059,10725.0,0.023058,3389.0,0.02306,184240.0,0.023064,2693.0
1753591908213,04:51:48.213,bitget,ACH/USDT:USDT,0.023068,10006.0,0.023061,44599.0,0.023069,2707.0,0.023072,2802.0
1753591908363,04:51:48.363,bitget,ACH/USDT:USDT,0.023068,10006.0,0.023066,4850.0,0.02307,184187.0,0.023072,2802.0
1753591908513,04:51:48.513,bitget,ACH/USDT:USDT,0.023069,6671.0,0.023068,10006.0,0.02307,184187.0,0.023072,2802.0
1753591908663,04:51:48.663,bitget,ACH/USDT:USDT,0.023069,6671.0,0.023067,4851.0,0.02307,184187.0,0.023072,2802.0
1753591908814,04:51:48.814,bitget,ACH/USDT:USDT,0.023069,6671.0,0.023067,4851.0,0.02307,184187.0,0.023072,2802.0
1753591908964,04:51:48.964,bitget,ACH/USDT:USDT,0.023069,6671.0,0.023067,4851.0,0.02307,184187.0,0.023072,2802.0
1753591909114,04:51:49.114,bitget,ACH/USDT:USDT,0.023069,6671.0,0.023067,4851.0,0.02307,184187.0,0.023071,2128.0
1753591909264,04:51:49.264,bitget,ACH/USDT:USDT,0.023069,6671.0,0.023067,4851.0,0.02307,184187.0,0.023071,2128.0
1753591909414,04:51:49.414,bitget,ACH/USDT:USDT,0.023069,6671.0,0.023067,4851.0,0.02307,184187.0,0.023071,2128.0
1753591909564,04:51:49.564,bitget,ACH/USDT:USDT,0.023069,6671.0,0.023067,4851.0,0.02307,184187.0,0.023071,2128.0
1753591909714,04:51:49.714,bitget,ACH/USDT:USDT,0.023069,6671.0,0.023067,4851.0,0.02307,184187.0,0.023071,2128.0
1753591909864,04:51:49.864,bitget,ACH/USDT:USDT,0.023069,6671.0,0.023067,4851.0,0.02307,184187.0,0.023071,2128.0
1753591910014,04:51:50.014,bitget,ACH/USDT:USDT,0.023069,6671.0,0.023067,4851.0,0.02307,184187.0,0.023071,2128.0
1753591910164,04:51:50.164,bitget,ACH/USDT:USDT,0.023069,6671.0,0.023067,4851.0,0.02307,184187.0,0.023071,2128.0
1753591910314,04:51:50.314,bitget,ACH/USDT:USDT,0.023069,6671.0,0.023067,4851.0,0.02307,184187.0,0.023071,2128.0
1753591910465,04:51:50.465,bitget,ACH/USDT:USDT,0.023069,6671.0,0.023067,4851.0,0.02307,184187.0,0.023071,2128.0
1753591910615,04:51:50.615,bitget,ACH/USDT:USDT,0.023069,6671.0,0.023067,4851.0,0.02307,184187.0,0.023071,2128.0
1753591910765,04:51:50.765,bitget,ACH/USDT:USDT,0.023069,6671.0,0.023067,4851.0,0.02307,184187.0,0.023071,2128.0
1753591910915,04:51:50.915,bitget,ACH/USDT:USDT,0.023069,6671.0,0.023067,4851.0,0.02307,184187.0,0.023071,2128.0
1753591911065,04:51:51.065,bitget,ACH/USDT:USDT,0.023069,6671.0,0.023067,4851.0,0.02307,184187.0,0.023071,2128.0
1753591911215,04:51:51.215,bitget,ACH/USDT:USDT,0.023069,6671.0,0.023067,4851.0,0.02307,184187.0,0.023071,2128.0
1753591911365,04:51:51.365,bitget,ACH/USDT:USDT,0.023069,6671.0,0.023067,4851.0,0.02307,184187.0,0.023071,2128.0
1753591911515,04:51:51.515,bitget,ACH/USDT:USDT,0.023069,6671.0,0.023067,4851.0,0.02307,184187.0,0.023071,2128.0
1753591911665,04:51:51.665,bitget,ACH/USDT:USDT,0.023069,6671.0,0.023067,4851.0,0.02307,184187.0,0.023071,2128.0
1753591911815,04:51:51.815,bitget,ACH/USDT:USDT,0.023067,4851.0,0.023065,3389.0,0.023069,9402.0,0.02307,187576.0
1753591911965,04:51:51.965,bitget,ACH/USDT:USDT,0.023065,8239.0,0.023064,6120.0,0.023069,9402.0,0.02307,187576.0
1753591912116,04:51:52.116,bitget,ACH/USDT:USDT,0.023065,8239.0,0.023064,3389.0,0.023069,9402.0,0.02307,187576.0
1753591912266,04:51:52.266,bitget,ACH/USDT:USDT,0.023065,8239.0,0.023064,3389.0,0.023069,2731.0,0.02307,184187.0
1753591912416,04:51:52.416,bitget,ACH/USDT:USDT,0.023065,10970.0,0.023064,3389.0,0.023069,2731.0,0.02307,184187.0
1753591912566,04:51:52.566,bitget,ACH/USDT:USDT,0.023065,10970.0,0.023064,3389.0,0.023069,2731.0,0.02307,184187.0
1753591912716,04:51:52.716,bitget,ACH/USDT:USDT,0.023065,10970.0,0.023064,3389.0,0.023069,2731.0,0.02307,184187.0
1753591912866,04:51:52.866,bitget,ACH/USDT:USDT,0.023065,8239.0,0.023064,3389.0,0.023069,2731.0,0.02307,184187.0
1753591913016,04:51:53.016,bitget,ACH/USDT:USDT,0.023065,8239.0,0.023064,3389.0,0.023069,2731.0,0.02307,184187.0
1753591913166,04:51:53.166,bitget,ACH/USDT:USDT,0.023065,10970.0,0.023064,3389.0,0.023069,2731.0,0.02307,184187.0
1753591913316,04:51:53.316,bitget,ACH/USDT:USDT,0.023065,10970.0,0.023064,3389.0,0.023069,2731.0,0.02307,184187.0
1753591913466,04:51:53.466,bitget,ACH/USDT:USDT,0.023065,8239.0,0.023064,3389.0,0.023069,2731.0,0.02307,184187.0
1753591913616,04:51:53.616,bitget,ACH/USDT:USDT,0.023065,8239.0,0.023064,3389.0,0.023069,2731.0,0.02307,184187.0
1753591913767,04:51:53.767,bitget,ACH/USDT:USDT,0.023065,8239.0,0.023064,3389.0,0.023069,2731.0,0.02307,184187.0
1753591913917,04:51:53.917,bitget,ACH/USDT:USDT,0.023065,8239.0,0.023064,3389.0,0.023069,2731.0,0.02307,184187.0
1753591914067,04:51:54.067,bitget,ACH/USDT:USDT,0.023065,8239.0,0.023064,3389.0,0.023069,2731.0,0.02307,184187.0
1753591914217,04:51:54.217,bitget,ACH/USDT:USDT,0.023065,8239.0,0.023064,3389.0,0.023069,2731.0,0.02307,184187.0
1753591914367,04:51:54.367,bitget,ACH/USDT:USDT,0.023065,8239.0,0.023064,3389.0,0.023069,2731.0,0.02307,184187.0
1753591914517,04:51:54.517,bitget,ACH/USDT:USDT,0.023065,8239.0,0.023064,3389.0,0.023069,2731.0,0.02307,184187.0
1753591914667,04:51:54.667,bitget,ACH/USDT:USDT,0.023065,8239.0,0.023064,3389.0,0.023069,2731.0,0.02307,184187.0
1753591914817,04:51:54.817,bitget,ACH/USDT:USDT,0.023065,8239.0,0.023064,3389.0,0.023069,2731.0,0.02307,184187.0
1753591914967,04:51:54.967,bitget,ACH/USDT:USDT,0.023065,8239.0,0.023064,3389.0,0.023069,2731.0,0.02307,184187.0
1753591915117,04:51:55.117,bitget,ACH/USDT:USDT,0.023065,8239.0,0.023064,3389.0,0.023069,2731.0,0.02307,184187.0
1753591915268,04:51:55.268,bitget,ACH/USDT:USDT,0.023065,8239.0,0.023064,3389.0,0.023069,10520.0,0.02307,184187.0
1753591915418,04:51:55.418,bitget,ACH/USDT:USDT,0.023065,8239.0,0.023064,3389.0,0.023069,10520.0,0.02307,184187.0
1753591915568,04:51:55.568,bitget,ACH/USDT:USDT,0.023065,8239.0,0.023064,3389.0,0.023069,10520.0,0.02307,184187.0
1753591915868,04:51:55.868,bitget,ACH/USDT:USDT,0.023065,8239.0,0.023064,3389.0,0.023069,10520.0,0.02307,184187.0
1753591916018,04:51:56.018,bitget,ACH/USDT:USDT,0.023065,8239.0,0.023064,3389.0,0.023069,10520.0,0.02307,184187.0
1753591916168,04:51:56.168,bitget,ACH/USDT:USDT,0.023065,8239.0,0.023064,3389.0,0.023069,10520.0,0.02307,184187.0
1753591916318,04:51:56.318,bitget,ACH/USDT:USDT,0.023065,8239.0,0.023064,3389.0,0.023069,10520.0,0.02307,184187.0
1753591916468,04:51:56.468,bitget,ACH/USDT:USDT,0.023065,8239.0,0.023064,3389.0,0.023069,10520.0,0.02307,184187.0
1753591916618,04:51:56.618,bitget,ACH/USDT:USDT,0.023065,8239.0,0.023064,3389.0,0.023069,10520.0,0.02307,184187.0
1753591916768,04:51:56.768,bitget,ACH/USDT:USDT,0.023065,8239.0,0.023064,3389.0,0.023069,10520.0,0.02307,184187.0
1753591916919,04:51:56.919,bitget,ACH/USDT:USDT,0.023065,8239.0,0.023064,3389.0,0.023069,10520.0,0.02307,184187.0
1753591917069,04:51:57.069,bitget,ACH/USDT:USDT,0.023065,8239.0,0.023064,3389.0,0.023069,10520.0,0.02307,184187.0
1753591917219,04:51:57.219,bitget,ACH/USDT:USDT,0.023065,8239.0,0.023064,3389.0,0.023069,10520.0,0.02307,184187.0
1753591917369,04:51:57.369,bitget,ACH/USDT:USDT,0.023065,8239.0,0.023064,3389.0,0.023069,10520.0,0.02307,184187.0
1753591917519,04:51:57.519,bitget,ACH/USDT:USDT,0.023065,8239.0,0.023064,3389.0,0.023069,10520.0,0.02307,184187.0
1753591917669,04:51:57.669,bitget,ACH/USDT:USDT,0.023065,8239.0,0.023064,3389.0,0.023069,10520.0,0.02307,184187.0
1753591917819,04:51:57.819,bitget,ACH/USDT:USDT,0.023065,8239.0,0.023064,3389.0,0.023069,10520.0,0.02307,184187.0
1753591917969,04:51:57.969,bitget,ACH/USDT:USDT,0.023065,8239.0,0.023064,3389.0,0.023069,10520.0,0.02307,184187.0
1753591918119,04:51:58.119,bitget,ACH/USDT:USDT,0.023065,8239.0,0.023064,3389.0,0.023069,10520.0,0.02307,184187.0
1753591918269,04:51:58.269,bitget,ACH/USDT:USDT,0.023065,8239.0,0.023064,3389.0,0.023069,10520.0,0.02307,184187.0
1753591918420,04:51:58.420,bitget,ACH/USDT:USDT,0.023065,8239.0,0.023064,3389.0,0.023069,10520.0,0.02307,184187.0
1753591918569,04:51:58.569,bitget,ACH/USDT:USDT,0.023065,8239.0,0.023064,3389.0,0.023069,10520.0,0.02307,184187.0
1753591918720,04:51:58.720,bitget,ACH/USDT:USDT,0.023065,8239.0,0.023064,3389.0,0.023069,10520.0,0.02307,184187.0
1753591918870,04:51:58.870,bitget,ACH/USDT:USDT,0.023065,8239.0,0.023064,3389.0,0.023069,10520.0,0.02307,184187.0
1753591919020,04:51:59.020,bitget,ACH/USDT:USDT,0.023065,8239.0,0.023064,3389.0,0.023069,10520.0,0.02307,184187.0
1753591919170,04:51:59.170,bitget,ACH/USDT:USDT,0.023065,8239.0,0.023064,3389.0,0.023069,10520.0,0.02307,184187.0
1753591919320,04:51:59.320,bitget,ACH/USDT:USDT,0.023065,8239.0,0.023064,3389.0,0.023069,10520.0,0.02307,184187.0
1753591919470,04:51:59.470,bitget,ACH/USDT:USDT,0.023065,8239.0,0.023064,3389.0,0.023069,10520.0,0.02307,184187.0
1753591919620,04:51:59.620,bitget,ACH/USDT:USDT,0.023065,8239.0,0.023064,3389.0,0.023069,10520.0,0.02307,184187.0
1753591919770,04:51:59.770,bitget,ACH/USDT:USDT,0.023065,8239.0,0.023064,3389.0,0.023069,10520.0,0.02307,184187.0
1753591919920,04:51:59.920,bitget,ACH/USDT:USDT,0.023065,8239.0,0.023064,3389.0,0.023069,10520.0,0.02307,184187.0
1753591920071,04:52:00.071,bitget,ACH/USDT:USDT,0.023065,8239.0,0.023064,3389.0,0.023069,10520.0,0.02307,184187.0
1753591920221,04:52:00.221,bitget,ACH/USDT:USDT,0.023065,8239.0,0.023064,3389.0,0.023069,10520.0,0.02307,184187.0
1753591920371,04:52:00.371,bitget,ACH/USDT:USDT,0.023065,8239.0,0.023064,3389.0,0.023069,10520.0,0.02307,184187.0
1753591920521,04:52:00.521,bitget,ACH/USDT:USDT,0.023065,8239.0,0.023064,3389.0,0.023069,10520.0,0.02307,184187.0
1753591920671,04:52:00.671,bitget,ACH/USDT:USDT,0.023065,8239.0,0.023064,3389.0,0.023069,10520.0,0.02307,184187.0
1753591920821,04:52:00.821,bitget,ACH/USDT:USDT,0.023065,8239.0,0.023064,3389.0,0.023069,10520.0,0.02307,184187.0
1753591920971,04:52:00.971,bitget,ACH/USDT:USDT,0.023065,8239.0,0.023064,3389.0,0.023069,10520.0,0.02307,184187.0
1753591921121,04:52:01.121,bitget,ACH/USDT:USDT,0.023065,8239.0,0.023064,3389.0,0.023069,10520.0,0.02307,184187.0
1753591921271,04:52:01.271,bitget,ACH/USDT:USDT,0.023065,8239.0,0.023064,3389.0,0.023069,10520.0,0.02307,184187.0
1753591921421,04:52:01.421,bitget,ACH/USDT:USDT,0.023065,8239.0,0.023064,3389.0,0.023069,10520.0,0.02307,184187.0
1753591921571,04:52:01.571,bitget,ACH/USDT:USDT,0.023065,8239.0,0.023064,3389.0,0.023069,10520.0,0.02307,184187.0
1753591921722,04:52:01.722,bitget,ACH/USDT:USDT,0.023065,8239.0,0.023064,3389.0,0.023069,10520.0,0.02307,184187.0
1753591921872,04:52:01.872,bitget,ACH/USDT:USDT,0.023065,8239.0,0.023064,3389.0,0.023069,10520.0,0.02307,184187.0
1753591922022,04:52:02.022,bitget,ACH/USDT:USDT,0.023068,6671.0,0.023065,8239.0,0.023069,10520.0,0.02307,184187.0
1753591922172,04:52:02.172,bitget,ACH/USDT:USDT,0.023068,6671.0,0.023066,4852.0,0.023069,10520.0,0.02307,184187.0
1753591922322,04:52:02.322,bitget,ACH/USDT:USDT,0.023068,6671.0,0.023066,4852.0,0.023069,2731.0,0.02307,184187.0
1753591922472,04:52:02.472,bitget,ACH/USDT:USDT,0.023066,4852.0,0.023065,3389.0,0.023069,2731.0,0.02307,184187.0
1753591922622,04:52:02.622,bitget,ACH/USDT:USDT,0.023066,4852.0,0.023065,3389.0,0.023069,2731.0,0.02307,184187.0
1753591922772,04:52:02.772,bitget,ACH/USDT:USDT,0.023066,4852.0,0.023065,3389.0,0.023069,2731.0,0.02307,184187.0
1753591922922,04:52:02.922,bitget,ACH/USDT:USDT,0.023066,4852.0,0.023065,3389.0,0.023069,2731.0,0.02307,184187.0
1753591923072,04:52:03.072,bitget,ACH/USDT:USDT,0.023066,4852.0,0.023065,3389.0,0.023069,2731.0,0.02307,184187.0
1753591923222,04:52:03.222,bitget,ACH/USDT:USDT,0.023066,4852.0,0.023065,3389.0,0.023069,2731.0,0.02307,184187.0
1753591923373,04:52:03.373,bitget,ACH/USDT:USDT,0.023066,4852.0,0.023065,3389.0,0.023069,2731.0,0.02307,184187.0
1753591923523,04:52:03.523,bitget,ACH/USDT:USDT,0.023066,4852.0,0.023065,3389.0,0.023069,2731.0,0.02307,184187.0
1753591923673,04:52:03.673,bitget,ACH/USDT:USDT,0.023066,4852.0,0.023065,3389.0,0.023069,2731.0,0.02307,184187.0
1753591923823,04:52:03.823,bitget,ACH/USDT:USDT,0.023066,4852.0,0.023065,3389.0,0.023069,2731.0,0.02307,184187.0
1753591923973,04:52:03.973,bitget,ACH/USDT:USDT,0.023066,4852.0,0.023065,3389.0,0.023069,2731.0,0.02307,184187.0
1753591924123,04:52:04.123,bitget,ACH/USDT:USDT,0.023066,4852.0,0.023065,3389.0,0.023069,2731.0,0.02307,184187.0
1753591924273,04:52:04.273,bitget,ACH/USDT:USDT,0.023066,4852.0,0.023065,3389.0,0.023069,2731.0,0.02307,184187.0
1753591924423,04:52:04.423,bitget,ACH/USDT:USDT,0.023066,4852.0,0.023065,3389.0,0.023069,2731.0,0.02307,184187.0
1753591924573,04:52:04.573,bitget,ACH/USDT:USDT,0.023066,4852.0,0.023065,3389.0,0.023069,2731.0,0.02307,184187.0
1753591924723,04:52:04.723,bitget,ACH/USDT:USDT,0.023066,4852.0,0.023065,3389.0,0.023069,2731.0,0.02307,184187.0
1753591924874,04:52:04.874,bitget,ACH/USDT:USDT,0.023066,4852.0,0.023065,3389.0,0.023069,2731.0,0.02307,184187.0
1753591925024,04:52:05.024,bitget,ACH/USDT:USDT,0.023066,4852.0,0.023065,3389.0,0.023069,2731.0,0.02307,184187.0
1753591925174,04:52:05.174,bitget,ACH/USDT:USDT,0.023066,4852.0,0.023065,3389.0,0.023069,2731.0,0.02307,184187.0
1753591925324,04:52:05.324,bitget,ACH/USDT:USDT,0.023066,4852.0,0.023065,3389.0,0.023069,2731.0,0.02307,184187.0
1753591925474,04:52:05.474,bitget,ACH/USDT:USDT,0.023066,4852.0,0.023065,3389.0,0.023069,2731.0,0.02307,184187.0
1753591925624,04:52:05.624,bitget,ACH/USDT:USDT,0.023066,4852.0,0.023065,3389.0,0.023069,2731.0,0.02307,184187.0
1753591925774,04:52:05.774,bitget,ACH/USDT:USDT,0.023066,4852.0,0.023065,3389.0,0.023069,2731.0,0.02307,184187.0
1753591925924,04:52:05.924,bitget,ACH/USDT:USDT,0.023066,4852.0,0.023065,3389.0,0.023069,2731.0,0.02307,184187.0
1753591926074,04:52:06.074,bitget,ACH/USDT:USDT,0.023066,4852.0,0.023065,3389.0,0.023069,2731.0,0.02307,184187.0
1753591926224,04:52:06.224,bitget,ACH/USDT:USDT,0.023066,4852.0,0.023065,3389.0,0.023069,2731.0,0.02307,184187.0
1753591926374,04:52:06.374,bitget,ACH/USDT:USDT,0.023066,4852.0,0.023065,3389.0,0.023069,2731.0,0.02307,184187.0
1753591926525,04:52:06.525,bitget,ACH/USDT:USDT,0.023066,4852.0,0.023065,3389.0,0.023069,2731.0,0.02307,184187.0
1753591926675,04:52:06.675,bitget,ACH/USDT:USDT,0.023066,4852.0,0.023065,3389.0,0.023069,2731.0,0.02307,184187.0
1753591926825,04:52:06.825,bitget,ACH/USDT:USDT,0.023066,4852.0,0.023065,3389.0,0.023069,2731.0,0.02307,184187.0
1753591926975,04:52:06.975,bitget,ACH/USDT:USDT,0.023066,4852.0,0.023065,3389.0,0.023069,2731.0,0.02307,184187.0
1753591927125,04:52:07.125,bitget,ACH/USDT:USDT,0.023066,4852.0,0.023065,3389.0,0.023069,2731.0,0.02307,184187.0
1753591927275,04:52:07.275,bitget,ACH/USDT:USDT,0.023066,4852.0,0.023065,3389.0,0.023069,2731.0,0.02307,184187.0
1753591927425,04:52:07.425,bitget,ACH/USDT:USDT,0.023066,4852.0,0.023065,3389.0,0.023069,2731.0,0.02307,184187.0
1753591927575,04:52:07.575,bitget,ACH/USDT:USDT,0.023066,4852.0,0.023065,3389.0,0.023069,2731.0,0.02307,184187.0
1753591927725,04:52:07.725,bitget,ACH/USDT:USDT,0.023066,4852.0,0.023065,3389.0,0.023069,2731.0,0.02307,184187.0
1753591927875,04:52:07.875,bitget,ACH/USDT:USDT,0.023066,4852.0,0.023065,3389.0,0.023069,2731.0,0.02307,184187.0
1753591928025,04:52:08.025,bitget,ACH/USDT:USDT,0.023066,4852.0,0.023065,3389.0,0.023069,2731.0,0.02307,184187.0
1753591928176,04:52:08.176,bitget,ACH/USDT:USDT,0.023066,4852.0,0.023065,3389.0,0.023069,2731.0,0.02307,184187.0
1753591928326,04:52:08.326,bitget,ACH/USDT:USDT,0.023066,4852.0,0.023065,3389.0,0.023069,2731.0,0.02307,184187.0
1753591928476,04:52:08.476,bitget,ACH/USDT:USDT,0.023066,4852.0,0.023065,3389.0,0.023069,2731.0,0.02307,184187.0
1753591928626,04:52:08.626,bitget,ACH/USDT:USDT,0.023066,4852.0,0.023065,3389.0,0.023069,2731.0,0.02307,184187.0
1753591928776,04:52:08.776,bitget,ACH/USDT:USDT,0.023066,4852.0,0.023065,3389.0,0.023069,2731.0,0.02307,184187.0
1753591928926,04:52:08.926,bitget,ACH/USDT:USDT,0.023066,4852.0,0.023065,3389.0,0.023069,2731.0,0.02307,184187.0
1753591929076,04:52:09.076,bitget,ACH/USDT:USDT,0.023066,4852.0,0.023065,3389.0,0.023069,2731.0,0.02307,184187.0
1753591929226,04:52:09.226,bitget,ACH/USDT:USDT,0.023066,4852.0,0.023065,3389.0,0.023069,2731.0,0.02307,184187.0
1753591929376,04:52:09.376,bitget,ACH/USDT:USDT,0.023066,4852.0,0.023065,3389.0,0.023069,2731.0,0.02307,184187.0
1753591929526,04:52:09.526,bitget,ACH/USDT:USDT,0.023066,4852.0,0.023065,3389.0,0.023069,2731.0,0.02307,184187.0
1753591929676,04:52:09.676,bitget,ACH/USDT:USDT,0.023066,4852.0,0.023065,3389.0,0.023069,2731.0,0.02307,184187.0
1753591929827,04:52:09.827,bitget,ACH/USDT:USDT,0.023066,4852.0,0.023065,3389.0,0.023069,2731.0,0.02307,184187.0
1753591929977,04:52:09.977,bitget,ACH/USDT:USDT,0.023066,4852.0,0.023065,3389.0,0.023069,2731.0,0.02307,184187.0
1753591930127,04:52:10.127,bitget,ACH/USDT:USDT,0.023066,4852.0,0.023065,3389.0,0.023069,2731.0,0.02307,184187.0
1753591930277,04:52:10.277,bitget,ACH/USDT:USDT,0.023066,4852.0,0.023065,3389.0,0.023069,2731.0,0.02307,184187.0
1753591930427,04:52:10.427,bitget,ACH/USDT:USDT,0.023066,4852.0,0.023065,3389.0,0.023069,2731.0,0.02307,184187.0
1753591930577,04:52:10.577,bitget,ACH/USDT:USDT,0.023066,4852.0,0.023065,3389.0,0.023069,2731.0,0.02307,184187.0
1753591930727,04:52:10.727,bitget,ACH/USDT:USDT,0.023066,4852.0,0.023065,3389.0,0.023069,2731.0,0.02307,184187.0
1753591930877,04:52:10.877,bitget,ACH/USDT:USDT,0.023066,4852.0,0.023065,3389.0,0.023069,2731.0,0.02307,184187.0
1753591931027,04:52:11.027,bitget,ACH/USDT:USDT,0.023066,4852.0,0.023065,3389.0,0.023069,2731.0,0.02307,184187.0
1753591931177,04:52:11.177,bitget,ACH/USDT:USDT,0.023066,4852.0,0.023065,3389.0,0.023069,2731.0,0.02307,184187.0
1753591931327,04:52:11.327,bitget,ACH/USDT:USDT,0.023066,4852.0,0.023065,3389.0,0.023069,2731.0,0.02307,184187.0
1753591931478,04:52:11.478,bitget,ACH/USDT:USDT,0.023066,4852.0,0.023065,3389.0,0.023069,2731.0,0.02307,184187.0
1753591931628,04:52:11.628,bitget,ACH/USDT:USDT,0.023066,4852.0,0.023065,3389.0,0.023069,2731.0,0.02307,184187.0
1753591931778,04:52:11.778,bitget,ACH/USDT:USDT,0.023066,4852.0,0.023065,3389.0,0.023069,2731.0,0.02307,184187.0
1753591931928,04:52:11.928,bitget,ACH/USDT:USDT,0.023066,4852.0,0.023065,3389.0,0.023069,2731.0,0.02307,184187.0
1753591932078,04:52:12.078,bitget,ACH/USDT:USDT,0.023066,4852.0,0.023065,3389.0,0.023069,2731.0,0.02307,184187.0
1753591932228,04:52:12.228,bitget,ACH/USDT:USDT,0.023066,4852.0,0.023065,3389.0,0.023069,2731.0,0.02307,184187.0
1753591932378,04:52:12.378,bitget,ACH/USDT:USDT,0.023066,4852.0,0.023065,3389.0,0.023069,2731.0,0.02307,184187.0
1753591932528,04:52:12.528,bitget,ACH/USDT:USDT,0.023066,4852.0,0.023065,3389.0,0.023069,2731.0,0.02307,184187.0
1753591932678,04:52:12.678,bitget,ACH/USDT:USDT,0.023066,4852.0,0.023064,4852.0,0.023069,2731.0,0.02307,184187.0
1753591932828,04:52:12.828,bitget,ACH/USDT:USDT,0.023066,4852.0,0.023064,4852.0,0.023069,2731.0,0.02307,184187.0
1753591932979,04:52:12.979,bitget,ACH/USDT:USDT,0.023066,4852.0,0.023064,4852.0,0.023069,2731.0,0.02307,184187.0
1753591933129,04:52:13.129,bitget,ACH/USDT:USDT,0.023066,4852.0,0.023064,4852.0,0.023069,2731.0,0.02307,184187.0
1753591933279,04:52:13.279,bitget,ACH/USDT:USDT,0.023066,4852.0,0.023064,4852.0,0.023069,2731.0,0.02307,184187.0
1753591933429,04:52:13.429,bitget,ACH/USDT:USDT,0.023066,4852.0,0.023064,4852.0,0.023069,2731.0,0.02307,184187.0
1753591933579,04:52:13.579,bitget,ACH/USDT:USDT,0.023066,4852.0,0.023064,4852.0,0.023069,2731.0,0.02307,184187.0
1753591933729,04:52:13.729,bitget,ACH/USDT:USDT,0.023066,4852.0,0.023064,4852.0,0.023069,2731.0,0.02307,184187.0
1753591933879,04:52:13.879,bitget,ACH/USDT:USDT,0.023066,4852.0,0.023064,4852.0,0.023069,2731.0,0.02307,184187.0
1753591934029,04:52:14.029,bitget,ACH/USDT:USDT,0.023066,4852.0,0.023064,4852.0,0.023069,2731.0,0.02307,184187.0
1753591934179,04:52:14.179,bitget,ACH/USDT:USDT,0.023066,4852.0,0.023064,4852.0,0.023069,2731.0,0.02307,184187.0
1753591934329,04:52:14.329,bitget,ACH/USDT:USDT,0.023066,4852.0,0.023064,4852.0,0.023069,2731.0,0.02307,184187.0
1753591934479,04:52:14.479,bitget,ACH/USDT:USDT,0.023066,4852.0,0.023064,4852.0,0.023069,2731.0,0.02307,184187.0
1753591934630,04:52:14.630,bitget,ACH/USDT:USDT,0.023066,4852.0,0.023064,4852.0,0.023069,2731.0,0.02307,184187.0
1753591934780,04:52:14.780,bitget,ACH/USDT:USDT,0.023066,4852.0,0.023064,4852.0,0.023069,2731.0,0.02307,184187.0
1753591934930,04:52:14.930,bitget,ACH/USDT:USDT,0.023066,4852.0,0.023064,4852.0,0.023069,2731.0,0.02307,184187.0
1753591935080,04:52:15.080,bitget,ACH/USDT:USDT,0.023066,4852.0,0.023064,4852.0,0.023069,2731.0,0.02307,184187.0
1753591935230,04:52:15.230,bitget,ACH/USDT:USDT,0.023066,4852.0,0.023064,4852.0,0.023069,2731.0,0.02307,184187.0
1753591935380,04:52:15.380,bitget,ACH/USDT:USDT,0.023066,4852.0,0.023064,4852.0,0.023069,2731.0,0.02307,184187.0
1753591935680,04:52:15.680,bitget,ACH/USDT:USDT,0.023066,4852.0,0.023064,4852.0,0.023069,2731.0,0.02307,184187.0
1753591935830,04:52:15.830,bitget,ACH/USDT:USDT,0.023066,4852.0,0.023064,4852.0,0.023069,2731.0,0.02307,184187.0
1753591935980,04:52:15.980,bitget,ACH/USDT:USDT,0.023066,4852.0,0.023064,4852.0,0.023069,2731.0,0.02307,184187.0
1753591936130,04:52:16.130,bitget,ACH/USDT:USDT,0.023066,4852.0,0.023064,4852.0,0.023069,2731.0,0.02307,184187.0
1753591936281,04:52:16.281,bitget,ACH/USDT:USDT,0.023066,4852.0,0.023064,4852.0,0.023069,2731.0,0.02307,184187.0
1753591936431,04:52:16.431,bitget,ACH/USDT:USDT,0.023066,4852.0,0.023064,4852.0,0.023069,2731.0,0.02307,184187.0
1753591936581,04:52:16.581,bitget,ACH/USDT:USDT,0.023066,4852.0,0.023064,4852.0,0.023069,2731.0,0.02307,184187.0
1753591936731,04:52:16.731,bitget,ACH/USDT:USDT,0.023066,4852.0,0.023064,4852.0,0.023069,2731.0,0.02307,184187.0
1753591936881,04:52:16.881,bitget,ACH/USDT:USDT,0.023066,4852.0,0.023064,4852.0,0.023069,2731.0,0.02307,184187.0
1753591937031,04:52:17.031,bitget,ACH/USDT:USDT,0.023066,4852.0,0.023064,4852.0,0.023069,2731.0,0.02307,184187.0
1753591937181,04:52:17.181,bitget,ACH/USDT:USDT,0.023066,4852.0,0.023064,4852.0,0.023069,2731.0,0.02307,184187.0
1753591937331,04:52:17.331,bitget,ACH/USDT:USDT,0.023066,4852.0,0.023064,4852.0,0.023069,2731.0,0.02307,184187.0
1753591937481,04:52:17.481,bitget,ACH/USDT:USDT,0.023066,4852.0,0.023064,4852.0,0.023069,2731.0,0.02307,184187.0
1753591937631,04:52:17.631,bitget,ACH/USDT:USDT,0.023066,4852.0,0.023064,4852.0,0.023069,2731.0,0.02307,184187.0
1753591937782,04:52:17.782,bitget,ACH/USDT:USDT,0.023066,4852.0,0.023064,4852.0,0.023069,2731.0,0.02307,184187.0
1753591937932,04:52:17.932,bitget,ACH/USDT:USDT,0.023066,4852.0,0.023064,4852.0,0.023069,2731.0,0.02307,184187.0
1753591938082,04:52:18.082,bitget,ACH/USDT:USDT,0.023066,4852.0,0.023064,4852.0,0.023069,2731.0,0.02307,184187.0
1753591938232,04:52:18.232,bitget,ACH/USDT:USDT,0.023066,4852.0,0.023064,4852.0,0.023069,2731.0,0.02307,184187.0
1753591938382,04:52:18.382,bitget,ACH/USDT:USDT,0.023066,4852.0,0.023064,4852.0,0.023069,2731.0,0.02307,184187.0
1753591938532,04:52:18.532,bitget,ACH/USDT:USDT,0.023068,6671.0,0.023066,6324.0,0.023072,2769.0,0.023075,2706.0
1753591938682,04:52:18.682,bitget,ACH/USDT:USDT,0.023071,6671.0,0.023068,9422.0,0.023073,184052.0,0.023075,2706.0
1753591938832,04:52:18.832,bitget,ACH/USDT:USDT,0.023072,6671.0,0.023071,6671.0,0.023073,184052.0,0.023078,2715.0
1753591938982,04:52:18.982,bitget,ACH/USDT:USDT,0.023072,6671.0,0.02307,4861.0,0.023078,2715.0,0.023081,3767.0
1753591939132,04:52:19.132,bitget,ACH/USDT:USDT,0.023073,6671.0,0.023072,6671.0,0.023077,184051.0,0.023078,2715.0
1753591939282,04:52:19.282,bitget,ACH/USDT:USDT,0.023074,6671.0,0.023073,6671.0,0.023077,184051.0,0.023078,2715.0
1753591939433,04:52:19.433,bitget,ACH/USDT:USDT,0.023072,4861.0,0.023069,2751.0,0.023077,184051.0,0.023078,2715.0
1753591939583,04:52:19.583,bitget,ACH/USDT:USDT,0.023072,4861.0,0.02307,4861.0,0.023077,184051.0,0.023078,2715.0
1753591939733,04:52:19.733,bitget,ACH/USDT:USDT,0.023072,4861.0,0.02307,4861.0,0.023077,184051.0,0.023078,2715.0
1753591939883,04:52:19.883,bitget,ACH/USDT:USDT,0.023072,4861.0,0.02307,4861.0,0.023077,184051.0,0.023078,2715.0
1753591940033,04:52:20.033,bitget,ACH/USDT:USDT,0.023072,4861.0,0.02307,4861.0,0.023077,184051.0,0.023078,2715.0
1753591940183,04:52:20.183,bitget,ACH/USDT:USDT,0.023072,4861.0,0.02307,4861.0,0.023077,184051.0,0.023078,2715.0
1753591940333,04:52:20.333,bitget,ACH/USDT:USDT,0.023072,4861.0,0.02307,4861.0,0.023077,184051.0,0.023078,2715.0
1753591940483,04:52:20.483,bitget,ACH/USDT:USDT,0.023072,4861.0,0.02307,4861.0,0.023077,184051.0,0.023078,2715.0
1753591940633,04:52:20.633,bitget,ACH/USDT:USDT,0.023072,4861.0,0.02307,4861.0,0.023077,184051.0,0.023078,2715.0
1753591940783,04:52:20.783,bitget,ACH/USDT:USDT,0.023072,4861.0,0.02307,4861.0,0.023077,184051.0,0.023078,2715.0
1753591940933,04:52:20.933,bitget,ACH/USDT:USDT,0.023072,4861.0,0.02307,4861.0,0.023077,184051.0,0.023078,2715.0
1753591941084,04:52:21.084,bitget,ACH/USDT:USDT,0.023072,4861.0,0.02307,4861.0,0.023077,184051.0,0.023078,2715.0
1753591941234,04:52:21.234,bitget,ACH/USDT:USDT,0.023072,4861.0,0.02307,4861.0,0.023077,184051.0,0.023078,2715.0
1753591941384,04:52:21.384,bitget,ACH/USDT:USDT,0.023072,4861.0,0.02307,4861.0,0.023077,184051.0,0.023078,2715.0
1753591941534,04:52:21.534,bitget,ACH/USDT:USDT,0.023072,4861.0,0.02307,4861.0,0.023077,184051.0,0.023078,2715.0
1753591941684,04:52:21.684,bitget,ACH/USDT:USDT,0.023072,4861.0,0.02307,4861.0,0.023077,184051.0,0.023078,2715.0
1753591941834,04:52:21.834,bitget,ACH/USDT:USDT,0.023072,4861.0,0.02307,4861.0,0.023077,184051.0,0.023078,2715.0
1753591941984,04:52:21.984,bitget,ACH/USDT:USDT,0.023072,4861.0,0.02307,4861.0,0.023077,184051.0,0.023078,2715.0
1753591942134,04:52:22.134,bitget,ACH/USDT:USDT,0.023072,4861.0,0.02307,4861.0,0.023077,184051.0,0.023078,2715.0
1753591942284,04:52:22.284,bitget,ACH/USDT:USDT,0.023072,4861.0,0.02307,4861.0,0.023077,184051.0,0.023078,2715.0
1753591942434,04:52:22.434,bitget,ACH/USDT:USDT,0.023072,4861.0,0.02307,4861.0,0.023077,184051.0,0.023078,2715.0
1753591942584,04:52:22.584,bitget,ACH/USDT:USDT,0.023072,4861.0,0.02307,4861.0,0.023077,184051.0,0.023078,2715.0
1753591942735,04:52:22.735,bitget,ACH/USDT:USDT,0.023072,4861.0,0.02307,4861.0,0.023077,184051.0,0.023078,2715.0
1753591942885,04:52:22.885,bitget,ACH/USDT:USDT,0.023072,4861.0,0.02307,4861.0,0.023077,184051.0,0.023078,2715.0
1753591943035,04:52:23.035,bitget,ACH/USDT:USDT,0.023072,4861.0,0.02307,4861.0,0.023077,184051.0,0.023078,2715.0
1753591943185,04:52:23.185,bitget,ACH/USDT:USDT,0.023072,4861.0,0.02307,4861.0,0.023077,184051.0,0.023078,2715.0
1753591943335,04:52:23.335,bitget,ACH/USDT:USDT,0.023072,4861.0,0.02307,4861.0,0.023077,184051.0,0.023078,2715.0
1753591943485,04:52:23.485,bitget,ACH/USDT:USDT,0.023072,7612.0,0.02307,4861.0,0.023077,184051.0,0.023078,2715.0
1753591943635,04:52:23.635,bitget,ACH/USDT:USDT,0.023073,10894.0,0.023072,4861.0,0.023077,184051.0,0.023081,2802.0
1753591944085,04:52:24.085,bitget,ACH/USDT:USDT,0.023076,6671.0,0.023074,4861.0,0.023077,184051.0,0.023081,2802.0
1753591944235,04:52:24.235,bitget,ACH/USDT:USDT,0.023076,6671.0,0.023074,4861.0,0.023077,184051.0,0.023081,2802.0
1753591944386,04:52:24.386,bitget,ACH/USDT:USDT,0.023076,6671.0,0.023074,4861.0,0.023077,184051.0,0.023081,2802.0
1753591944536,04:52:24.536,bitget,ACH/USDT:USDT,0.023076,6671.0,0.023074,4861.0,0.023077,184051.0,0.023081,2802.0
1753591944686,04:52:24.686,bitget,ACH/USDT:USDT,0.023076,6671.0,0.023074,4861.0,0.023077,184051.0,0.023081,2802.0
1753591944836,04:52:24.836,bitget,ACH/USDT:USDT,0.023076,6671.0,0.023074,4861.0,0.023077,184051.0,0.023081,2802.0
1753591944986,04:52:24.986,bitget,ACH/USDT:USDT,0.023076,6671.0,0.023074,4861.0,0.023077,184051.0,0.023081,2802.0
1753591945136,04:52:25.136,bitget,ACH/USDT:USDT,0.023076,6671.0,0.023074,4861.0,0.023077,184051.0,0.023081,5862.0
1753591945286,04:52:25.286,bitget,ACH/USDT:USDT,0.023076,6671.0,0.023074,4861.0,0.023077,184051.0,0.023081,5862.0
1753591945436,04:52:25.436,bitget,ACH/USDT:USDT,0.023076,6671.0,0.023074,4861.0,0.023077,184051.0,0.023081,5862.0
1753591945586,04:52:25.586,bitget,ACH/USDT:USDT,0.023076,6671.0,0.023074,4861.0,0.023077,184051.0,0.023081,5862.0
1753591945736,04:52:25.736,bitget,ACH/USDT:USDT,0.023076,6671.0,0.023074,4861.0,0.023077,184051.0,0.023081,5862.0
1753591945886,04:52:25.886,bitget,ACH/USDT:USDT,0.023076,6671.0,0.023074,4861.0,0.023077,184051.0,0.023081,5862.0
1753591946037,04:52:26.037,bitget,ACH/USDT:USDT,0.023076,6671.0,0.023074,4861.0,0.023077,184051.0,0.023081,5862.0
1753591946187,04:52:26.187,bitget,ACH/USDT:USDT,0.023076,6671.0,0.023074,4861.0,0.023077,184051.0,0.023081,5862.0
1753591946337,04:52:26.337,bitget,ACH/USDT:USDT,0.023076,6671.0,0.023074,4861.0,0.023077,184051.0,0.023081,5862.0
1753591946487,04:52:26.487,bitget,ACH/USDT:USDT,0.023076,6671.0,0.023074,4861.0,0.023077,184051.0,0.023081,5862.0
1753591946637,04:52:26.637,bitget,ACH/USDT:USDT,0.023076,6671.0,0.023074,8260.0,0.023077,184051.0,0.023081,5862.0
1753591946787,04:52:26.787,bitget,ACH/USDT:USDT,0.023076,6671.0,0.023074,8260.0,0.023077,184051.0,0.023081,2802.0
1753591946937,04:52:26.937,bitget,ACH/USDT:USDT,0.023076,6671.0,0.023074,8260.0,0.023077,184051.0,0.023081,2802.0
1753591947087,04:52:27.087,bitget,ACH/USDT:USDT,0.023076,6671.0,0.023074,8260.0,0.023077,184051.0,0.023081,2802.0
1753591947237,04:52:27.237,bitget,ACH/USDT:USDT,0.023076,6671.0,0.023074,8260.0,0.023077,184051.0,0.023084,2729.0
1753591947387,04:52:27.387,bitget,ACH/USDT:USDT,0.023076,6671.0,0.023074,4861.0,0.02308,184011.0,0.023084,2729.0
1753591947537,04:52:27.537,bitget,ACH/USDT:USDT,0.023079,6671.0,0.023076,6671.0,0.02308,184011.0,0.023084,2729.0
1753591947688,04:52:27.688,bitget,ACH/USDT:USDT,0.023079,6671.0,0.023077,4857.0,0.02308,184011.0,0.023084,2729.0
1753591947838,04:52:27.838,bitget,ACH/USDT:USDT,0.023079,6671.0,0.023077,4857.0,0.02308,184011.0,0.023084,2729.0
1753591947988,04:52:27.988,bitget,ACH/USDT:USDT,0.023079,6671.0,0.023077,4857.0,0.02308,184011.0,0.023084,2729.0
1753591948138,04:52:28.138,bitget,ACH/USDT:USDT,0.023079,6671.0,0.023077,4857.0,0.02308,184011.0,0.023084,2729.0
1753591948288,04:52:28.288,bitget,ACH/USDT:USDT,0.023079,6671.0,0.023077,4857.0,0.02308,184011.0,0.023084,2729.0
1753591948438,04:52:28.438,bitget,ACH/USDT:USDT,0.023079,6671.0,0.023077,4857.0,0.02308,184011.0,0.023084,2729.0
1753591948588,04:52:28.588,bitget,ACH/USDT:USDT,0.023079,6671.0,0.023077,4857.0,0.02308,184011.0,0.023084,2729.0
1753591948738,04:52:28.738,bitget,ACH/USDT:USDT,0.023079,6671.0,0.023077,4857.0,0.02308,184011.0,0.023084,2729.0
1753591948888,04:52:28.888,bitget,ACH/USDT:USDT,0.023079,6671.0,0.023077,4857.0,0.02308,184011.0,0.023084,2729.0
1753591949038,04:52:29.038,bitget,ACH/USDT:USDT,0.023079,6671.0,0.023077,4857.0,0.02308,184011.0,0.023084,2729.0
1753591949188,04:52:29.188,bitget,ACH/USDT:USDT,0.023079,6671.0,0.023077,4857.0,0.02308,184011.0,0.023084,2729.0
1753591949339,04:52:29.339,bitget,ACH/USDT:USDT,0.023079,6671.0,0.023077,4857.0,0.02308,184011.0,0.023084,2729.0
1753591949489,04:52:29.489,bitget,ACH/USDT:USDT,0.023076,4857.0,0.023065,2751.0,0.02308,184011.0,0.023082,21420.0
1753591949639,04:52:29.639,bitget,ACH/USDT:USDT,0.023076,4857.0,0.023074,4857.0,0.02308,184011.0,0.023082,21420.0
1753591949789,04:52:29.789,bitget,ACH/USDT:USDT,0.023076,4857.0,0.023074,4857.0,0.02308,184011.0,0.023082,21420.0
1753591949939,04:52:29.939,bitget,ACH/USDT:USDT,0.023076,4857.0,0.023074,4857.0,0.02308,184011.0,0.023082,21420.0
1753591950089,04:52:30.089,bitget,ACH/USDT:USDT,0.023072,4857.0,0.023065,2751.0,0.023076,4857.0,0.02308,187707.0
1753591950239,04:52:30.239,bitget,ACH/USDT:USDT,0.023073,4857.0,0.023072,4857.0,0.023076,7598.0,0.02308,187707.0
1753591950689,04:52:30.689,bitget,ACH/USDT:USDT,0.023075,6671.0,0.023073,4857.0,0.023076,2741.0,0.02308,184011.0
1753591950839,04:52:30.839,bitget,ACH/USDT:USDT,0.023075,6671.0,0.023073,4857.0,0.023076,2741.0,0.02308,184011.0
1753591950990,04:52:30.990,bitget,ACH/USDT:USDT,0.023075,6671.0,0.023073,4857.0,0.023076,2741.0,0.02308,184011.0
1753591951140,04:52:31.140,bitget,ACH/USDT:USDT,0.023075,6671.0,0.023073,4857.0,0.023076,2741.0,0.02308,184011.0
1753591951290,04:52:31.290,bitget,ACH/USDT:USDT,0.023075,6671.0,0.023074,3288.0,0.02308,184011.0,0.023084,2729.0
1753591951440,04:52:31.440,bitget,ACH/USDT:USDT,0.023079,6671.0,0.023075,6671.0,0.02308,184011.0,0.023084,2729.0
1753591951590,04:52:31.590,bitget,ACH/USDT:USDT,0.023079,6671.0,0.023077,4857.0,0.02308,184011.0,0.023084,2729.0
1753591951740,04:52:31.740,bitget,ACH/USDT:USDT,0.023079,6671.0,0.023077,4857.0,0.02308,184011.0,0.023084,2729.0
1753591951890,04:52:31.890,bitget,ACH/USDT:USDT,0.023079,6671.0,0.023077,4857.0,0.02308,184011.0,0.023084,2729.0
1753591952040,04:52:32.040,bitget,ACH/USDT:USDT,0.023079,6671.0,0.023077,4857.0,0.02308,184011.0,0.023084,2729.0
1753591952190,04:52:32.190,bitget,ACH/USDT:USDT,0.023079,6671.0,0.023077,4857.0,0.02308,184011.0,0.023084,2729.0
1753591952340,04:52:32.340,bitget,ACH/USDT:USDT,0.023079,6671.0,0.023077,4857.0,0.02308,184011.0,0.023084,2729.0
1753591952491,04:52:32.491,bitget,ACH/USDT:USDT,0.023079,6671.0,0.023077,4857.0,0.02308,184011.0,0.023084,2729.0
1753591952641,04:52:32.641,bitget,ACH/USDT:USDT,0.023079,6671.0,0.023077,4857.0,0.02308,184011.0,0.023084,2729.0
1753591952791,04:52:32.791,bitget,ACH/USDT:USDT,0.023079,6671.0,0.023077,4857.0,0.02308,184011.0,0.023084,2729.0
1753591952941,04:52:32.941,bitget,ACH/USDT:USDT,0.023079,6671.0,0.023077,4857.0,0.02308,184011.0,0.023084,2729.0
1753591953091,04:52:33.091,bitget,ACH/USDT:USDT,0.023079,6671.0,0.023077,4857.0,0.02308,184011.0,0.023084,2729.0
1753591953241,04:52:33.241,bitget,ACH/USDT:USDT,0.023079,6671.0,0.023077,4857.0,0.02308,184011.0,0.023084,2729.0
1753591953391,04:52:33.391,bitget,ACH/USDT:USDT,0.023079,6671.0,0.023077,4857.0,0.02308,184011.0,0.023084,2729.0
1753591953541,04:52:33.541,bitget,ACH/USDT:USDT,0.023079,6671.0,0.023077,4857.0,0.02308,184011.0,0.023084,2729.0
1753591953691,04:52:33.691,bitget,ACH/USDT:USDT,0.023079,6671.0,0.023077,4857.0,0.02308,184011.0,0.023084,2729.0
1753591953841,04:52:33.841,bitget,ACH/USDT:USDT,0.023079,6671.0,0.023077,4857.0,0.02308,184011.0,0.023084,2729.0
1753591953991,04:52:33.991,bitget,ACH/USDT:USDT,0.023079,6671.0,0.023077,4857.0,0.02308,184011.0,0.023084,2729.0
1753591954142,04:52:34.142,bitget,ACH/USDT:USDT,0.023079,6671.0,0.023077,4857.0,0.02308,184011.0,0.023084,2729.0
1753591954292,04:52:34.292,bitget,ACH/USDT:USDT,0.023079,6671.0,0.023077,4857.0,0.02308,184011.0,0.023084,2729.0
1753591954442,04:52:34.442,bitget,ACH/USDT:USDT,0.023079,6671.0,0.023077,4857.0,0.02308,184011.0,0.023084,2729.0
1753591954592,04:52:34.592,bitget,ACH/USDT:USDT,0.023079,6671.0,0.023077,4857.0,0.02308,184011.0,0.023084,2729.0
1753591954742,04:52:34.742,bitget,ACH/USDT:USDT,0.023079,6671.0,0.023077,4857.0,0.02308,184011.0,0.023084,2729.0
1753591954892,04:52:34.892,bitget,ACH/USDT:USDT,0.023079,6671.0,0.023077,4857.0,0.02308,184011.0,0.023084,2729.0
1753591955042,04:52:35.042,bitget,ACH/USDT:USDT,0.023079,6671.0,0.023077,4857.0,0.02308,184011.0,0.023084,2729.0
1753591955192,04:52:35.192,bitget,ACH/USDT:USDT,0.023079,6671.0,0.023077,4857.0,0.02308,184011.0,0.023084,2729.0
1753591955342,04:52:35.342,bitget,ACH/USDT:USDT,0.023079,6671.0,0.023077,4857.0,0.02308,184011.0,0.023084,2729.0
1753591955492,04:52:35.492,bitget,ACH/USDT:USDT,0.023079,6671.0,0.023077,4857.0,0.02308,184011.0,0.023084,2729.0
1753591955642,04:52:35.642,bitget,ACH/USDT:USDT,0.023079,6671.0,0.023077,4857.0,0.02308,184011.0,0.023084,2729.0
1753591955793,04:52:35.793,bitget,ACH/USDT:USDT,0.023079,6671.0,0.023077,4857.0,0.02308,184011.0,0.023084,2729.0
1753591955943,04:52:35.943,bitget,ACH/USDT:USDT,0.023079,6671.0,0.023077,4857.0,0.02308,184011.0,0.023084,2729.0
1753591956093,04:52:36.093,bitget,ACH/USDT:USDT,0.023079,6671.0,0.023077,4857.0,0.02308,184011.0,0.023084,2729.0
1753591956243,04:52:36.243,bitget,ACH/USDT:USDT,0.023079,6671.0,0.023077,4857.0,0.02308,184011.0,0.023084,2729.0
1753591956393,04:52:36.393,bitget,ACH/USDT:USDT,0.023079,6671.0,0.023077,4857.0,0.02308,184011.0,0.023084,2729.0
1753591956543,04:52:36.543,bitget,ACH/USDT:USDT,0.023079,6671.0,0.023077,4857.0,0.02308,184011.0,0.023084,2729.0
1753591956693,04:52:36.693,bitget,ACH/USDT:USDT,0.023079,6671.0,0.023077,4857.0,0.02308,184011.0,0.023084,2729.0
1753591956843,04:52:36.843,bitget,ACH/USDT:USDT,0.023079,6671.0,0.023077,4857.0,0.02308,184011.0,0.023084,2729.0
1753591956993,04:52:36.993,bitget,ACH/USDT:USDT,0.023079,6671.0,0.023077,4857.0,0.02308,184011.0,0.023084,2729.0
1753591957143,04:52:37.143,bitget,ACH/USDT:USDT,0.023079,6671.0,0.023077,4857.0,0.02308,184011.0,0.023084,2729.0
1753591957293,04:52:37.293,bitget,ACH/USDT:USDT,0.023079,6671.0,0.023077,4857.0,0.02308,184011.0,0.023084,2729.0
1753591957444,04:52:37.444,bitget,ACH/USDT:USDT,0.023079,6671.0,0.023077,4857.0,0.02308,184011.0,0.023084,6835.0
1753591957594,04:52:37.594,bitget,ACH/USDT:USDT,0.023079,6671.0,0.023077,4857.0,0.02308,184011.0,0.023084,6835.0
1753591957744,04:52:37.744,bitget,ACH/USDT:USDT,0.023079,6671.0,0.023077,4857.0,0.02308,184011.0,0.023084,6835.0
1753591957894,04:52:37.894,bitget,ACH/USDT:USDT,0.023079,6671.0,0.023077,4857.0,0.02308,184011.0,0.023084,6835.0
1753591958044,04:52:38.044,bitget,ACH/USDT:USDT,0.023079,6671.0,0.023077,4857.0,0.02308,184011.0,0.023084,6835.0
1753591958194,04:52:38.194,bitget,ACH/USDT:USDT,0.023079,6671.0,0.023077,4857.0,0.02308,184011.0,0.023084,6835.0
1753591958344,04:52:38.344,bitget,ACH/USDT:USDT,0.023079,6671.0,0.023077,4857.0,0.02308,184011.0,0.023084,6835.0
1753591958494,04:52:38.494,bitget,ACH/USDT:USDT,0.023079,6671.0,0.023077,4857.0,0.02308,184011.0,0.023084,2729.0
1753591958644,04:52:38.644,bitget,ACH/USDT:USDT,0.023079,6671.0,0.023077,4857.0,0.02308,184011.0,0.023084,2729.0
1753591958794,04:52:38.794,bitget,ACH/USDT:USDT,0.023079,6671.0,0.023077,4857.0,0.02308,184011.0,0.023084,2729.0
1753591958944,04:52:38.944,bitget,ACH/USDT:USDT,0.023079,6671.0,0.023077,4857.0,0.02308,184011.0,0.023084,5403.0
1753591959095,04:52:39.095,bitget,ACH/USDT:USDT,0.02308,2802.0,0.023079,6671.0,0.023083,183963.0,0.023084,2729.0
1753591959245,04:52:39.245,bitget,ACH/USDT:USDT,0.023082,6671.0,0.02308,1470.0,0.023083,183963.0,0.023084,2729.0
1753591959395,04:52:39.395,bitget,ACH/USDT:USDT,0.023082,6671.0,0.02308,6320.0,0.023083,183963.0,0.023084,2729.0
1753591959545,04:52:39.545,bitget,ACH/USDT:USDT,0.023082,6671.0,0.02308,6320.0,0.023083,183963.0,0.023084,2729.0
1753591959695,04:52:39.695,bitget,ACH/USDT:USDT,0.023082,6671.0,0.02308,6320.0,0.023083,183963.0,0.023084,2729.0
1753591959845,04:52:39.845,bitget,ACH/USDT:USDT,0.023082,9473.0,0.02308,6320.0,0.023083,183963.0,0.023088,2766.0
1753591959995,04:52:39.995,bitget,ACH/USDT:USDT,0.023082,6671.0,0.02308,6320.0,0.023083,183963.0,0.023088,2766.0
1753591960145,04:52:40.145,bitget,ACH/USDT:USDT,0.023082,6671.0,0.02308,6320.0,0.023083,183963.0,0.023088,2766.0
1753591960295,04:52:40.295,bitget,ACH/USDT:USDT,0.023082,6671.0,0.02308,6320.0,0.023083,183963.0,0.023088,2766.0
1753591960445,04:52:40.445,bitget,ACH/USDT:USDT,0.023082,6671.0,0.02308,6320.0,0.023083,183963.0,0.023088,2766.0
1753591960595,04:52:40.595,bitget,ACH/USDT:USDT,0.023082,6671.0,0.02308,6320.0,0.023083,183963.0,0.023088,2766.0
1753591960746,04:52:40.746,bitget,ACH/USDT:USDT,0.023082,6671.0,0.02308,6320.0,0.023083,183963.0,0.023088,2766.0
1753591960896,04:52:40.896,bitget,ACH/USDT:USDT,0.023082,6671.0,0.02308,6320.0,0.023083,183963.0,0.023087,3696.0
1753591961046,04:52:41.046,bitget,ACH/USDT:USDT,0.023082,6671.0,0.02308,6320.0,0.023083,183963.0,0.023087,3696.0
1753591961196,04:52:41.196,bitget,ACH/USDT:USDT,0.023082,6671.0,0.02308,4850.0,0.023083,183963.0,0.023087,3696.0
1753591961346,04:52:41.346,bitget,ACH/USDT:USDT,0.023082,6671.0,0.02308,4850.0,0.023083,183963.0,0.023087,3696.0
1753591961496,04:52:41.496,bitget,ACH/USDT:USDT,0.023073,2802.0,0.023068,13380.0,0.023082,6671.0,0.023083,187659.0
1753591961646,04:52:41.646,bitget,ACH/USDT:USDT,0.023074,52011.0,0.023073,2802.0,0.023082,9473.0,0.023083,187659.0
1753591961796,04:52:41.796,bitget,ACH/USDT:USDT,0.023075,23015.0,0.023074,52011.0,0.023082,9473.0,0.023083,187659.0
1753591961946,04:52:41.946,bitget,ACH/USDT:USDT,0.023076,7412.0,0.023075,23015.0,0.023082,9473.0,0.023083,187659.0
1753591962096,04:52:42.096,bitget,ACH/USDT:USDT,0.023077,7412.0,0.023076,7412.0,0.023082,9473.0,0.023083,187659.0
1753591962246,04:52:42.246,bitget,ACH/USDT:USDT,0.023078,7412.0,0.023077,7412.0,0.023082,9473.0,0.023083,187659.0
1753591962397,04:52:42.397,bitget,ACH/USDT:USDT,0.023079,7412.0,0.023078,7412.0,0.023082,9473.0,0.023083,187659.0
1753591962547,04:52:42.547,bitget,ACH/USDT:USDT,0.02308,7412.0,0.023079,7412.0,0.023082,9473.0,0.023083,187659.0
1753591962697,04:52:42.697,bitget,ACH/USDT:USDT,0.023081,7412.0,0.02308,7412.0,0.023082,9473.0,0.023083,187659.0
1753591962847,04:52:42.847,bitget,ACH/USDT:USDT,0.023081,7412.0,0.023079,4848.0,0.023082,2802.0,0.023083,187659.0
1753591962997,04:52:42.997,bitget,ACH/USDT:USDT,0.023081,7412.0,0.023079,4848.0,0.023082,2802.0,0.023083,187659.0
1753591963147,04:52:43.147,bitget,ACH/USDT:USDT,0.023081,7412.0,0.023079,4848.0,0.023082,2802.0,0.023083,187659.0
1753591963297,04:52:43.297,bitget,ACH/USDT:USDT,0.023081,7412.0,0.023079,4848.0,0.023082,2802.0,0.023083,187659.0
1753591963447,04:52:43.447,bitget,ACH/USDT:USDT,0.023081,7412.0,0.023079,4848.0,0.023082,2802.0,0.023083,187659.0
1753591963597,04:52:43.597,bitget,ACH/USDT:USDT,0.023081,7412.0,0.02308,3288.0,0.023083,183963.0,0.023085,2802.0
1753591963748,04:52:43.748,bitget,ACH/USDT:USDT,0.023082,7412.0,0.023081,7412.0,0.023083,183963.0,0.023085,2802.0
1753591963897,04:52:43.897,bitget,ACH/USDT:USDT,0.023082,7412.0,0.02308,8136.0,0.023083,183963.0,0.023085,2802.0
1753591964048,04:52:44.048,bitget,ACH/USDT:USDT,0.023082,7412.0,0.02308,8136.0,0.023083,183963.0,0.023088,2766.0
1753591964198,04:52:44.198,bitget,ACH/USDT:USDT,0.023082,7412.0,0.02308,8136.0,0.023083,183963.0,0.023088,2766.0
1753591964348,04:52:44.348,bitget,ACH/USDT:USDT,0.023082,7412.0,0.02308,8136.0,0.023083,183963.0,0.023088,2766.0
1753591964498,04:52:44.498,bitget,ACH/USDT:USDT,0.023082,7412.0,0.02308,8136.0,0.023083,183963.0,0.023088,2766.0
1753591964648,04:52:44.648,bitget,ACH/USDT:USDT,0.02308,8136.0,0.023079,6090.0,0.023083,183963.0,0.023088,2766.0
1753591964798,04:52:44.798,bitget,ACH/USDT:USDT,0.02308,8136.0,0.023079,6090.0,0.023083,183963.0,0.023088,2766.0
1753591964948,04:52:44.948,bitget,ACH/USDT:USDT,0.02308,8136.0,0.023079,6090.0,0.023083,183963.0,0.023088,2766.0
1753591965098,04:52:45.098,bitget,ACH/USDT:USDT,0.02308,8136.0,0.023079,6090.0,0.023083,183963.0,0.023088,2766.0
1753591965248,04:52:45.248,bitget,ACH/USDT:USDT,0.02308,8136.0,0.023079,3288.0,0.023083,183963.0,0.023088,2766.0
1753591965398,04:52:45.398,bitget,ACH/USDT:USDT,0.02308,8136.0,0.023079,3288.0,0.023083,183963.0,0.023088,2766.0
1753591965549,04:52:45.549,bitget,ACH/USDT:USDT,0.02308,8136.0,0.023079,3288.0,0.023083,183963.0,0.023088,2766.0
1753591965699,04:52:45.699,bitget,ACH/USDT:USDT,0.02308,8136.0,0.023079,3288.0,0.023083,183963.0,0.023088,2766.0
1753591965849,04:52:45.849,bitget,ACH/USDT:USDT,0.02308,8136.0,0.023079,3288.0,0.023083,183963.0,0.023088,2766.0
1753591965999,04:52:45.999,bitget,ACH/USDT:USDT,0.02308,8136.0,0.023079,3288.0,0.023083,183963.0,0.023088,2766.0
1753591966149,04:52:46.149,bitget,ACH/USDT:USDT,0.02308,8136.0,0.023079,3288.0,0.023086,183936.0,0.023088,2766.0
1753591966299,04:52:46.299,bitget,ACH/USDT:USDT,0.023081,7412.0,0.02308,8136.0,0.023086,183936.0,0.023088,2766.0
1753591966449,04:52:46.449,bitget,ACH/USDT:USDT,0.023082,7412.0,0.023081,7412.0,0.023086,183936.0,0.023088,2766.0
1753591966599,04:52:46.599,bitget,ACH/USDT:USDT,0.023083,7412.0,0.023082,7412.0,0.023086,183936.0,0.023088,2766.0
1753591966749,04:52:46.749,bitget,ACH/USDT:USDT,0.023083,7412.0,0.023081,4848.0,0.023086,183936.0,0.023088,2766.0
1753591966899,04:52:46.899,bitget,ACH/USDT:USDT,0.023083,7412.0,0.023081,4848.0,0.023086,183936.0,0.023088,2766.0
1753591967049,04:52:47.049,bitget,ACH/USDT:USDT,0.023083,7412.0,0.023081,4848.0,0.023086,183936.0,0.023088,2766.0
1753591967200,04:52:47.200,bitget,ACH/USDT:USDT,0.023083,7412.0,0.023081,4848.0,0.023086,183936.0,0.023088,2766.0
1753591967350,04:52:47.350,bitget,ACH/USDT:USDT,0.023083,7412.0,0.023081,4848.0,0.023086,183936.0,0.023088,2766.0
1753591967500,04:52:47.500,bitget,ACH/USDT:USDT,0.023083,7412.0,0.023081,4848.0,0.023086,183936.0,0.023088,2766.0
1753591967650,04:52:47.650,bitget,ACH/USDT:USDT,0.023083,7412.0,0.023081,4848.0,0.023086,183936.0,0.023088,2766.0
1753591967800,04:52:47.800,bitget,ACH/USDT:USDT,0.023083,7412.0,0.023081,4848.0,0.023086,183936.0,0.023088,2766.0
1753591967950,04:52:47.950,bitget,ACH/USDT:USDT,0.023083,7412.0,0.023081,4848.0,0.023086,183936.0,0.023088,2766.0
1753591968100,04:52:48.100,bitget,ACH/USDT:USDT,0.023083,7412.0,0.023081,4848.0,0.023086,183936.0,0.023088,2766.0
1753591968250,04:52:48.250,bitget,ACH/USDT:USDT,0.023083,7412.0,0.023081,4848.0,0.023085,2808.0,0.023086,183936.0
1753591968400,04:52:48.400,bitget,ACH/USDT:USDT,0.023084,7412.0,0.023083,7412.0,0.023085,2808.0,0.023086,183936.0
1753591968550,04:52:48.550,bitget,ACH/USDT:USDT,0.023084,7412.0,0.023082,4850.0,0.023085,2808.0,0.023086,183936.0
1753591968700,04:52:48.700,bitget,ACH/USDT:USDT,0.023084,7412.0,0.023082,4850.0,0.023085,2808.0,0.023086,183936.0
1753591968851,04:52:48.851,bitget,ACH/USDT:USDT,0.023084,7412.0,0.023082,4850.0,0.023085,2808.0,0.023086,183936.0
1753591969001,04:52:49.001,bitget,ACH/USDT:USDT,0.023084,7412.0,0.023082,4850.0,0.023086,183936.0,0.023088,2766.0
1753591969151,04:52:49.151,bitget,ACH/USDT:USDT,0.023084,7412.0,0.023082,4850.0,0.023085,2808.0,0.023086,183936.0
1753591969301,04:52:49.301,bitget,ACH/USDT:USDT,0.023084,7412.0,0.023082,4850.0,0.023085,2808.0,0.023086,183936.0
1753591969451,04:52:49.451,bitget,ACH/USDT:USDT,0.023084,7412.0,0.023082,4850.0,0.023085,2808.0,0.023086,183936.0
1753591969601,04:52:49.601,bitget,ACH/USDT:USDT,0.023084,7412.0,0.023082,4850.0,0.023085,2808.0,0.023086,183936.0
1753591969751,04:52:49.751,bitget,ACH/USDT:USDT,0.023084,7412.0,0.023082,4850.0,0.023085,2808.0,0.023086,183936.0
1753591969901,04:52:49.901,bitget,ACH/USDT:USDT,0.023084,7412.0,0.023082,4850.0,0.023085,2808.0,0.023086,183936.0
1753591970051,04:52:50.051,bitget,ACH/USDT:USDT,0.023084,7412.0,0.023082,4850.0,0.023085,2808.0,0.023086,183936.0
1753591970201,04:52:50.201,bitget,ACH/USDT:USDT,0.023084,7412.0,0.023082,4850.0,0.023085,2808.0,0.023086,183936.0
1753591970351,04:52:50.351,bitget,ACH/USDT:USDT,0.023084,7412.0,0.023082,4850.0,0.023085,2808.0,0.023086,183936.0
1753591970502,04:52:50.502,bitget,ACH/USDT:USDT,0.023084,7412.0,0.023082,4850.0,0.023085,2808.0,0.023086,183936.0
1753591970652,04:52:50.652,bitget,ACH/USDT:USDT,0.023084,7412.0,0.023082,4850.0,0.023085,2808.0,0.023086,183936.0
1753591970802,04:52:50.802,bitget,ACH/USDT:USDT,0.023084,7412.0,0.023082,4850.0,0.023085,2808.0,0.023086,183936.0
1753591970952,04:52:50.952,bitget,ACH/USDT:USDT,0.023084,7412.0,0.023082,4850.0,0.023085,2808.0,0.023086,183936.0
1753591971102,04:52:51.102,bitget,ACH/USDT:USDT,0.023084,7412.0,0.023082,4850.0,0.023085,2808.0,0.023086,183936.0
1753591971252,04:52:51.252,bitget,ACH/USDT:USDT,0.023084,7412.0,0.023082,4850.0,0.023085,2808.0,0.023086,183936.0
1753591971402,04:52:51.402,bitget,ACH/USDT:USDT,0.023084,7412.0,0.023082,4850.0,0.023085,2808.0,0.023086,183936.0
1753591971552,04:52:51.552,bitget,ACH/USDT:USDT,0.023084,7412.0,0.023082,4850.0,0.023085,2808.0,0.023086,183936.0
1753591971702,04:52:51.702,bitget,ACH/USDT:USDT,0.023084,7412.0,0.023082,4850.0,0.023085,2808.0,0.023086,183936.0
1753591971852,04:52:51.852,bitget,ACH/USDT:USDT,0.023084,7412.0,0.023082,4850.0,0.023085,2808.0,0.023086,183936.0
1753591972002,04:52:52.002,bitget,ACH/USDT:USDT,0.023084,7412.0,0.023082,4850.0,0.023085,2808.0,0.023086,183936.0
1753591972152,04:52:52.152,bitget,ACH/USDT:USDT,0.023084,7412.0,0.023082,4850.0,0.023085,2808.0,0.023086,183936.0
1753591972303,04:52:52.303,bitget,ACH/USDT:USDT,0.023084,7412.0,0.023082,4850.0,0.023086,183936.0,0.023088,2766.0
1753591972453,04:52:52.453,bitget,ACH/USDT:USDT,0.023085,7412.0,0.023084,7412.0,0.023086,183936.0,0.023088,2766.0
1753591972603,04:52:52.603,bitget,ACH/USDT:USDT,0.023085,7412.0,0.023083,4853.0,0.023086,183936.0,0.023088,2766.0
1753591972753,04:52:52.753,bitget,ACH/USDT:USDT,0.023085,7412.0,0.023083,4853.0,0.023086,183936.0,0.023088,2766.0
1753591972903,04:52:52.903,bitget,ACH/USDT:USDT,0.023085,7412.0,0.023083,4853.0,0.023086,183936.0,0.023088,2766.0
1753591973053,04:52:53.053,bitget,ACH/USDT:USDT,0.023085,7412.0,0.023083,4853.0,0.023086,183936.0,0.023088,2766.0
1753591973203,04:52:53.203,bitget,ACH/USDT:USDT,0.023085,8882.0,0.023084,3288.0,0.023092,2782.0,0.023093,599.0
1753591973353,04:52:53.353,bitget,ACH/USDT:USDT,0.023091,7412.0,0.023085,11690.0,0.023092,2782.0,0.023093,599.0
1753591973503,04:52:53.503,bitget,ACH/USDT:USDT,0.023091,7412.0,0.023089,4853.0,0.023092,186684.0,0.023093,2117.0
1753591973653,04:52:53.653,bitget,ACH/USDT:USDT,0.023091,7412.0,0.023089,4853.0,0.023092,186684.0,0.023093,2117.0
1753591973804,04:52:53.804,bitget,ACH/USDT:USDT,0.023091,7412.0,0.023089,4853.0,0.023092,186684.0,0.023093,2117.0
1753591973954,04:52:53.954,bitget,ACH/USDT:USDT,0.023091,7412.0,0.023089,4853.0,0.023092,186684.0,0.023093,2117.0
1753591974104,04:52:54.104,bitget,ACH/USDT:USDT,0.023091,7412.0,0.023089,4853.0,0.023092,186684.0,0.023093,2117.0
1753591974404,04:52:54.404,bitget,ACH/USDT:USDT,0.023091,7412.0,0.023089,4853.0,0.023092,186684.0,0.023093,2117.0
1753591974554,04:52:54.554,bitget,ACH/USDT:USDT,0.023091,7412.0,0.023089,4853.0,0.023092,186684.0,0.023093,2117.0
1753591974704,04:52:54.704,bitget,ACH/USDT:USDT,0.023091,7412.0,0.023089,4853.0,0.023092,186684.0,0.023093,2117.0
1753591974854,04:52:54.854,bitget,ACH/USDT:USDT,0.023091,7412.0,0.023089,4853.0,0.023092,186684.0,0.023093,2117.0
1753591975004,04:52:55.004,bitget,ACH/USDT:USDT,0.023091,7412.0,0.023089,4853.0,0.023092,186684.0,0.023093,2117.0
1753591975305,04:52:55.305,bitget,ACH/USDT:USDT,0.023091,7412.0,0.023089,4853.0,0.023092,186684.0,0.023093,2117.0
1753591975455,04:52:55.455,bitget,ACH/USDT:USDT,0.023091,7412.0,0.023089,4853.0,0.023092,186684.0,0.023093,2117.0
1753591975605,04:52:55.605,bitget,ACH/USDT:USDT,0.023089,4853.0,0.023082,2808.0,0.023092,186684.0,0.023093,2117.0
1753591975755,04:52:55.755,bitget,ACH/USDT:USDT,0.023089,4853.0,0.023087,4853.0,0.02309,2808.0,0.023092,183902.0
1753591975905,04:52:55.905,bitget,ACH/USDT:USDT,0.023089,4853.0,0.023087,4853.0,0.02309,2808.0,0.023092,183902.0
1753591976055,04:52:56.055,bitget,ACH/USDT:USDT,0.023089,4853.0,0.023087,4853.0,0.02309,2808.0,0.023092,183902.0
1753591976205,04:52:56.205,bitget,ACH/USDT:USDT,0.023089,4853.0,0.023087,4853.0,0.02309,2808.0,0.023092,183902.0
1753591976355,04:52:56.355,bitget,ACH/USDT:USDT,0.023089,4853.0,0.023087,4853.0,0.02309,2808.0,0.023092,183902.0
1753591976505,04:52:56.505,bitget,ACH/USDT:USDT,0.023089,4853.0,0.023087,4853.0,0.02309,2808.0,0.023092,183902.0
1753591976655,04:52:56.655,bitget,ACH/USDT:USDT,0.023089,4853.0,0.023087,4853.0,0.02309,2808.0,0.023092,183902.0
1753591976805,04:52:56.805,bitget,ACH/USDT:USDT,0.023089,4853.0,0.023087,4853.0,0.02309,2808.0,0.023092,183902.0
1753591976956,04:52:56.956,bitget,ACH/USDT:USDT,0.023089,4853.0,0.023087,4853.0,0.02309,2808.0,0.023092,183902.0
1753591977106,04:52:57.106,bitget,ACH/USDT:USDT,0.023089,4853.0,0.023087,4853.0,0.02309,2808.0,0.023092,184201.0
1753591977256,04:52:57.256,bitget,ACH/USDT:USDT,0.023089,4853.0,0.023087,4853.0,0.02309,2808.0,0.023092,184201.0
1753591977406,04:52:57.406,bitget,ACH/USDT:USDT,0.023089,4853.0,0.023087,4853.0,0.02309,2808.0,0.023092,184201.0
1753591977556,04:52:57.556,bitget,ACH/USDT:USDT,0.023089,4853.0,0.023087,4853.0,0.02309,2808.0,0.023092,184201.0
1753591977706,04:52:57.706,bitget,ACH/USDT:USDT,0.023089,4853.0,0.023087,4853.0,0.02309,2808.0,0.023092,184201.0
1753591977856,04:52:57.856,bitget,ACH/USDT:USDT,0.023089,4853.0,0.023087,4853.0,0.02309,2808.0,0.023092,184201.0
1753591978006,04:52:58.006,bitget,ACH/USDT:USDT,0.023089,4853.0,0.023087,4853.0,0.02309,2808.0,0.023092,184201.0
1753591978156,04:52:58.156,bitget,ACH/USDT:USDT,0.023089,4853.0,0.023087,4853.0,0.02309,2808.0,0.023092,184201.0
1753591978306,04:52:58.306,bitget,ACH/USDT:USDT,0.023089,4853.0,0.023087,4853.0,0.02309,2808.0,0.023092,184201.0
1753591978456,04:52:58.456,bitget,ACH/USDT:USDT,0.023089,4853.0,0.023087,4853.0,0.02309,2808.0,0.023092,184201.0
1753591978607,04:52:58.607,bitget,ACH/USDT:USDT,0.023089,4853.0,0.023087,4853.0,0.02309,2808.0,0.023092,184201.0
1753591978757,04:52:58.757,bitget,ACH/USDT:USDT,0.023089,4853.0,0.023087,4853.0,0.02309,2808.0,0.023092,184201.0
1753591978907,04:52:58.907,bitget,ACH/USDT:USDT,0.023089,4853.0,0.023087,4853.0,0.02309,2808.0,0.023092,184201.0
1753591979057,04:52:59.057,bitget,ACH/USDT:USDT,0.023089,4853.0,0.023087,4853.0,0.02309,2808.0,0.023092,184201.0
1753591979207,04:52:59.207,bitget,ACH/USDT:USDT,0.023089,4853.0,0.023087,4853.0,0.02309,2808.0,0.023092,184500.0
1753591979357,04:52:59.357,bitget,ACH/USDT:USDT,0.023089,4853.0,0.023087,4853.0,0.02309,2808.0,0.023092,185397.0
1753591979507,04:52:59.507,bitget,ACH/USDT:USDT,0.023089,4853.0,0.023087,4853.0,0.02309,2808.0,0.023092,185397.0
1753591979657,04:52:59.657,bitget,ACH/USDT:USDT,0.023089,4853.0,0.023087,4853.0,0.02309,2808.0,0.023092,185397.0
1753591979807,04:52:59.807,bitget,ACH/USDT:USDT,0.023089,4853.0,0.023087,4853.0,0.023091,2718.0,0.023092,185397.0
1753591979957,04:52:59.957,bitget,ACH/USDT:USDT,0.02309,7412.0,0.023089,4853.0,0.023091,2718.0,0.023092,185397.0
1753591980107,04:53:00.107,bitget,ACH/USDT:USDT,0.02309,7412.0,0.023088,4855.0,0.023091,2718.0,0.023092,185995.0
1753591980258,04:53:00.258,bitget,ACH/USDT:USDT,0.02309,7412.0,0.023088,4855.0,0.023091,2718.0,0.023092,185995.0
1753591980408,04:53:00.408,bitget,ACH/USDT:USDT,0.02309,7412.0,0.023088,4855.0,0.023091,2718.0,0.023092,185995.0
1753591980558,04:53:00.558,bitget,ACH/USDT:USDT,0.02309,7412.0,0.023088,4855.0,0.023091,2718.0,0.023092,185995.0
1753591980708,04:53:00.708,bitget,ACH/USDT:USDT,0.02309,7412.0,0.023088,4855.0,0.023091,2718.0,0.023092,185995.0
1753591980858,04:53:00.858,bitget,ACH/USDT:USDT,0.02309,7412.0,0.023088,4855.0,0.023091,2718.0,0.023092,185995.0
1753591981008,04:53:01.008,bitget,ACH/USDT:USDT,0.02309,7412.0,0.023088,4855.0,0.023091,2718.0,0.023092,185995.0
1753591981158,04:53:01.158,bitget,ACH/USDT:USDT,0.02309,7412.0,0.023088,4855.0,0.023091,2718.0,0.023092,186294.0
1753591981308,04:53:01.308,bitget,ACH/USDT:USDT,0.02309,7412.0,0.023088,4855.0,0.023091,2718.0,0.023092,186294.0
1753591981458,04:53:01.458,bitget,ACH/USDT:USDT,0.02309,7412.0,0.023088,4855.0,0.023091,2718.0,0.023092,186593.0
1753591981608,04:53:01.608,bitget,ACH/USDT:USDT,0.02309,7412.0,0.023088,4855.0,0.023091,2718.0,0.023092,186593.0
1753591981758,04:53:01.758,bitget,ACH/USDT:USDT,0.02309,7412.0,0.023088,4855.0,0.023091,2718.0,0.023092,186593.0
1753591981909,04:53:01.909,bitget,ACH/USDT:USDT,0.02309,7412.0,0.023088,4855.0,0.023091,2718.0,0.023092,186593.0
1753591982059,04:53:02.059,bitget,ACH/USDT:USDT,0.02309,7412.0,0.023088,4855.0,0.023091,2718.0,0.023092,186593.0
1753591982209,04:53:02.209,bitget,ACH/USDT:USDT,0.02309,7412.0,0.023088,4855.0,0.023091,2718.0,0.023092,186593.0
1753591982359,04:53:02.359,bitget,ACH/USDT:USDT,0.02309,7412.0,0.023088,4855.0,0.023091,2718.0,0.023092,186593.0
1753591982509,04:53:02.509,bitget,ACH/USDT:USDT,0.02309,7412.0,0.023088,4855.0,0.023091,2718.0,0.023092,186593.0
1753591982659,04:53:02.659,bitget,ACH/USDT:USDT,0.02309,7412.0,0.023088,4855.0,0.023091,2718.0,0.023092,186593.0
1753591982809,04:53:02.809,bitget,ACH/USDT:USDT,0.02309,7412.0,0.023088,4855.0,0.023091,2718.0,0.023092,186593.0
1753591982959,04:53:02.959,bitget,ACH/USDT:USDT,0.02309,7412.0,0.023088,4855.0,0.023091,2718.0,0.023092,186593.0
1753591983109,04:53:03.109,bitget,ACH/USDT:USDT,0.02309,7412.0,0.023088,4855.0,0.023091,2718.0,0.023092,186593.0
1753591983259,04:53:03.259,bitget,ACH/USDT:USDT,0.02309,7412.0,0.023088,4855.0,0.023091,2718.0,0.023092,186593.0
1753591983409,04:53:03.409,bitget,ACH/USDT:USDT,0.02309,7412.0,0.023088,4855.0,0.023091,2718.0,0.023092,186593.0
1753591983560,04:53:03.560,bitget,ACH/USDT:USDT,0.02309,7412.0,0.023088,4855.0,0.023091,2718.0,0.023092,186593.0
1753591983710,04:53:03.710,bitget,ACH/USDT:USDT,0.02309,7412.0,0.023088,4855.0,0.023091,2718.0,0.023092,186593.0
1753591983860,04:53:03.860,bitget,ACH/USDT:USDT,0.02309,7412.0,0.023088,4855.0,0.023091,2718.0,0.023092,186593.0
1753591984010,04:53:04.010,bitget,ACH/USDT:USDT,0.02309,7412.0,0.023088,4855.0,0.023091,2718.0,0.023092,186593.0
1753591984160,04:53:04.160,bitget,ACH/USDT:USDT,0.02309,7412.0,0.023088,4855.0,0.023091,2718.0,0.023092,186593.0
1753591984310,04:53:04.310,bitget,ACH/USDT:USDT,0.02309,7412.0,0.023088,4855.0,0.023091,2718.0,0.023092,186593.0
1753591984460,04:53:04.460,bitget,ACH/USDT:USDT,0.02309,7412.0,0.023088,4855.0,0.023091,2718.0,0.023092,186593.0
1753591984610,04:53:04.610,bitget,ACH/USDT:USDT,0.02309,7412.0,0.023088,4855.0,0.023091,2718.0,0.023092,186593.0
1753591984760,04:53:04.760,bitget,ACH/USDT:USDT,0.02309,7412.0,0.023088,4855.0,0.023091,2718.0,0.023092,186593.0
1753591984910,04:53:04.910,bitget,ACH/USDT:USDT,0.02309,7412.0,0.023088,4855.0,0.023091,2718.0,0.023092,186892.0
1753591985060,04:53:05.060,bitget,ACH/USDT:USDT,0.02309,7412.0,0.023088,4855.0,0.023091,2718.0,0.023092,186892.0
1753591985211,04:53:05.211,bitget,ACH/USDT:USDT,0.02309,7412.0,0.023088,4855.0,0.023091,2718.0,0.023092,187789.0
1753591985361,04:53:05.361,bitget,ACH/USDT:USDT,0.02309,7412.0,0.023088,4855.0,0.023091,2718.0,0.023092,187789.0
1753591985511,04:53:05.511,bitget,ACH/USDT:USDT,0.02309,7412.0,0.023088,4855.0,0.023091,2718.0,0.023092,187789.0
1753591985661,04:53:05.661,bitget,ACH/USDT:USDT,0.023088,4855.0,0.023076,2802.0,0.023091,2718.0,0.023092,187789.0
1753591985811,04:53:05.811,bitget,ACH/USDT:USDT,0.023086,4857.0,0.023076,2802.0,0.023091,2718.0,0.023092,188088.0
1753591985961,04:53:05.961,bitget,ACH/USDT:USDT,0.023084,4857.0,0.023076,2802.0,0.023091,6414.0,0.023092,191784.0
1753591986111,04:53:06.111,bitget,ACH/USDT:USDT,0.023084,4857.0,0.023076,2802.0,0.023089,2718.0,0.023091,3696.0
1753591986261,04:53:06.261,bitget,ACH/USDT:USDT,0.023085,7412.0,0.023084,4857.0,0.023089,2718.0,0.023091,3696.0
1753591986411,04:53:06.411,bitget,ACH/USDT:USDT,0.023086,7412.0,0.023085,7412.0,0.023089,2718.0,0.023091,3696.0
1753591986561,04:53:06.561,bitget,ACH/USDT:USDT,0.023087,7412.0,0.023086,7412.0,0.023089,2718.0,0.023091,3696.0
1753591986711,04:53:06.711,bitget,ACH/USDT:USDT,0.023087,7412.0,0.023085,4859.0,0.023089,2718.0,0.023091,3696.0
1753591986862,04:53:06.862,bitget,ACH/USDT:USDT,0.023087,7412.0,0.023085,4859.0,0.023089,2718.0,0.023091,4562.0
1753591987012,04:53:07.012,bitget,ACH/USDT:USDT,0.023087,7412.0,0.023085,4859.0,0.023089,2718.0,0.023091,4562.0
1753591987162,04:53:07.162,bitget,ACH/USDT:USDT,0.023087,7412.0,0.023085,4859.0,0.023089,2718.0,0.023091,4861.0
1753591987312,04:53:07.312,bitget,ACH/USDT:USDT,0.023087,7412.0,0.023085,4859.0,0.023089,2718.0,0.023091,4861.0
1753591987462,04:53:07.462,bitget,ACH/USDT:USDT,0.023087,7412.0,0.023085,4859.0,0.023089,2718.0,0.023091,4861.0
1753591987612,04:53:07.612,bitget,ACH/USDT:USDT,0.023087,7412.0,0.023085,4859.0,0.023089,2718.0,0.023091,4861.0
1753591987762,04:53:07.762,bitget,ACH/USDT:USDT,0.023087,7412.0,0.023085,4859.0,0.023089,2718.0,0.023091,4861.0
1753591987912,04:53:07.912,bitget,ACH/USDT:USDT,0.023087,7412.0,0.023085,4859.0,0.023089,2718.0,0.023091,4861.0
1753591988062,04:53:08.062,bitget,ACH/USDT:USDT,0.023087,7412.0,0.023085,4859.0,0.023089,2718.0,0.023091,4861.0
1753591988212,04:53:08.212,bitget,ACH/USDT:USDT,0.023087,7412.0,0.023085,4859.0,0.023089,2718.0,0.023091,4861.0
1753591988663,04:53:08.663,bitget,ACH/USDT:USDT,0.023087,7412.0,0.023085,4859.0,0.023089,2718.0,0.023091,5160.0
1753591988813,04:53:08.813,bitget,ACH/USDT:USDT,0.023087,7412.0,0.023085,4859.0,0.023089,2718.0,0.023091,5160.0
1753591988963,04:53:08.963,bitget,ACH/USDT:USDT,0.023087,7412.0,0.023085,4859.0,0.023089,2718.0,0.023091,5160.0
1753591989113,04:53:09.113,bitget,ACH/USDT:USDT,0.023087,7412.0,0.023085,4859.0,0.023089,2718.0,0.023091,5160.0
1753591989263,04:53:09.263,bitget,ACH/USDT:USDT,0.023087,7412.0,0.023085,4859.0,0.023089,2718.0,0.023091,5160.0
1753591989413,04:53:09.413,bitget,ACH/USDT:USDT,0.023087,7412.0,0.023085,4859.0,0.023089,2718.0,0.023091,5160.0
1753591989563,04:53:09.563,bitget,ACH/USDT:USDT,0.023087,7412.0,0.023085,4859.0,0.023089,2718.0,0.023091,5160.0
1753591989713,04:53:09.713,bitget,ACH/USDT:USDT,0.023087,7412.0,0.023085,4859.0,0.023089,2718.0,0.023091,5160.0
1753591989864,04:53:09.864,bitget,ACH/USDT:USDT,0.023087,7412.0,0.023085,4859.0,0.023089,2718.0,0.023091,5160.0
1753591990014,04:53:10.014,bitget,ACH/USDT:USDT,0.023087,7412.0,0.023085,4859.0,0.023089,2718.0,0.023091,5160.0
1753591990164,04:53:10.164,bitget,ACH/USDT:USDT,0.023087,7412.0,0.023085,4859.0,0.023089,2718.0,0.023091,5160.0
1753591990314,04:53:10.314,bitget,ACH/USDT:USDT,0.023087,7412.0,0.023085,4859.0,0.023089,2718.0,0.023091,5160.0
1753591990464,04:53:10.464,bitget,ACH/USDT:USDT,0.023087,7412.0,0.023085,4859.0,0.023089,2718.0,0.023091,5160.0
1753591990614,04:53:10.614,bitget,ACH/USDT:USDT,0.023087,7412.0,0.023085,4859.0,0.023089,2718.0,0.023091,5160.0
1753591990764,04:53:10.764,bitget,ACH/USDT:USDT,0.023087,7412.0,0.023085,4859.0,0.023089,2718.0,0.023091,5160.0
1753591990914,04:53:10.914,bitget,ACH/USDT:USDT,0.023087,7412.0,0.023085,4859.0,0.023089,2718.0,0.023091,5160.0
1753591991064,04:53:11.064,bitget,ACH/USDT:USDT,0.023087,7412.0,0.023085,4859.0,0.023089,2718.0,0.023091,5160.0
1753591991214,04:53:11.214,bitget,ACH/USDT:USDT,0.023087,7412.0,0.023085,4859.0,0.023089,2718.0,0.023091,5160.0
1753591991364,04:53:11.364,bitget,ACH/USDT:USDT,0.023087,7412.0,0.023085,4859.0,0.023089,2718.0,0.023091,5160.0
1753591991514,04:53:11.514,bitget,ACH/USDT:USDT,0.023087,7412.0,0.023085,4859.0,0.023089,2718.0,0.023091,5160.0
1753591991665,04:53:11.665,bitget,ACH/USDT:USDT,0.023087,7412.0,0.023085,4859.0,0.023089,2718.0,0.023091,5160.0
1753591991815,04:53:11.815,bitget,ACH/USDT:USDT,0.023087,7412.0,0.023085,4859.0,0.023089,2718.0,0.023091,5160.0
1753591991965,04:53:11.965,bitget,ACH/USDT:USDT,0.023087,7412.0,0.023085,4859.0,0.023089,2718.0,0.023091,5160.0
1753591992115,04:53:12.115,bitget,ACH/USDT:USDT,0.023087,7412.0,0.023085,4859.0,0.023089,2718.0,0.023091,5160.0
1753591992265,04:53:12.265,bitget,ACH/USDT:USDT,0.023087,7412.0,0.023085,4859.0,0.023089,2718.0,0.023091,1464.0
1753591992415,04:53:12.415,bitget,ACH/USDT:USDT,0.023087,7412.0,0.023085,4859.0,0.023089,2718.0,0.023091,1464.0
1753591992565,04:53:12.565,bitget,ACH/USDT:USDT,0.023087,7412.0,0.023085,4859.0,0.023089,2718.0,0.023091,1464.0
1753591992715,04:53:12.715,bitget,ACH/USDT:USDT,0.023087,7412.0,0.023085,4859.0,0.023089,2718.0,0.023091,1464.0
1753591992865,04:53:12.865,bitget,ACH/USDT:USDT,0.023076,2802.0,0.023075,15603.0,0.023087,7412.0,0.023089,2718.0
1753591993015,04:53:13.015,bitget,ACH/USDT:USDT,0.023084,4865.0,0.02308,44599.0,0.023085,2687.0,0.023089,2718.0
1753591993166,04:53:13.166,bitget,ACH/USDT:USDT,0.023084,4865.0,0.023082,4865.0,0.023087,2392.0,0.023089,3017.0
1753591993316,04:53:13.316,bitget,ACH/USDT:USDT,0.023084,4865.0,0.023082,4865.0,0.023085,2687.0,0.023087,2392.0
1753591993466,04:53:13.466,bitget,ACH/USDT:USDT,0.023084,4865.0,0.023082,4865.0,0.023085,2687.0,0.023087,2392.0
1753591993616,04:53:13.616,bitget,ACH/USDT:USDT,0.023084,4865.0,0.023082,4865.0,0.023085,2687.0,0.023087,2392.0
1753591993766,04:53:13.766,bitget,ACH/USDT:USDT,0.023084,4865.0,0.023082,4865.0,0.023085,2687.0,0.023087,2392.0
1753591993916,04:53:13.916,bitget,ACH/USDT:USDT,0.023084,4865.0,0.023082,4865.0,0.023085,2687.0,0.023087,2392.0
1753591994066,04:53:14.066,bitget,ACH/USDT:USDT,0.023084,4865.0,0.023082,4865.0,0.023085,2687.0,0.023087,2392.0
1753591994216,04:53:14.216,bitget,ACH/USDT:USDT,0.023084,4865.0,0.023082,4865.0,0.023085,2687.0,0.023087,2392.0
1753591994366,04:53:14.366,bitget,ACH/USDT:USDT,0.023084,4865.0,0.023082,4865.0,0.023085,2687.0,0.023087,2392.0
1753591994516,04:53:14.516,bitget,ACH/USDT:USDT,0.023084,4865.0,0.023082,4865.0,0.023085,2687.0,0.023087,2392.0
1753591994666,04:53:14.666,bitget,ACH/USDT:USDT,0.023084,4865.0,0.023082,4865.0,0.023085,2687.0,0.023087,2392.0
1753591994817,04:53:14.817,bitget,ACH/USDT:USDT,0.023084,4865.0,0.023082,4865.0,0.023085,2687.0,0.023087,2392.0
1753591994967,04:53:14.967,bitget,ACH/USDT:USDT,0.023084,4865.0,0.023082,4865.0,0.023085,2687.0,0.023087,2392.0
1753591995117,04:53:15.117,bitget,ACH/USDT:USDT,0.023084,4865.0,0.023082,4865.0,0.023085,2687.0,0.023087,2392.0
1753591995267,04:53:15.267,bitget,ACH/USDT:USDT,0.023084,4865.0,0.023082,4865.0,0.023085,2687.0,0.023087,2392.0
1753591995417,04:53:15.417,bitget,ACH/USDT:USDT,0.023084,4865.0,0.023082,4865.0,0.023085,2687.0,0.023087,2392.0
1753591995567,04:53:15.567,bitget,ACH/USDT:USDT,0.023084,4865.0,0.023082,4865.0,0.023085,2687.0,0.023087,2392.0
1753591995717,04:53:15.717,bitget,ACH/USDT:USDT,0.023084,4865.0,0.023082,4865.0,0.023085,2687.0,0.023087,2392.0
1753591995867,04:53:15.867,bitget,ACH/USDT:USDT,0.023084,4865.0,0.023082,4865.0,0.023085,2687.0,0.023087,2392.0
1753591996017,04:53:16.017,bitget,ACH/USDT:USDT,0.023084,4865.0,0.023082,4865.0,0.023085,2687.0,0.023087,2392.0
1753591996167,04:53:16.167,bitget,ACH/USDT:USDT,0.023084,4865.0,0.023082,4865.0,0.023085,2687.0,0.023087,2392.0
1753591996318,04:53:16.318,bitget,ACH/USDT:USDT,0.023084,4865.0,0.023082,4865.0,0.023085,2687.0,0.023087,2392.0
1753591996468,04:53:16.468,bitget,ACH/USDT:USDT,0.023084,4865.0,0.023082,4865.0,0.023085,2785.0,0.023087,2392.0
1753591996618,04:53:16.618,bitget,ACH/USDT:USDT,0.023084,4865.0,0.023082,4865.0,0.023087,2392.0,0.023089,2718.0
1753591996768,04:53:16.768,bitget,ACH/USDT:USDT,0.023086,7412.0,0.023084,4865.0,0.023087,2785.0,0.023089,598.0
1753591996918,04:53:16.918,bitget,ACH/USDT:USDT,0.023086,7412.0,0.023084,4865.0,0.023087,2785.0,0.023089,1794.0
1753591997068,04:53:17.068,bitget,ACH/USDT:USDT,0.023086,7412.0,0.023084,4865.0,0.023087,2785.0,0.023089,1794.0
1753591997218,04:53:17.218,bitget,ACH/USDT:USDT,0.023086,7412.0,0.023084,4865.0,0.023087,2785.0,0.023089,2093.0
1753591997368,04:53:17.368,bitget,ACH/USDT:USDT,0.023086,7412.0,0.023084,4865.0,0.023087,2785.0,0.023089,2093.0
1753591997518,04:53:17.518,bitget,ACH/USDT:USDT,0.023086,7412.0,0.023084,4865.0,0.023087,2785.0,0.023089,2093.0
1753591997668,04:53:17.668,bitget,ACH/USDT:USDT,0.023086,7412.0,0.023084,4865.0,0.023087,2785.0,0.023089,2093.0
1753591997818,04:53:17.818,bitget,ACH/USDT:USDT,0.023086,7412.0,0.023084,4865.0,0.023087,2785.0,0.023089,2093.0
1753591997968,04:53:17.968,bitget,ACH/USDT:USDT,0.023086,7412.0,0.023084,4865.0,0.023087,2785.0,0.023089,2093.0
1753591998119,04:53:18.119,bitget,ACH/USDT:USDT,0.023086,7412.0,0.023084,4865.0,0.023087,2785.0,0.023089,2093.0
1753591998269,04:53:18.269,bitget,ACH/USDT:USDT,0.023086,7412.0,0.023084,4865.0,0.023087,2785.0,0.023089,2093.0
1753591998419,04:53:18.419,bitget,ACH/USDT:USDT,0.023086,7412.0,0.023084,4865.0,0.023087,2785.0,0.023089,2093.0
1753591998569,04:53:18.569,bitget,ACH/USDT:USDT,0.023086,7412.0,0.023084,8192.0,0.023087,2785.0,0.023089,2093.0
1753591998719,04:53:18.719,bitget,ACH/USDT:USDT,0.023086,7412.0,0.023084,8192.0,0.023087,2785.0,0.023089,2093.0
1753591998869,04:53:18.869,bitget,ACH/USDT:USDT,0.023086,7412.0,0.023084,8192.0,0.023087,2785.0,0.023089,2093.0
1753591999019,04:53:19.019,bitget,ACH/USDT:USDT,0.023086,7412.0,0.023084,8192.0,0.023088,2785.0,0.023089,2093.0
1753591999169,04:53:19.169,bitget,ACH/USDT:USDT,0.023087,7412.0,0.023086,7412.0,0.023088,2785.0,0.023089,2093.0
1753591999319,04:53:19.319,bitget,ACH/USDT:USDT,0.023087,7412.0,0.023084,8192.0,0.023088,2785.0,0.023089,2093.0
1753591999469,04:53:19.469,bitget,ACH/USDT:USDT,0.023087,7412.0,0.023085,4868.0,0.023088,2785.0,0.023089,2093.0
1753591999619,04:53:19.619,bitget,ACH/USDT:USDT,0.023087,7412.0,0.023085,4868.0,0.023088,2785.0,0.023089,2093.0
1753591999770,04:53:19.770,bitget,ACH/USDT:USDT,0.023087,7412.0,0.023085,4868.0,0.023088,2785.0,0.023089,2093.0
1753591999920,04:53:19.920,bitget,ACH/USDT:USDT,0.023087,7412.0,0.023085,4868.0,0.023088,2785.0,0.023089,2093.0
1753592000070,04:53:20.070,bitget,ACH/USDT:USDT,0.023087,7412.0,0.023085,4868.0,0.023088,2785.0,0.023089,2093.0
1753592000220,04:53:20.220,bitget,ACH/USDT:USDT,0.023087,7412.0,0.023085,4868.0,0.023088,2785.0,0.023089,2392.0
1753592000370,04:53:20.370,bitget,ACH/USDT:USDT,0.023087,7412.0,0.023085,4868.0,0.023088,2785.0,0.023089,2691.0
1753592000520,04:53:20.520,bitget,ACH/USDT:USDT,0.023087,7412.0,0.023085,4868.0,0.023088,2785.0,0.023089,2691.0
1753592000670,04:53:20.670,bitget,ACH/USDT:USDT,0.023087,7412.0,0.023085,4868.0,0.023088,2785.0,0.023089,2691.0
1753592000820,04:53:20.820,bitget,ACH/USDT:USDT,0.023087,7412.0,0.023085,4868.0,0.023088,2785.0,0.023089,2691.0
1753592000970,04:53:20.970,bitget,ACH/USDT:USDT,0.023087,7412.0,0.023085,4868.0,0.023088,2785.0,0.023089,2691.0
1753592001120,04:53:21.120,bitget,ACH/USDT:USDT,0.023087,7412.0,0.023085,4868.0,0.023088,2785.0,0.023089,2691.0
1753592001271,04:53:21.271,bitget,ACH/USDT:USDT,0.023087,7412.0,0.023085,4868.0,0.023088,2785.0,0.023089,2691.0
1753592001421,04:53:21.421,bitget,ACH/USDT:USDT,0.023087,7412.0,0.023085,4868.0,0.023088,2785.0,0.023089,2691.0
1753592001571,04:53:21.571,bitget,ACH/USDT:USDT,0.023087,7412.0,0.023085,4868.0,0.023088,2785.0,0.023089,2691.0
1753592001721,04:53:21.721,bitget,ACH/USDT:USDT,0.023087,7412.0,0.023085,4868.0,0.023088,2785.0,0.023089,2691.0
1753592001871,04:53:21.871,bitget,ACH/USDT:USDT,0.023087,7412.0,0.023085,4868.0,0.023088,2785.0,0.023089,2691.0
1753592002021,04:53:22.021,bitget,ACH/USDT:USDT,0.023087,7412.0,0.023085,4868.0,0.023088,2785.0,0.023089,2691.0
1753592002171,04:53:22.171,bitget,ACH/USDT:USDT,0.023087,7412.0,0.023085,4868.0,0.023088,2785.0,0.023089,2691.0
1753592002321,04:53:22.321,bitget,ACH/USDT:USDT,0.023087,7412.0,0.023085,4868.0,0.023088,2785.0,0.023089,2691.0
1753592002471,04:53:22.471,bitget,ACH/USDT:USDT,0.023087,7412.0,0.023085,4868.0,0.023088,2785.0,0.023089,2691.0
1753592002621,04:53:22.621,bitget,ACH/USDT:USDT,0.023087,7412.0,0.023085,4868.0,0.023088,2785.0,0.023089,2691.0
1753592002771,04:53:22.771,bitget,ACH/USDT:USDT,0.023087,7412.0,0.023085,4868.0,0.023088,2785.0,0.023089,2691.0
1753592002922,04:53:22.922,bitget,ACH/USDT:USDT,0.023087,7412.0,0.023085,4868.0,0.023088,2785.0,0.023089,2691.0
1753592003072,04:53:23.072,bitget,ACH/USDT:USDT,0.023087,7412.0,0.023085,4868.0,0.023088,2785.0,0.023089,2691.0
1753592003222,04:53:23.222,bitget,ACH/USDT:USDT,0.023087,7412.0,0.023085,4868.0,0.023088,2785.0,0.023089,2691.0
1753592003372,04:53:23.372,bitget,ACH/USDT:USDT,0.023087,7412.0,0.023085,4868.0,0.023088,2785.0,0.023089,2691.0
1753592003522,04:53:23.522,bitget,ACH/USDT:USDT,0.023087,7412.0,0.023085,4868.0,0.023088,2785.0,0.023089,2691.0
1753592003672,04:53:23.672,bitget,ACH/USDT:USDT,0.023087,7412.0,0.023085,4868.0,0.023089,2691.0,0.023092,187598.0
1753592003822,04:53:23.822,bitget,ACH/USDT:USDT,0.023088,7412.0,0.023087,7412.0,0.023089,2785.0,0.023092,191579.0
1753592003972,04:53:23.972,bitget,ACH/USDT:USDT,0.023088,7412.0,0.023086,4868.0,0.023089,2785.0,0.023092,193971.0
1753592004122,04:53:24.122,bitget,ACH/USDT:USDT,0.023088,7412.0,0.023086,4868.0,0.023089,2785.0,0.023092,194270.0
1753592004272,04:53:24.272,bitget,ACH/USDT:USDT,0.023088,7412.0,0.023086,4868.0,0.023089,2785.0,0.023092,194270.0
1753592004422,04:53:24.422,bitget,ACH/USDT:USDT,0.023088,7412.0,0.023086,4868.0,0.023089,2785.0,0.023092,194270.0
1753592004573,04:53:24.573,bitget,ACH/USDT:USDT,0.023088,7412.0,0.023086,4868.0,0.023089,2785.0,0.023092,194270.0
1753592004723,04:53:24.723,bitget,ACH/USDT:USDT,0.023088,7412.0,0.023086,4868.0,0.023089,2785.0,0.023092,194270.0
1753592004873,04:53:24.873,bitget,ACH/USDT:USDT,0.023088,7412.0,0.023086,4868.0,0.023092,190574.0,0.023093,8209.0
1753592005023,04:53:25.023,bitget,ACH/USDT:USDT,0.023088,7412.0,0.023086,4868.0,0.023091,2785.0,0.023092,187789.0
1753592005173,04:53:25.173,bitget,ACH/USDT:USDT,0.02309,7412.0,0.023088,7412.0,0.023091,2785.0,0.023092,187789.0
1753592005323,04:53:25.323,bitget,ACH/USDT:USDT,0.02309,7412.0,0.023088,7412.0,0.023091,2785.0,0.023092,187789.0
1753592005473,04:53:25.473,bitget,ACH/USDT:USDT,0.02309,7412.0,0.023088,7412.0,0.023091,2785.0,0.023092,187789.0
1753592005623,04:53:25.623,bitget,ACH/USDT:USDT,0.023088,4869.0,0.023085,4869.0,0.02309,7412.0,0.023091,6481.0
1753592005773,04:53:25.773,bitget,ACH/USDT:USDT,0.023089,7412.0,0.023088,4869.0,0.02309,7412.0,0.023091,63927.0
1753592005923,04:53:25.923,bitget,ACH/USDT:USDT,0.023089,7412.0,0.023086,4869.0,0.02309,10197.0,0.023091,61142.0
1753592006073,04:53:26.073,bitget,ACH/USDT:USDT,0.023089,7412.0,0.023087,4869.0,0.02309,10197.0,0.023091,61142.0
1753592006224,04:53:26.224,bitget,ACH/USDT:USDT,0.023089,7412.0,0.023087,4869.0,0.02309,2785.0,0.023091,61142.0
1753592006374,04:53:26.374,bitget,ACH/USDT:USDT,0.023089,7412.0,0.023087,4869.0,0.02309,2785.0,0.023092,183902.0
1753592006524,04:53:26.524,bitget,ACH/USDT:USDT,0.023089,7412.0,0.023087,4869.0,0.02309,2785.0,0.023092,183902.0
1753592006674,04:53:26.674,bitget,ACH/USDT:USDT,0.023089,7412.0,0.023087,4869.0,0.02309,2785.0,0.023092,183902.0
1753592006824,04:53:26.824,bitget,ACH/USDT:USDT,0.023089,7412.0,0.023087,4869.0,0.02309,2785.0,0.023092,183902.0
1753592006974,04:53:26.974,bitget,ACH/USDT:USDT,0.023089,7412.0,0.023087,4869.0,0.02309,2785.0,0.023092,183902.0
1753592007124,04:53:27.124,bitget,ACH/USDT:USDT,0.023089,7412.0,0.023087,4869.0,0.02309,2785.0,0.023092,183902.0
1753592007274,04:53:27.274,bitget,ACH/USDT:USDT,0.023089,7412.0,0.023087,4869.0,0.02309,2785.0,0.023092,183902.0
1753592007424,04:53:27.424,bitget,ACH/USDT:USDT,0.023089,7412.0,0.023087,4869.0,0.02309,2785.0,0.023092,183902.0
1753592007574,04:53:27.574,bitget,ACH/USDT:USDT,0.023089,7412.0,0.023087,4869.0,0.02309,2785.0,0.023092,183902.0
1753592007724,04:53:27.724,bitget,ACH/USDT:USDT,0.023089,7412.0,0.023087,4869.0,0.02309,2785.0,0.023092,183902.0
1753592007875,04:53:27.875,bitget,ACH/USDT:USDT,0.023089,7412.0,0.023087,4869.0,0.02309,2785.0,0.023092,183902.0
1753592008025,04:53:28.025,bitget,ACH/USDT:USDT,0.023089,7412.0,0.023087,4869.0,0.02309,2785.0,0.023092,183902.0
1753592008175,04:53:28.175,bitget,ACH/USDT:USDT,0.023089,7412.0,0.023087,4869.0,0.02309,2785.0,0.023092,183902.0
1753592008325,04:53:28.325,bitget,ACH/USDT:USDT,0.023089,7412.0,0.023087,4869.0,0.02309,2785.0,0.023092,183902.0
1753592008475,04:53:28.475,bitget,ACH/USDT:USDT,0.023089,7412.0,0.023087,4869.0,0.02309,2785.0,0.023092,183902.0
1753592008775,04:53:28.775,bitget,ACH/USDT:USDT,0.023089,7412.0,0.023087,4869.0,0.02309,2785.0,0.023092,183902.0
1753592009075,04:53:29.075,bitget,ACH/USDT:USDT,0.023089,7412.0,0.023087,4869.0,0.02309,2785.0,0.023092,183902.0
1753592009225,04:53:29.225,bitget,ACH/USDT:USDT,0.023089,7412.0,0.023087,4869.0,0.02309,2785.0,0.023092,183902.0
1753592009375,04:53:29.375,bitget,ACH/USDT:USDT,0.023089,7412.0,0.023087,4869.0,0.02309,2785.0,0.023092,183902.0
1753592009526,04:53:29.526,bitget,ACH/USDT:USDT,0.023089,7412.0,0.023087,4869.0,0.02309,2785.0,0.023092,183902.0
1753592009676,04:53:29.676,bitget,ACH/USDT:USDT,0.023089,7412.0,0.023087,4869.0,0.02309,2785.0,0.023092,183902.0
1753592009826,04:53:29.826,bitget,ACH/USDT:USDT,0.023089,7412.0,0.023087,4869.0,0.02309,2785.0,0.023092,183902.0
1753592009976,04:53:29.976,bitget,ACH/USDT:USDT,0.023089,7412.0,0.023087,4869.0,0.02309,2785.0,0.023092,183902.0
1753592010126,04:53:30.126,bitget,ACH/USDT:USDT,0.023089,7412.0,0.023087,4869.0,0.02309,2785.0,0.023092,183902.0
1753592010276,04:53:30.276,bitget,ACH/USDT:USDT,0.023089,7412.0,0.023087,4869.0,0.02309,2785.0,0.023092,183902.0
1753592010426,04:53:30.426,bitget,ACH/USDT:USDT,0.023089,7412.0,0.023087,4869.0,0.02309,2785.0,0.023092,183902.0
1753592010576,04:53:30.576,bitget,ACH/USDT:USDT,0.023089,7412.0,0.023087,4869.0,0.02309,2785.0,0.023092,183902.0
1753592010726,04:53:30.726,bitget,ACH/USDT:USDT,0.023089,7412.0,0.023087,4869.0,0.02309,2785.0,0.023092,183902.0
1753592010876,04:53:30.876,bitget,ACH/USDT:USDT,0.023089,7412.0,0.023087,4869.0,0.02309,2785.0,0.023092,183902.0
1753592011027,04:53:31.027,bitget,ACH/USDT:USDT,0.023089,7412.0,0.023087,4869.0,0.02309,2785.0,0.023092,183902.0
1753592011177,04:53:31.177,bitget,ACH/USDT:USDT,0.023089,7412.0,0.023087,4869.0,0.02309,2785.0,0.023092,183902.0
1753592011327,04:53:31.327,bitget,ACH/USDT:USDT,0.023089,7412.0,0.023087,4869.0,0.02309,2785.0,0.023092,183902.0
1753592011477,04:53:31.477,bitget,ACH/USDT:USDT,0.023089,7412.0,0.023087,4869.0,0.02309,2785.0,0.023092,183902.0
1753592011627,04:53:31.627,bitget,ACH/USDT:USDT,0.023089,7412.0,0.023087,4869.0,0.02309,2785.0,0.023092,183902.0
1753592011777,04:53:31.777,bitget,ACH/USDT:USDT,0.023089,7412.0,0.023087,4869.0,0.02309,2785.0,0.023092,183902.0
1753592011927,04:53:31.927,bitget,ACH/USDT:USDT,0.023089,7412.0,0.023087,4869.0,0.02309,2785.0,0.023092,183902.0
1753592012077,04:53:32.077,bitget,ACH/USDT:USDT,0.023089,7412.0,0.023087,4869.0,0.02309,2785.0,0.023092,183902.0
1753592012227,04:53:32.227,bitget,ACH/USDT:USDT,0.023089,7412.0,0.023087,4869.0,0.02309,2785.0,0.023092,183902.0
1753592012377,04:53:32.377,bitget,ACH/USDT:USDT,0.023089,7412.0,0.023087,4869.0,0.02309,2785.0,0.023092,183902.0
1753592012527,04:53:32.527,bitget,ACH/USDT:USDT,0.023089,7412.0,0.023087,4869.0,0.02309,2785.0,0.023092,183902.0
1753592012678,04:53:32.678,bitget,ACH/USDT:USDT,0.023089,7412.0,0.023087,4869.0,0.02309,2785.0,0.023092,183902.0
1753592012828,04:53:32.828,bitget,ACH/USDT:USDT,0.023089,7412.0,0.023087,4869.0,0.02309,2785.0,0.023092,183902.0
1753592012978,04:53:32.978,bitget,ACH/USDT:USDT,0.023089,7412.0,0.023087,4869.0,0.02309,2785.0,0.023092,183902.0
1753592013128,04:53:33.128,bitget,ACH/USDT:USDT,0.023089,7412.0,0.023087,4869.0,0.02309,2785.0,0.023092,183902.0
1753592013278,04:53:33.278,bitget,ACH/USDT:USDT,0.023089,7412.0,0.023087,4869.0,0.02309,2785.0,0.023092,183902.0
1753592013428,04:53:33.428,bitget,ACH/USDT:USDT,0.023089,7412.0,0.023087,4869.0,0.02309,2785.0,0.023092,183902.0
1753592013578,04:53:33.578,bitget,ACH/USDT:USDT,0.023089,7412.0,0.023087,4869.0,0.02309,2785.0,0.023092,183902.0
1753592013728,04:53:33.728,bitget,ACH/USDT:USDT,0.023089,7412.0,0.023087,4869.0,0.02309,2785.0,0.023092,183902.0
1753592013878,04:53:33.878,bitget,ACH/USDT:USDT,0.023089,7412.0,0.023087,4869.0,0.02309,2785.0,0.023092,183902.0
1753592014028,04:53:34.028,bitget,ACH/USDT:USDT,0.023089,7412.0,0.023087,4869.0,0.02309,2785.0,0.023092,183902.0
1753592014178,04:53:34.178,bitget,ACH/USDT:USDT,0.023089,7412.0,0.023087,4869.0,0.02309,2785.0,0.023092,183902.0
1753592014329,04:53:34.329,bitget,ACH/USDT:USDT,0.023089,7412.0,0.023087,4869.0,0.02309,2785.0,0.023092,183902.0
1753592014479,04:53:34.479,bitget,ACH/USDT:USDT,0.023089,7412.0,0.023087,4869.0,0.02309,2785.0,0.023092,183902.0
1753592014629,04:53:34.629,bitget,ACH/USDT:USDT,0.023089,7412.0,0.023087,4869.0,0.02309,2785.0,0.023092,183902.0
1753592014779,04:53:34.779,bitget,ACH/USDT:USDT,0.023089,7412.0,0.023087,4869.0,0.02309,2785.0,0.023092,183902.0
1753592014929,04:53:34.929,bitget,ACH/USDT:USDT,0.023089,7412.0,0.023087,4869.0,0.02309,2785.0,0.023092,183902.0
1753592015079,04:53:35.079,bitget,ACH/USDT:USDT,0.023089,7412.0,0.023087,4869.0,0.02309,2785.0,0.023092,183902.0
1753592015229,04:53:35.229,bitget,ACH/USDT:USDT,0.023089,7412.0,0.023087,4869.0,0.02309,2785.0,0.023092,183902.0
1753592015379,04:53:35.379,bitget,ACH/USDT:USDT,0.023089,7412.0,0.023087,4869.0,0.02309,2785.0,0.023092,183902.0
1753592015529,04:53:35.529,bitget,ACH/USDT:USDT,0.023089,7412.0,0.023087,4869.0,0.02309,2785.0,0.023092,183902.0
1753592015679,04:53:35.679,bitget,ACH/USDT:USDT,0.023089,7412.0,0.023087,4869.0,0.023092,183902.0,0.023093,599.0
1753592015830,04:53:35.830,bitget,ACH/USDT:USDT,0.023089,7412.0,0.023087,4869.0,0.023091,2683.0,0.023092,183902.0
1753592015980,04:53:35.980,bitget,ACH/USDT:USDT,0.023089,7412.0,0.023087,4869.0,0.023091,2683.0,0.023092,183902.0
1753592016130,04:53:36.130,bitget,ACH/USDT:USDT,0.02309,7412.0,0.023089,7412.0,0.023091,2683.0,0.023092,183902.0
1753592016280,04:53:36.280,bitget,ACH/USDT:USDT,0.02309,7412.0,0.023088,4867.0,0.023091,2683.0,0.023092,183902.0
1753592016430,04:53:36.430,bitget,ACH/USDT:USDT,0.02309,7412.0,0.023088,4867.0,0.023091,2683.0,0.023092,183902.0
1753592016580,04:53:36.580,bitget,ACH/USDT:USDT,0.02309,7412.0,0.023088,4867.0,0.023091,2683.0,0.023092,183902.0
1753592016730,04:53:36.730,bitget,ACH/USDT:USDT,0.02309,7412.0,0.023088,4867.0,0.023091,2683.0,0.023092,183902.0
1753592016880,04:53:36.880,bitget,ACH/USDT:USDT,0.02309,7412.0,0.023088,4867.0,0.023091,2683.0,0.023092,183902.0
1753592017030,04:53:37.030,bitget,ACH/USDT:USDT,0.02309,7412.0,0.023088,4867.0,0.023091,2683.0,0.023092,183902.0
1753592017180,04:53:37.180,bitget,ACH/USDT:USDT,0.02309,7412.0,0.023088,4867.0,0.023091,2683.0,0.023092,183902.0
1753592017330,04:53:37.330,bitget,ACH/USDT:USDT,0.02309,7412.0,0.023088,4867.0,0.023091,2683.0,0.023092,183902.0
1753592017481,04:53:37.481,bitget,ACH/USDT:USDT,0.02309,7412.0,0.023088,4867.0,0.023091,2683.0,0.023092,183902.0
1753592017631,04:53:37.631,bitget,ACH/USDT:USDT,0.02309,7412.0,0.023088,4867.0,0.023091,2683.0,0.023092,183902.0
1753592017781,04:53:37.781,bitget,ACH/USDT:USDT,0.02309,7412.0,0.023088,4867.0,0.023091,2683.0,0.023092,183902.0
1753592017931,04:53:37.931,bitget,ACH/USDT:USDT,0.02309,7412.0,0.023088,4867.0,0.023091,2683.0,0.023092,183902.0
1753592018081,04:53:38.081,bitget,ACH/USDT:USDT,0.02309,7412.0,0.023088,4867.0,0.023091,2683.0,0.023092,183902.0
1753592018231,04:53:38.231,bitget,ACH/USDT:USDT,0.023088,4867.0,0.023085,3696.0,0.023091,2683.0,0.023092,183902.0
1753592018381,04:53:38.381,bitget,ACH/USDT:USDT,0.023086,4867.0,0.023079,2784.0,0.023091,2683.0,0.023092,183902.0
1753592018531,04:53:38.531,bitget,ACH/USDT:USDT,0.023086,4867.0,0.023084,4867.0,0.023091,2683.0,0.023092,183902.0
1753592018681,04:53:38.681,bitget,ACH/USDT:USDT,0.023086,4867.0,0.023084,4867.0,0.023091,2683.0,0.023092,205558.0
1753592018831,04:53:38.831,bitget,ACH/USDT:USDT,0.023086,4867.0,0.023084,4867.0,0.023091,2683.0,0.023092,205558.0
1753592018981,04:53:38.981,bitget,ACH/USDT:USDT,0.023086,4867.0,0.023084,4867.0,0.023091,2683.0,0.023092,183902.0
1753592019132,04:53:39.132,bitget,ACH/USDT:USDT,0.023086,4867.0,0.023084,4867.0,0.023091,2683.0,0.023092,204754.0
1753592019282,04:53:39.282,bitget,ACH/USDT:USDT,0.023086,4867.0,0.023084,4867.0,0.023091,2683.0,0.023092,204754.0
1753592019432,04:53:39.432,bitget,ACH/USDT:USDT,0.023086,4867.0,0.023084,4867.0,0.023091,2683.0,0.023092,204754.0
1753592019582,04:53:39.582,bitget,ACH/USDT:USDT,0.023086,4867.0,0.023084,4867.0,0.023091,2683.0,0.023092,183902.0
1753592019732,04:53:39.732,bitget,ACH/USDT:USDT,0.023086,4867.0,0.023084,8230.0,0.023091,2683.0,0.023092,183902.0
1753592019882,04:53:39.882,bitget,ACH/USDT:USDT,0.023086,4867.0,0.023084,8230.0,0.023091,2683.0,0.023092,183902.0
