timestamp,time,symbol,bid1_price,bid1_volume,bid2_price,bid2_volume,ask1_price,ask1_volume,ask2_price,ask2_volume
1753546948219,16:22:28.219,ACT/USDT:USDT,0.04588,2045.0,0.04587,1431.0,0.0459,1428.0,0.04591,17563.0
1753546948318,16:22:28.318,ACT/USDT:USDT,0.04588,2045.0,0.04587,1431.0,0.0459,1428.0,0.04591,17563.0
1753546948418,16:22:28.418,ACT/USDT:USDT,0.04588,2941.0,0.04587,1431.0,0.0459,1428.0,0.04591,17563.0
1753546948619,16:22:28.619,ACT/USDT:USDT,0.04588,2941.0,0.04587,1431.0,0.0459,1428.0,0.04591,17563.0
1753546948719,16:22:28.719,ACT/USDT:USDT,0.04588,2941.0,0.04587,1431.0,0.0459,1428.0,0.04591,17563.0
1753546948819,16:22:28.819,ACT/USDT:USDT,0.04588,2941.0,0.04587,1431.0,0.0459,1428.0,0.04591,17563.0
1753546949419,16:22:29.419,ACT/USDT:USDT,0.04588,2941.0,0.04587,1431.0,0.0459,1428.0,0.04591,17700.0
1753546949819,16:22:29.819,ACT/USDT:USDT,0.04588,2941.0,0.04587,1431.0,0.0459,1428.0,0.04591,17700.0
1753546949918,16:22:29.918,ACT/USDT:USDT,0.04588,2941.0,0.04587,1431.0,0.0459,1428.0,0.04591,17700.0
1753546954119,16:22:34.119,ACT/USDT:USDT,0.04588,2941.0,0.04587,1568.0,0.04589,10.0,0.0459,1428.0
1753546954219,16:22:34.219,ACT/USDT:USDT,0.04588,2941.0,0.04587,1568.0,0.04589,10.0,0.0459,1428.0
1753546954819,16:22:34.819,ACT/USDT:USDT,0.04588,2941.0,0.04587,1568.0,0.04589,10.0,0.0459,1428.0
1753546954919,16:22:34.919,ACT/USDT:USDT,0.04588,3182.0,0.04587,1568.0,0.04589,10.0,0.0459,1428.0
1753546955219,16:22:35.219,ACT/USDT:USDT,0.04588,3182.0,0.04587,1568.0,0.04589,10.0,0.0459,1428.0
1753546955819,16:22:35.819,ACT/USDT:USDT,0.04588,3182.0,0.04587,1568.0,0.04589,10.0,0.0459,1428.0
1753546955919,16:22:35.919,ACT/USDT:USDT,0.04588,3182.0,0.04587,1568.0,0.04589,10.0,0.0459,1428.0
1753546956019,16:22:36.019,ACT/USDT:USDT,0.04588,3182.0,0.04587,1568.0,0.04589,10.0,0.0459,1428.0
1753546956119,16:22:36.119,ACT/USDT:USDT,0.04588,3182.0,0.04587,1568.0,0.04589,10.0,0.0459,1428.0
1753546956219,16:22:36.219,ACT/USDT:USDT,0.04588,3182.0,0.04587,1568.0,0.04589,10.0,0.0459,1428.0
1753546956319,16:22:36.319,ACT/USDT:USDT,0.04588,3182.0,0.04587,1568.0,0.04589,10.0,0.0459,1428.0
1753546956818,16:22:36.818,ACT/USDT:USDT,0.04588,3182.0,0.04587,1568.0,0.04589,10.0,0.0459,1428.0
1753546956919,16:22:36.919,ACT/USDT:USDT,0.04588,3182.0,0.04587,1568.0,0.04589,10.0,0.0459,1428.0
1753546957020,16:22:37.020,ACT/USDT:USDT,0.04588,3182.0,0.04587,1568.0,0.04589,10.0,0.0459,1428.0
1753546957418,16:22:37.418,ACT/USDT:USDT,0.04588,3182.0,0.04587,1568.0,0.04589,10.0,0.0459,1428.0
1753546957519,16:22:37.519,ACT/USDT:USDT,0.04588,3182.0,0.04587,1568.0,0.04589,10.0,0.0459,1428.0
1753546958020,16:22:38.020,ACT/USDT:USDT,0.04588,3182.0,0.04587,1568.0,0.04589,10.0,0.0459,1428.0
1753546958119,16:22:38.119,ACT/USDT:USDT,0.04588,3182.0,0.04587,1568.0,0.04589,10.0,0.0459,1428.0
1753546958525,16:22:38.525,ACT/USDT:USDT,0.04588,3182.0,0.04587,1568.0,0.04589,10.0,0.0459,1428.0
1753546958619,16:22:38.619,ACT/USDT:USDT,0.04588,3182.0,0.04587,1568.0,0.04589,10.0,0.0459,1428.0
1753546958718,16:22:38.718,ACT/USDT:USDT,0.04588,3182.0,0.04587,1568.0,0.04589,10.0,0.0459,1428.0
1753546959219,16:22:39.219,ACT/USDT:USDT,0.04588,3182.0,0.04587,1568.0,0.04589,10.0,0.0459,1428.0
1753546959320,16:22:39.320,ACT/USDT:USDT,0.04588,3182.0,0.04587,1568.0,0.04589,10.0,0.0459,1428.0
1753546959819,16:22:39.819,ACT/USDT:USDT,0.04588,3182.0,0.04587,1568.0,0.04589,10.0,0.0459,1428.0
1753546959919,16:22:39.919,ACT/USDT:USDT,0.04588,3192.0,0.04587,1568.0,0.04589,10.0,0.0459,1428.0
1753546960020,16:22:40.020,ACT/USDT:USDT,0.04588,7550.0,0.04587,1568.0,0.04589,10.0,0.0459,1428.0
1753546960119,16:22:40.119,ACT/USDT:USDT,0.04589,1040.0,0.04588,3866.0,0.04591,1871.0,0.04592,14264.0
1753546960220,16:22:40.220,ACT/USDT:USDT,0.04588,3729.0,0.04587,6205.0,0.04591,3304.0,0.04592,14264.0
1753546960318,16:22:40.318,ACT/USDT:USDT,0.04588,4625.0,0.04587,6342.0,0.04591,3304.0,0.04592,14264.0
1753546960419,16:22:40.419,ACT/USDT:USDT,0.04588,3729.0,0.04587,6205.0,0.04591,3304.0,0.04592,14264.0
1753546960524,16:22:40.524,ACT/USDT:USDT,0.04588,3729.0,0.04587,6205.0,0.04591,3304.0,0.04592,14264.0
1753546960620,16:22:40.620,ACT/USDT:USDT,0.04588,3729.0,0.04587,6205.0,0.04591,3304.0,0.04592,14264.0
1753546960719,16:22:40.719,ACT/USDT:USDT,0.04588,2296.0,0.04587,6205.0,0.04589,589.0,0.0459,1435.0
1753546961019,16:22:41.019,ACT/USDT:USDT,0.04588,2296.0,0.04587,6205.0,0.04589,589.0,0.0459,1435.0
1753546961120,16:22:41.120,ACT/USDT:USDT,0.04588,3891.0,0.04587,6205.0,0.04589,589.0,0.0459,1435.0
1753546961220,16:22:41.220,ACT/USDT:USDT,0.04588,3891.0,0.04587,6205.0,0.04589,589.0,0.0459,1435.0
1753546961418,16:22:41.418,ACT/USDT:USDT,0.04588,3891.0,0.04587,6205.0,0.04589,634.0,0.0459,1435.0
1753546961519,16:22:41.519,ACT/USDT:USDT,0.04588,3891.0,0.04587,6205.0,0.04589,634.0,0.0459,1435.0
1753546961619,16:22:41.619,ACT/USDT:USDT,0.04588,3891.0,0.04587,6205.0,0.04589,634.0,0.0459,1435.0
1753546961918,16:22:41.918,ACT/USDT:USDT,0.04588,3891.0,0.04587,6205.0,0.04589,634.0,0.0459,1435.0
1753546962020,16:22:42.020,ACT/USDT:USDT,0.04588,3891.0,0.04587,6205.0,0.04589,634.0,0.0459,1435.0
1753546962523,16:22:42.523,ACT/USDT:USDT,0.04588,3891.0,0.04587,6205.0,0.04589,634.0,0.0459,1435.0
1753546962619,16:22:42.619,ACT/USDT:USDT,0.04588,3891.0,0.04587,6205.0,0.04589,634.0,0.0459,1435.0
1753546962919,16:22:42.919,ACT/USDT:USDT,0.04588,3891.0,0.04587,6205.0,0.04589,634.0,0.0459,1435.0
1753546963020,16:22:43.020,ACT/USDT:USDT,0.04588,3891.0,0.04587,6342.0,0.04589,634.0,0.0459,1435.0
1753546963219,16:22:43.219,ACT/USDT:USDT,0.04588,3891.0,0.04587,6342.0,0.04589,634.0,0.0459,1435.0
1753546963619,16:22:43.619,ACT/USDT:USDT,0.04588,3891.0,0.04587,6342.0,0.04589,634.0,0.0459,1435.0
1753546963718,16:22:43.718,ACT/USDT:USDT,0.04588,3891.0,0.04587,6342.0,0.04589,634.0,0.0459,1435.0
1753546964219,16:22:44.219,ACT/USDT:USDT,0.04588,3891.0,0.04587,6342.0,0.04589,634.0,0.0459,1435.0
1753546964319,16:22:44.319,ACT/USDT:USDT,0.04588,3891.0,0.04587,6342.0,0.04589,634.0,0.0459,1435.0
1753546964819,16:22:44.819,ACT/USDT:USDT,0.04588,3891.0,0.04587,6342.0,0.04589,634.0,0.0459,1435.0
1753546964918,16:22:44.918,ACT/USDT:USDT,0.04588,3891.0,0.04587,6342.0,0.04589,634.0,0.0459,1435.0
1753546965019,16:22:45.019,ACT/USDT:USDT,0.04588,3891.0,0.04587,6342.0,0.04589,45.0,0.0459,5985.0
1753546965419,16:22:45.419,ACT/USDT:USDT,0.04589,2654.0,0.04588,3869.0,0.04591,6420.0,0.04592,14264.0
1753546965520,16:22:45.520,ACT/USDT:USDT,0.04589,2654.0,0.04588,3869.0,0.04591,1871.0,0.04592,18813.0
1753546965619,16:22:45.619,ACT/USDT:USDT,0.04589,2654.0,0.04588,3869.0,0.04591,1871.0,0.04592,18813.0
1753546965718,16:22:45.718,ACT/USDT:USDT,0.04589,2654.0,0.04588,3869.0,0.04591,1871.0,0.04592,18813.0
1753546965819,16:22:45.819,ACT/USDT:USDT,0.04589,2654.0,0.04588,3869.0,0.04591,1871.0,0.04592,18813.0
1753546965918,16:22:45.918,ACT/USDT:USDT,0.04589,2654.0,0.04588,3869.0,0.04591,1871.0,0.04592,18813.0
1753546966019,16:22:46.019,ACT/USDT:USDT,0.04589,2654.0,0.04588,3869.0,0.04591,1871.0,0.04592,18813.0
1753546966219,16:22:46.219,ACT/USDT:USDT,0.04589,2654.0,0.04588,3869.0,0.04591,1871.0,0.04592,18813.0
1753546966419,16:22:46.419,ACT/USDT:USDT,0.04589,2654.0,0.04588,3869.0,0.04591,1871.0,0.04592,18813.0
1753546966523,16:22:46.523,ACT/USDT:USDT,0.04589,2654.0,0.04588,3732.0,0.04591,1871.0,0.04592,18813.0
1753546966618,16:22:46.618,ACT/USDT:USDT,0.04589,2654.0,0.04588,3732.0,0.04591,1871.0,0.04592,18813.0
1753546966719,16:22:46.719,ACT/USDT:USDT,0.04589,2654.0,0.04588,3732.0,0.04591,1871.0,0.04592,18813.0
1753546967318,16:22:47.318,ACT/USDT:USDT,0.04589,2654.0,0.04588,3732.0,0.04591,1871.0,0.04592,18950.0
1753546967519,16:22:47.519,ACT/USDT:USDT,0.04589,2654.0,0.04588,3732.0,0.04591,1871.0,0.04592,18950.0
1753546967618,16:22:47.618,ACT/USDT:USDT,0.04589,2654.0,0.04588,3732.0,0.04591,1871.0,0.04592,18950.0
1753546967719,16:22:47.719,ACT/USDT:USDT,0.04589,2654.0,0.04588,3732.0,0.04591,1871.0,0.04592,18950.0
1753546967819,16:22:47.819,ACT/USDT:USDT,0.04589,2654.0,0.04588,3732.0,0.04591,1871.0,0.04592,18950.0
1753546968119,16:22:48.119,ACT/USDT:USDT,0.04589,2654.0,0.04588,3732.0,0.04591,1871.0,0.04592,18950.0
1753546968218,16:22:48.218,ACT/USDT:USDT,0.04589,2654.0,0.04588,3732.0,0.04591,1871.0,0.04592,18950.0
1753546968419,16:22:48.419,ACT/USDT:USDT,0.04589,2654.0,0.04588,3732.0,0.04591,1871.0,0.04592,18950.0
1753546969020,16:22:49.020,ACT/USDT:USDT,0.04589,2654.0,0.04588,3732.0,0.04591,1871.0,0.04592,18950.0
1753546969118,16:22:49.118,ACT/USDT:USDT,0.04589,2654.0,0.04588,3732.0,0.04591,1871.0,0.04592,18950.0
1753546969218,16:22:49.218,ACT/USDT:USDT,0.04589,2654.0,0.04588,3732.0,0.04591,1871.0,0.04592,18950.0
1753546969319,16:22:49.319,ACT/USDT:USDT,0.04589,2654.0,0.04588,3732.0,0.04591,1871.0,0.04592,18950.0
1753546970219,16:22:50.219,ACT/USDT:USDT,0.04589,2654.0,0.04588,3732.0,0.04591,1871.0,0.04592,18950.0
1753546970818,16:22:50.818,ACT/USDT:USDT,0.04589,2654.0,0.04588,3732.0,0.04591,1871.0,0.04592,18950.0
1753546970918,16:22:50.918,ACT/USDT:USDT,0.04589,2654.0,0.04588,3732.0,0.04591,1871.0,0.04592,18950.0
1753546971318,16:22:51.318,ACT/USDT:USDT,0.04589,2654.0,0.04588,3732.0,0.04591,1871.0,0.04592,18950.0
1753546971419,16:22:51.419,ACT/USDT:USDT,0.04589,2654.0,0.04588,3869.0,0.04591,1871.0,0.04592,18950.0
1753546971520,16:22:51.520,ACT/USDT:USDT,0.04589,2654.0,0.04588,3869.0,0.04591,1871.0,0.04592,18950.0
1753546971619,16:22:51.619,ACT/USDT:USDT,0.04589,2893.0,0.04588,3628.0,0.04591,1871.0,0.04592,18950.0
1753546971719,16:22:51.719,ACT/USDT:USDT,0.04589,2893.0,0.04588,3491.0,0.04591,1871.0,0.04592,18950.0
1753546972419,16:22:52.419,ACT/USDT:USDT,0.04589,2893.0,0.04588,3491.0,0.04591,1871.0,0.04592,18950.0
1753546972525,16:22:52.525,ACT/USDT:USDT,0.04589,2893.0,0.04588,3628.0,0.04591,1871.0,0.04592,18950.0
1753546973419,16:22:53.419,ACT/USDT:USDT,0.04589,2893.0,0.04588,3628.0,0.04591,1871.0,0.04592,14176.0
1753546974019,16:22:54.019,ACT/USDT:USDT,0.04589,2893.0,0.04588,3628.0,0.04591,1871.0,0.04592,14176.0
1753546974120,16:22:54.120,ACT/USDT:USDT,0.04589,2893.0,0.04588,3491.0,0.04591,1871.0,0.04592,14176.0
1753546974319,16:22:54.319,ACT/USDT:USDT,0.04589,2893.0,0.04588,3491.0,0.04591,1871.0,0.04592,14176.0
1753546974419,16:22:54.419,ACT/USDT:USDT,0.04589,2893.0,0.04588,3491.0,0.04591,1871.0,0.04592,14176.0
1753546974526,16:22:54.526,ACT/USDT:USDT,0.04589,2893.0,0.04588,3491.0,0.04591,1871.0,0.04592,14176.0
1753546974818,16:22:54.818,ACT/USDT:USDT,0.04589,2893.0,0.04588,3491.0,0.04591,1871.0,0.04592,14176.0
1753546974918,16:22:54.918,ACT/USDT:USDT,0.04589,2893.0,0.04588,3491.0,0.04591,1871.0,0.04592,14176.0
1753546975020,16:22:55.020,ACT/USDT:USDT,0.04589,2893.0,0.04588,3491.0,0.04591,1871.0,0.04592,14176.0
1753546975119,16:22:55.119,ACT/USDT:USDT,0.04589,3002.0,0.04588,3628.0,0.04591,1871.0,0.04592,14176.0
1753546975218,16:22:55.218,ACT/USDT:USDT,0.04589,3002.0,0.04588,3628.0,0.04591,1871.0,0.04592,14176.0
1753546975519,16:22:55.519,ACT/USDT:USDT,0.04589,3002.0,0.04588,3628.0,0.04591,1871.0,0.04592,14176.0
1753546975619,16:22:55.619,ACT/USDT:USDT,0.04589,3002.0,0.04588,3628.0,0.04591,1871.0,0.04592,14176.0
1753546975719,16:22:55.719,ACT/USDT:USDT,0.04589,3002.0,0.04588,3628.0,0.04591,1871.0,0.04592,14176.0
1753546975819,16:22:55.819,ACT/USDT:USDT,0.04589,3002.0,0.04588,3628.0,0.04591,1871.0,0.04592,14176.0
1753546975917,16:22:55.917,ACT/USDT:USDT,0.04589,3002.0,0.04588,3628.0,0.04591,1871.0,0.04592,14176.0
1753546976118,16:22:56.118,ACT/USDT:USDT,0.04589,3002.0,0.04588,3628.0,0.04591,1871.0,0.04592,14176.0
1753546976218,16:22:56.218,ACT/USDT:USDT,0.04589,3002.0,0.04588,3491.0,0.04591,1871.0,0.04592,14176.0
1753546976318,16:22:56.318,ACT/USDT:USDT,0.04589,3002.0,0.04588,3491.0,0.04591,1871.0,0.04592,14176.0
1753546976419,16:22:56.419,ACT/USDT:USDT,0.04589,3002.0,0.04588,3491.0,0.04591,1871.0,0.04592,14176.0
1753546976819,16:22:56.819,ACT/USDT:USDT,0.04589,3002.0,0.04588,3491.0,0.04591,1871.0,0.04592,14176.0
1753546976918,16:22:56.918,ACT/USDT:USDT,0.04589,3002.0,0.04588,3491.0,0.04591,1871.0,0.04592,14176.0
1753546977218,16:22:57.218,ACT/USDT:USDT,0.04589,3002.0,0.04588,3491.0,0.04591,1871.0,0.04592,14176.0
1753546977419,16:22:57.419,ACT/USDT:USDT,0.04589,3002.0,0.04588,3491.0,0.04591,1871.0,0.04592,14176.0
1753546977519,16:22:57.519,ACT/USDT:USDT,0.04589,3002.0,0.04588,3491.0,0.04591,1871.0,0.04592,14176.0
1753546978020,16:22:58.020,ACT/USDT:USDT,0.04589,3002.0,0.04588,3491.0,0.04591,1871.0,0.04592,14176.0
1753546978119,16:22:58.119,ACT/USDT:USDT,0.04589,3002.0,0.04588,3628.0,0.04591,1871.0,0.04592,14176.0
1753546978618,16:22:58.618,ACT/USDT:USDT,0.04589,3002.0,0.04588,3628.0,0.04591,1871.0,0.04592,14176.0
1753546978719,16:22:58.719,ACT/USDT:USDT,0.04589,3002.0,0.04588,3628.0,0.04591,1871.0,0.04592,14176.0
1753546979218,16:22:59.218,ACT/USDT:USDT,0.04589,3002.0,0.04588,3628.0,0.04591,1871.0,0.04592,14176.0
1753546979319,16:22:59.319,ACT/USDT:USDT,0.04589,3002.0,0.04588,3628.0,0.04591,1871.0,0.04592,14176.0
1753546979818,16:22:59.818,ACT/USDT:USDT,0.04589,3002.0,0.04588,3628.0,0.04591,1871.0,0.04592,14176.0
1753546979919,16:22:59.919,ACT/USDT:USDT,0.04589,3002.0,0.04588,3628.0,0.04591,1871.0,0.04592,14176.0
1753546980020,16:23:00.020,ACT/USDT:USDT,0.0459,712.0,0.04589,3002.0,0.04592,9490.0,0.04594,24165.0
1753546980119,16:23:00.119,ACT/USDT:USDT,0.0459,2151.0,0.04589,1544.0,0.04593,7469.0,0.04594,27280.0
1753546980219,16:23:00.219,ACT/USDT:USDT,0.0459,2151.0,0.04589,1407.0,0.04593,7469.0,0.04594,27280.0
1753546980319,16:23:00.319,ACT/USDT:USDT,0.0459,2151.0,0.04589,1407.0,0.04593,9583.0,0.04594,27280.0
1753546980819,16:23:00.819,ACT/USDT:USDT,0.0459,2151.0,0.04589,1407.0,0.04593,9583.0,0.04594,27280.0
1753546980918,16:23:00.918,ACT/USDT:USDT,0.0459,2151.0,0.04589,1407.0,0.04593,9583.0,0.04594,27280.0
1753546981020,16:23:01.020,ACT/USDT:USDT,0.0459,2151.0,0.04589,1407.0,0.04593,9583.0,0.04594,27280.0
1753546981119,16:23:01.119,ACT/USDT:USDT,0.0459,2151.0,0.04589,1298.0,0.04591,589.0,0.04592,4735.0
1753546981319,16:23:01.319,ACT/USDT:USDT,0.0459,2151.0,0.04589,1298.0,0.04591,589.0,0.04592,4735.0
1753546982020,16:23:02.020,ACT/USDT:USDT,0.0459,2151.0,0.04589,1298.0,0.04591,589.0,0.04592,4735.0
1753546982121,16:23:02.121,ACT/USDT:USDT,0.04589,239.0,0.04588,2055.0,0.0459,2980.0,0.04591,2341.0
1753546982220,16:23:02.220,ACT/USDT:USDT,0.04589,239.0,0.04588,2055.0,0.0459,1552.0,0.04591,6288.0
1753546982320,16:23:02.320,ACT/USDT:USDT,0.04588,2055.0,0.04587,14224.0,0.04589,589.0,0.0459,1552.0
1753546982418,16:23:02.418,ACT/USDT:USDT,0.04588,2055.0,0.04587,14224.0,0.04589,589.0,0.0459,1552.0
1753546982818,16:23:02.818,ACT/USDT:USDT,0.04588,2055.0,0.04587,14224.0,0.04589,589.0,0.0459,1552.0
1753546983020,16:23:03.020,ACT/USDT:USDT,0.04588,2055.0,0.04587,14224.0,0.04589,589.0,0.0459,1552.0
1753546983719,16:23:03.719,ACT/USDT:USDT,0.04588,2055.0,0.04587,14224.0,0.04589,589.0,0.0459,1552.0
1753546984119,16:23:04.119,ACT/USDT:USDT,0.04588,2055.0,0.04587,14224.0,0.04589,589.0,0.0459,1552.0
1753546984617,16:23:04.617,ACT/USDT:USDT,0.04588,2055.0,0.04587,14224.0,0.04589,589.0,0.0459,1552.0
1753546984717,16:23:04.717,ACT/USDT:USDT,0.04588,2055.0,0.04587,14224.0,0.04589,589.0,0.0459,1552.0
1753546985119,16:23:05.119,ACT/USDT:USDT,0.04588,2055.0,0.04587,14334.0,0.04589,589.0,0.0459,1552.0
1753546985319,16:23:05.319,ACT/USDT:USDT,0.04588,2055.0,0.04587,14334.0,0.04589,589.0,0.0459,1552.0
1753546985719,16:23:05.719,ACT/USDT:USDT,0.04588,2055.0,0.04587,14334.0,0.04589,589.0,0.0459,1552.0
1753546985819,16:23:05.819,ACT/USDT:USDT,0.04588,2055.0,0.04587,14334.0,0.04589,589.0,0.0459,1552.0
1753546986217,16:23:06.217,ACT/USDT:USDT,0.04588,2055.0,0.04587,14334.0,0.04589,589.0,0.0459,1552.0
1753546986418,16:23:06.418,ACT/USDT:USDT,0.04588,2055.0,0.04587,14471.0,0.0459,1552.0,0.04591,6288.0
1753546986619,16:23:06.619,ACT/USDT:USDT,0.04589,2149.0,0.04588,8401.0,0.04591,1552.0,0.04592,19871.0
1753546986819,16:23:06.819,ACT/USDT:USDT,0.04589,2149.0,0.04588,8401.0,0.04591,1552.0,0.04592,19871.0
1753546987319,16:23:07.319,ACT/USDT:USDT,0.04589,2149.0,0.04588,8401.0,0.04591,1552.0,0.04592,19871.0
1753546987419,16:23:07.419,ACT/USDT:USDT,0.04589,2149.0,0.04588,8401.0,0.04591,1552.0,0.04592,19871.0
1753546987520,16:23:07.520,ACT/USDT:USDT,0.04589,2149.0,0.04588,8401.0,0.04591,1552.0,0.04592,19871.0
1753546987719,16:23:07.719,ACT/USDT:USDT,0.04589,2149.0,0.04588,8401.0,0.04593,6747.0,0.04594,17693.0
1753546987820,16:23:07.820,ACT/USDT:USDT,0.04589,2149.0,0.04588,8401.0,0.04593,8101.0,0.04594,17693.0
1753546987919,16:23:07.919,ACT/USDT:USDT,0.04589,2184.0,0.04588,8401.0,0.04593,8101.0,0.04594,17693.0
1753546988119,16:23:08.119,ACT/USDT:USDT,0.04589,2293.0,0.04588,8401.0,0.04593,8101.0,0.04594,17693.0
1753546988219,16:23:08.219,ACT/USDT:USDT,0.04589,2293.0,0.04588,8401.0,0.04593,8101.0,0.04594,17693.0
1753546988523,16:23:08.523,ACT/USDT:USDT,0.04589,2293.0,0.04588,8401.0,0.04593,8101.0,0.04594,17693.0
1753546988719,16:23:08.719,ACT/USDT:USDT,0.04589,2293.0,0.04588,8401.0,0.04593,8101.0,0.04594,17693.0
1753546988918,16:23:08.918,ACT/USDT:USDT,0.04589,2293.0,0.04588,8401.0,0.04593,8101.0,0.04594,17693.0
1753546989020,16:23:09.020,ACT/USDT:USDT,0.04589,2293.0,0.04588,8401.0,0.04593,8101.0,0.04594,17693.0
1753546989520,16:23:09.520,ACT/USDT:USDT,0.04589,2293.0,0.04588,8401.0,0.04593,8101.0,0.04594,17693.0
1753546989618,16:23:09.618,ACT/USDT:USDT,0.04589,2293.0,0.04588,8401.0,0.04593,8101.0,0.04594,17693.0
1753546989818,16:23:09.818,ACT/USDT:USDT,0.04591,463.0,0.04589,2293.0,0.04593,8101.0,0.04594,17693.0
1753546989918,16:23:09.918,ACT/USDT:USDT,0.04591,463.0,0.04589,6355.0,0.04593,8101.0,0.04594,17693.0
1753546990020,16:23:10.020,ACT/USDT:USDT,0.04591,463.0,0.04589,6355.0,0.04593,8101.0,0.04594,17693.0
1753546990119,16:23:10.119,ACT/USDT:USDT,0.04591,463.0,0.0459,1436.0,0.04593,8210.0,0.04594,17693.0
1753546990619,16:23:10.619,ACT/USDT:USDT,0.04591,463.0,0.0459,1436.0,0.04593,8210.0,0.04594,17693.0
1753546990718,16:23:10.718,ACT/USDT:USDT,0.04591,463.0,0.0459,1436.0,0.04593,8210.0,0.04594,17693.0
1753546991119,16:23:11.119,ACT/USDT:USDT,0.04591,463.0,0.0459,1436.0,0.04593,8210.0,0.04594,12919.0
1753546991218,16:23:11.218,ACT/USDT:USDT,0.04591,463.0,0.0459,1436.0,0.04593,8101.0,0.04594,12919.0
1753546991418,16:23:11.418,ACT/USDT:USDT,0.04591,463.0,0.0459,1436.0,0.04592,6015.0,0.04593,2114.0
1753546991520,16:23:11.520,ACT/USDT:USDT,0.04591,1017.0,0.0459,1436.0,0.04593,2114.0,0.04594,4911.0
1753546991619,16:23:11.619,ACT/USDT:USDT,0.04591,1017.0,0.0459,1436.0,0.04593,8128.0,0.04595,10448.0
1753546991819,16:23:11.819,ACT/USDT:USDT,0.04591,1017.0,0.0459,1436.0,0.04593,8128.0,0.04594,1436.0
1753546991919,16:23:11.919,ACT/USDT:USDT,0.04591,1017.0,0.0459,1436.0,0.04593,8128.0,0.04594,1436.0
1753546992319,16:23:12.319,ACT/USDT:USDT,0.04591,1017.0,0.0459,1436.0,0.04593,8128.0,0.04594,1436.0
1753546992419,16:23:12.419,ACT/USDT:USDT,0.04591,1017.0,0.0459,1436.0,0.04593,8128.0,0.04594,1436.0
1753546992619,16:23:12.619,ACT/USDT:USDT,0.04591,1017.0,0.0459,1436.0,0.04593,8128.0,0.04594,1436.0
1753546993019,16:23:13.019,ACT/USDT:USDT,0.04591,1017.0,0.0459,1436.0,0.04593,8128.0,0.04594,1436.0
1753546993119,16:23:13.119,ACT/USDT:USDT,0.04591,1017.0,0.0459,1436.0,0.04593,8128.0,0.04594,1436.0
1753546993319,16:23:13.319,ACT/USDT:USDT,0.04591,1017.0,0.0459,1436.0,0.04593,8128.0,0.04594,1436.0
1753546993418,16:23:13.418,ACT/USDT:USDT,0.04592,1922.0,0.04591,2453.0,0.04593,6014.0,0.04594,1436.0
1753546993520,16:23:13.520,ACT/USDT:USDT,0.04592,1922.0,0.04591,1899.0,0.04593,6014.0,0.04594,1436.0
1753546993619,16:23:13.619,ACT/USDT:USDT,0.04592,1922.0,0.04591,1899.0,0.04593,6014.0,0.04594,1436.0
1753546993719,16:23:13.719,ACT/USDT:USDT,0.04592,1922.0,0.04591,1899.0,0.04593,6014.0,0.04594,1436.0
1753546993819,16:23:13.819,ACT/USDT:USDT,0.04592,1922.0,0.04591,1899.0,0.04593,6014.0,0.04594,1436.0
1753546993919,16:23:13.919,ACT/USDT:USDT,0.04592,1922.0,0.04591,1899.0,0.04593,6014.0,0.04594,1436.0
1753546994020,16:23:14.020,ACT/USDT:USDT,0.04592,1922.0,0.04591,1899.0,0.04593,6014.0,0.04594,1436.0
1753546994219,16:23:14.219,ACT/USDT:USDT,0.04592,1922.0,0.04591,1899.0,0.04593,6014.0,0.04594,1436.0
1753546994319,16:23:14.319,ACT/USDT:USDT,0.04592,1922.0,0.04591,1899.0,0.04593,6014.0,0.04594,1436.0
1753546994419,16:23:14.419,ACT/USDT:USDT,0.04592,1922.0,0.04591,1899.0,0.04593,6014.0,0.04594,1436.0
1753546994919,16:23:14.919,ACT/USDT:USDT,0.04592,1922.0,0.04591,1899.0,0.04593,6014.0,0.04594,1436.0
1753546995019,16:23:15.019,ACT/USDT:USDT,0.04592,1922.0,0.04591,1899.0,0.04593,6014.0,0.04594,1436.0
1753546995519,16:23:15.519,ACT/USDT:USDT,0.04592,1922.0,0.04591,1899.0,0.04593,6014.0,0.04594,1436.0
1753546995619,16:23:15.619,ACT/USDT:USDT,0.04592,1922.0,0.04591,1899.0,0.04593,6014.0,0.04594,1436.0
1753546996019,16:23:16.019,ACT/USDT:USDT,0.04592,1935.0,0.04591,1899.0,0.04593,6014.0,0.04594,1436.0
1753546996119,16:23:16.119,ACT/USDT:USDT,0.04592,1935.0,0.04591,1899.0,0.04593,6014.0,0.04594,1436.0
1753546996219,16:23:16.219,ACT/USDT:USDT,0.04592,1935.0,0.04591,1899.0,0.04593,6014.0,0.04594,1436.0
1753546996617,16:23:16.617,ACT/USDT:USDT,0.04592,1935.0,0.04591,1899.0,0.04593,6014.0,0.04594,1436.0
1753546996719,16:23:16.719,ACT/USDT:USDT,0.04592,1935.0,0.04591,463.0,0.04593,6014.0,0.04594,1436.0
1753546996819,16:23:16.819,ACT/USDT:USDT,0.04592,1935.0,0.04591,463.0,0.04593,6014.0,0.04594,1436.0
1753546997219,16:23:17.219,ACT/USDT:USDT,0.04592,1935.0,0.04591,463.0,0.04593,6014.0,0.04594,1436.0
1753546997319,16:23:17.319,ACT/USDT:USDT,0.04592,1935.0,0.04591,463.0,0.04593,6014.0,0.04594,1436.0
1753546997719,16:23:17.719,ACT/USDT:USDT,0.04592,1935.0,0.04591,463.0,0.04593,6014.0,0.04594,1436.0
1753546998319,16:23:18.319,ACT/USDT:USDT,0.04592,1935.0,0.04591,463.0,0.04593,6014.0,0.04594,1436.0
1753546998419,16:23:18.419,ACT/USDT:USDT,0.04592,1935.0,0.04591,463.0,0.04593,6014.0,0.04594,1436.0
1753546998819,16:23:18.819,ACT/USDT:USDT,0.04592,1935.0,0.04591,463.0,0.04593,6014.0,0.04594,1436.0
1753546999419,16:23:19.419,ACT/USDT:USDT,0.04592,1935.0,0.04591,463.0,0.04593,6014.0,0.04594,1436.0
1753546999519,16:23:19.519,ACT/USDT:USDT,0.04592,1935.0,0.04591,463.0,0.04593,6014.0,0.04594,1436.0
1753547000019,16:23:20.019,ACT/USDT:USDT,0.04592,1935.0,0.04591,463.0,0.04593,6014.0,0.04594,1436.0
1753547000119,16:23:20.119,ACT/USDT:USDT,0.04592,1935.0,0.04591,463.0,0.04593,6014.0,0.04594,1436.0
1753547000429,16:23:20.429,ACT/USDT:USDT,0.04592,664.0,0.04591,463.0,0.04593,6014.0,0.04594,1573.0
1753547000523,16:23:20.523,ACT/USDT:USDT,0.04592,664.0,0.04591,463.0,0.04593,6014.0,0.04594,1573.0
1753547000619,16:23:20.619,ACT/USDT:USDT,0.04592,664.0,0.04591,463.0,0.04593,6014.0,0.04594,1573.0
1753547000719,16:23:20.719,ACT/USDT:USDT,0.04592,664.0,0.04591,463.0,0.04593,6014.0,0.04594,1573.0
1753547000819,16:23:20.819,ACT/USDT:USDT,0.04592,664.0,0.04591,463.0,0.04593,6014.0,0.04594,1573.0
1753547001119,16:23:21.119,ACT/USDT:USDT,0.04592,664.0,0.04591,463.0,0.04593,6014.0,0.04594,1573.0
1753547001219,16:23:21.219,ACT/USDT:USDT,0.04592,664.0,0.04591,463.0,0.04593,6014.0,0.04594,1573.0
1753547001520,16:23:21.520,ACT/USDT:USDT,0.04592,13.0,0.04591,463.0,0.04593,6014.0,0.04594,1573.0
1753547001619,16:23:21.619,ACT/USDT:USDT,0.04592,13.0,0.04591,463.0,0.04593,6014.0,0.04594,1573.0
1753547001719,16:23:21.719,ACT/USDT:USDT,0.04592,13.0,0.04591,2524.0,0.04593,6014.0,0.04594,1573.0
1753547002219,16:23:22.219,ACT/USDT:USDT,0.04592,13.0,0.04591,2524.0,0.04593,6014.0,0.04594,1573.0
1753547002319,16:23:22.319,ACT/USDT:USDT,0.04592,13.0,0.04591,2524.0,0.04593,6014.0,0.04594,1573.0
1753547002524,16:23:22.524,ACT/USDT:USDT,0.04592,13.0,0.04591,2524.0,0.04593,6014.0,0.04594,1573.0
1753547003019,16:23:23.019,ACT/USDT:USDT,0.04592,13.0,0.04591,2524.0,0.04593,6014.0,0.04594,1573.0
1753547003317,16:23:23.317,ACT/USDT:USDT,0.04592,13.0,0.04591,2524.0,0.04593,6014.0,0.04594,1573.0
1753547003418,16:23:23.418,ACT/USDT:USDT,0.04592,13.0,0.04591,2524.0,0.04593,6014.0,0.04594,1573.0
1753547003719,16:23:23.719,ACT/USDT:USDT,0.04592,13.0,0.04591,2524.0,0.04593,6014.0,0.04594,1573.0
1753547003819,16:23:23.819,ACT/USDT:USDT,0.04592,13.0,0.04591,3960.0,0.04594,7363.0,0.04595,13667.0
1753547003918,16:23:23.918,ACT/USDT:USDT,0.04592,13.0,0.04591,3960.0,0.04594,7363.0,0.04595,13667.0
1753547004319,16:23:24.319,ACT/USDT:USDT,0.04592,13.0,0.04591,3960.0,0.04594,7363.0,0.04595,13667.0
1753547005419,16:23:25.419,ACT/USDT:USDT,0.04592,13.0,0.04591,3960.0,0.04593,589.0,0.04594,7363.0
1753547005520,16:23:25.520,ACT/USDT:USDT,0.04592,13.0,0.04591,3960.0,0.04593,589.0,0.04594,7363.0
1753547006019,16:23:26.019,ACT/USDT:USDT,0.04592,13.0,0.04591,3960.0,0.04593,589.0,0.04594,7363.0
1753547006119,16:23:26.119,ACT/USDT:USDT,0.04592,13.0,0.04591,3960.0,0.04593,589.0,0.04594,7363.0
1753547006319,16:23:26.319,ACT/USDT:USDT,0.04592,13.0,0.04591,3960.0,0.04593,589.0,0.04594,7363.0
1753547006618,16:23:26.618,ACT/USDT:USDT,0.04592,13.0,0.04591,3960.0,0.04593,589.0,0.04594,7363.0
1753547006719,16:23:26.719,ACT/USDT:USDT,0.04592,13.0,0.04591,3960.0,0.04593,589.0,0.04594,7363.0
1753547007218,16:23:27.218,ACT/USDT:USDT,0.04592,13.0,0.04591,3960.0,0.04593,589.0,0.04594,7363.0
1753547007619,16:23:27.619,ACT/USDT:USDT,0.04592,13.0,0.04591,3960.0,0.04593,589.0,0.04594,7363.0
1753547007718,16:23:27.718,ACT/USDT:USDT,0.04592,13.0,0.04591,3960.0,0.04593,589.0,0.04594,7363.0
1753547008319,16:23:28.319,ACT/USDT:USDT,0.04592,2119.0,0.04591,4097.0,0.04594,5927.0,0.04595,13804.0
1753547008418,16:23:28.418,ACT/USDT:USDT,0.04592,2119.0,0.04591,4097.0,0.04594,5927.0,0.04595,11621.0
1753547008619,16:23:28.619,ACT/USDT:USDT,0.04592,2119.0,0.04591,3960.0,0.04595,8083.0,0.04596,7093.0
1753547008719,16:23:28.719,ACT/USDT:USDT,0.04592,2119.0,0.04591,3960.0,0.04595,8083.0,0.04596,7093.0
1753547009219,16:23:29.219,ACT/USDT:USDT,0.04592,2119.0,0.04591,3960.0,0.04595,8192.0,0.04596,7093.0
1753547009319,16:23:29.319,ACT/USDT:USDT,0.04592,2119.0,0.04591,3960.0,0.04595,8192.0,0.04596,8529.0
1753547009419,16:23:29.419,ACT/USDT:USDT,0.04592,567.0,0.04591,3960.0,0.04593,589.0,0.04594,5591.0
1753547009519,16:23:29.519,ACT/USDT:USDT,0.04592,13.0,0.04591,3960.0,0.04593,589.0,0.04594,1436.0
1753547010119,16:23:30.119,ACT/USDT:USDT,0.04592,13.0,0.04591,3960.0,0.04593,589.0,0.04594,1436.0
1753547010218,16:23:30.218,ACT/USDT:USDT,0.04592,13.0,0.04591,3960.0,0.04593,589.0,0.04594,1436.0
1753547010319,16:23:30.319,ACT/USDT:USDT,0.04592,13.0,0.04591,3960.0,0.04593,589.0,0.04594,1436.0
1753547010418,16:23:30.418,ACT/USDT:USDT,0.04592,13.0,0.04591,3960.0,0.04593,589.0,0.04594,1436.0
1753547010920,16:23:30.920,ACT/USDT:USDT,0.04592,13.0,0.04591,3960.0,0.04593,637.0,0.04594,1436.0
1753547011020,16:23:31.020,ACT/USDT:USDT,0.04592,13.0,0.04591,3960.0,0.04593,6229.0,0.04594,1436.0
1753547011219,16:23:31.219,ACT/USDT:USDT,0.04592,13.0,0.04591,3960.0,0.04593,6229.0,0.04594,1436.0
1753547011718,16:23:31.718,ACT/USDT:USDT,0.04592,13.0,0.04591,3960.0,0.04593,637.0,0.04594,7476.0
1753547012021,16:23:32.021,ACT/USDT:USDT,0.04592,13.0,0.04591,3960.0,0.04593,637.0,0.04594,7476.0
1753547012119,16:23:32.119,ACT/USDT:USDT,0.04592,13.0,0.04591,3960.0,0.04593,637.0,0.04594,7476.0
1753547012525,16:23:32.525,ACT/USDT:USDT,0.04592,13.0,0.04591,3960.0,0.04593,637.0,0.04594,7476.0
1753547012618,16:23:32.618,ACT/USDT:USDT,0.04592,13.0,0.04591,3960.0,0.04593,637.0,0.04594,7476.0
1753547013119,16:23:33.119,ACT/USDT:USDT,0.04592,13.0,0.04591,3960.0,0.04593,637.0,0.04594,7476.0
1753547013218,16:23:33.218,ACT/USDT:USDT,0.04592,13.0,0.04591,3960.0,0.04593,637.0,0.04594,7476.0
1753547013419,16:23:33.419,ACT/USDT:USDT,0.04592,13.0,0.04591,3960.0,0.04593,637.0,0.04594,7476.0
1753547013619,16:23:33.619,ACT/USDT:USDT,0.04592,13.0,0.04591,3960.0,0.04593,637.0,0.04594,7476.0
1753547013719,16:23:33.719,ACT/USDT:USDT,0.04592,13.0,0.04591,3960.0,0.04593,637.0,0.04594,7476.0
1753547014119,16:23:34.119,ACT/USDT:USDT,0.04592,13.0,0.04591,3960.0,0.04593,746.0,0.04594,7476.0
1753547014449,16:23:34.449,ACT/USDT:USDT,0.04592,13.0,0.04591,3960.0,0.04593,746.0,0.04594,7476.0
1753547014819,16:23:34.819,ACT/USDT:USDT,0.04592,13.0,0.04591,3960.0,0.04593,746.0,0.04594,7476.0
1753547015819,16:23:35.819,ACT/USDT:USDT,0.04592,13.0,0.04591,3960.0,0.04593,746.0,0.04594,7476.0
1753547015919,16:23:35.919,ACT/USDT:USDT,0.04592,13.0,0.04591,3960.0,0.04593,746.0,0.04594,7476.0
1753547016918,16:23:36.918,ACT/USDT:USDT,0.04592,13.0,0.04591,3960.0,0.04593,746.0,0.04594,7476.0
1753547017020,16:23:37.020,ACT/USDT:USDT,0.04592,13.0,0.04591,3960.0,0.04593,746.0,0.04594,7476.0
1753547017419,16:23:37.419,ACT/USDT:USDT,0.04592,13.0,0.04591,3960.0,0.04593,746.0,0.04594,7476.0
1753547017519,16:23:37.519,ACT/USDT:USDT,0.04592,13.0,0.04591,3960.0,0.04593,746.0,0.04594,7476.0
1753547017719,16:23:37.719,ACT/USDT:USDT,0.04592,13.0,0.04591,3960.0,0.04593,746.0,0.04594,7476.0
1753547017919,16:23:37.919,ACT/USDT:USDT,0.04592,13.0,0.04591,3960.0,0.04593,746.0,0.04594,7476.0
1753547018019,16:23:38.019,ACT/USDT:USDT,0.04592,13.0,0.04591,3960.0,0.04593,746.0,0.04594,7476.0
1753547018119,16:23:38.119,ACT/USDT:USDT,0.04592,13.0,0.04591,3960.0,0.04593,637.0,0.04594,7476.0
1753547018524,16:23:38.524,ACT/USDT:USDT,0.04592,13.0,0.04591,3960.0,0.04593,637.0,0.04594,7476.0
1753547018619,16:23:38.619,ACT/USDT:USDT,0.04592,13.0,0.04591,3960.0,0.04593,637.0,0.04594,7476.0
1753547018720,16:23:38.720,ACT/USDT:USDT,0.04592,13.0,0.04591,3960.0,0.04593,637.0,0.04594,7476.0
1753547019119,16:23:39.119,ACT/USDT:USDT,0.04592,13.0,0.04591,3960.0,0.04593,637.0,0.04594,7476.0
1753547019218,16:23:39.218,ACT/USDT:USDT,0.04592,13.0,0.04591,3960.0,0.04593,637.0,0.04594,7476.0
1753547019419,16:23:39.419,ACT/USDT:USDT,0.04592,13.0,0.04591,3960.0,0.04593,637.0,0.04594,7476.0
1753547019817,16:23:39.817,ACT/USDT:USDT,0.04592,13.0,0.04591,3960.0,0.04593,647.0,0.04594,7476.0
1753547020219,16:23:40.219,ACT/USDT:USDT,0.04592,13.0,0.04591,3960.0,0.04593,647.0,0.04594,7476.0
1753547020319,16:23:40.319,ACT/USDT:USDT,0.04592,13.0,0.04591,3960.0,0.04593,647.0,0.04594,7476.0
1753547020419,16:23:40.419,ACT/USDT:USDT,0.04592,13.0,0.04591,3960.0,0.04593,647.0,0.04594,7476.0
1753547021020,16:23:41.020,ACT/USDT:USDT,0.04592,13.0,0.04591,3960.0,0.04593,647.0,0.04594,7476.0
1753547021219,16:23:41.219,ACT/USDT:USDT,0.04592,13.0,0.04591,3960.0,0.04593,613.0,0.04594,7476.0
1753547021318,16:23:41.318,ACT/USDT:USDT,0.04592,13.0,0.04591,3960.0,0.04593,613.0,0.04594,7476.0
1753547021419,16:23:41.419,ACT/USDT:USDT,0.04592,13.0,0.04591,3960.0,0.04593,613.0,0.04594,7476.0
1753547021519,16:23:41.519,ACT/USDT:USDT,0.04592,13.0,0.04591,3960.0,0.04593,613.0,0.04594,7476.0
1753547021919,16:23:41.919,ACT/USDT:USDT,0.04592,13.0,0.04591,3960.0,0.04593,613.0,0.04594,7476.0
1753547022020,16:23:42.020,ACT/USDT:USDT,0.04592,13.0,0.04591,3960.0,0.04593,613.0,0.04594,7476.0
1753547022418,16:23:42.418,ACT/USDT:USDT,0.04592,13.0,0.04591,3960.0,0.04593,613.0,0.04594,7476.0
1753547022525,16:23:42.525,ACT/USDT:USDT,0.04592,13.0,0.04591,3960.0,0.04593,613.0,0.04594,7476.0
1753547022619,16:23:42.619,ACT/USDT:USDT,0.04592,13.0,0.04591,3960.0,0.04593,613.0,0.04594,7476.0
1753547023319,16:23:43.319,ACT/USDT:USDT,0.04592,13.0,0.04591,3960.0,0.04593,613.0,0.04594,7476.0
1753547023419,16:23:43.419,ACT/USDT:USDT,0.04592,13.0,0.04591,3960.0,0.04593,613.0,0.04594,7476.0
1753547024119,16:23:44.119,ACT/USDT:USDT,0.04592,13.0,0.04591,3960.0,0.04593,613.0,0.04594,7476.0
1753547024218,16:23:44.218,ACT/USDT:USDT,0.04592,13.0,0.04591,3960.0,0.04593,613.0,0.04594,7476.0
1753547024419,16:23:44.419,ACT/USDT:USDT,0.04592,13.0,0.04591,3960.0,0.04593,613.0,0.04594,7476.0
1753547024719,16:23:44.719,ACT/USDT:USDT,0.04592,13.0,0.04591,3960.0,0.04593,613.0,0.04594,7476.0
1753547024918,16:23:44.918,ACT/USDT:USDT,0.04592,13.0,0.04591,3960.0,0.04593,1402.0,0.04594,7476.0
1753547025219,16:23:45.219,ACT/USDT:USDT,0.04592,13.0,0.04591,3960.0,0.04593,1402.0,0.04594,7476.0
1753547025319,16:23:45.319,ACT/USDT:USDT,0.04592,13.0,0.04591,3960.0,0.04593,613.0,0.04594,7476.0
1753547025419,16:23:45.419,ACT/USDT:USDT,0.04592,13.0,0.04591,3960.0,0.04593,613.0,0.04594,7476.0
1753547025719,16:23:45.719,ACT/USDT:USDT,0.04592,13.0,0.04591,3960.0,0.04593,613.0,0.04594,7476.0
1753547025819,16:23:45.819,ACT/USDT:USDT,0.04592,13.0,0.04591,3960.0,0.04593,613.0,0.04594,7476.0
1753547025919,16:23:45.919,ACT/USDT:USDT,0.04592,13.0,0.04591,3960.0,0.04593,613.0,0.04594,7476.0
1753547026219,16:23:46.219,ACT/USDT:USDT,0.04592,13.0,0.04591,3960.0,0.04593,613.0,0.04594,7476.0
1753547026319,16:23:46.319,ACT/USDT:USDT,0.04592,13.0,0.04591,3960.0,0.04593,613.0,0.04594,7476.0
1753547026818,16:23:46.818,ACT/USDT:USDT,0.04592,13.0,0.04591,3960.0,0.04593,613.0,0.04594,7476.0
1753547028020,16:23:48.020,ACT/USDT:USDT,0.04592,13.0,0.04591,3960.0,0.04593,613.0,0.04594,7476.0
1753547028619,16:23:48.619,ACT/USDT:USDT,0.04592,13.0,0.04591,3960.0,0.04593,613.0,0.04594,7476.0
1753547028719,16:23:48.719,ACT/USDT:USDT,0.04592,13.0,0.04591,3960.0,0.04593,613.0,0.04594,7476.0
1753547029318,16:23:49.318,ACT/USDT:USDT,0.04592,13.0,0.04591,3960.0,0.04593,613.0,0.04594,7476.0
1753547029519,16:23:49.519,ACT/USDT:USDT,0.04592,13.0,0.04591,3960.0,0.04593,611.0,0.04594,7476.0
1753547029719,16:23:49.719,ACT/USDT:USDT,0.04592,13.0,0.04591,3960.0,0.04593,611.0,0.04594,7476.0
1753547029819,16:23:49.819,ACT/USDT:USDT,0.04592,13.0,0.04591,3960.0,0.04593,611.0,0.04594,7476.0
1753547030119,16:23:50.119,ACT/USDT:USDT,0.04592,13.0,0.04591,3960.0,0.04593,611.0,0.04594,7476.0
1753547030219,16:23:50.219,ACT/USDT:USDT,0.04592,13.0,0.04591,3960.0,0.04593,611.0,0.04594,7476.0
1753547030319,16:23:50.319,ACT/USDT:USDT,0.04592,13.0,0.04591,3960.0,0.04593,611.0,0.04594,7476.0
1753547030526,16:23:50.526,ACT/USDT:USDT,0.04592,13.0,0.04591,3960.0,0.04593,611.0,0.04594,7476.0
1753547030619,16:23:50.619,ACT/USDT:USDT,0.04592,13.0,0.04591,3960.0,0.04593,611.0,0.04594,7476.0
1753547030918,16:23:50.918,ACT/USDT:USDT,0.04592,13.0,0.04591,3960.0,0.04593,611.0,0.04594,7476.0
1753547031319,16:23:51.319,ACT/USDT:USDT,0.04592,13.0,0.04591,3960.0,0.04593,611.0,0.04594,7476.0
1753547031419,16:23:51.419,ACT/USDT:USDT,0.04592,13.0,0.04591,3960.0,0.04593,611.0,0.04594,7476.0
1753547031618,16:23:51.618,ACT/USDT:USDT,0.04592,18.0,0.04591,3960.0,0.04593,611.0,0.04594,7476.0
1753547031819,16:23:51.819,ACT/USDT:USDT,0.04592,18.0,0.04591,3960.0,0.04593,611.0,0.04594,7476.0
1753547031920,16:23:51.920,ACT/USDT:USDT,0.04592,18.0,0.04591,3960.0,0.04593,611.0,0.04594,7476.0
1753547032919,16:23:52.919,ACT/USDT:USDT,0.04592,18.0,0.04591,3960.0,0.04593,611.0,0.04594,7476.0
1753547033020,16:23:53.020,ACT/USDT:USDT,0.04592,18.0,0.04591,3960.0,0.04593,611.0,0.04594,7476.0
1753547033319,16:23:53.319,ACT/USDT:USDT,0.04592,18.0,0.04591,3960.0,0.04593,611.0,0.04594,7476.0
1753547033419,16:23:53.419,ACT/USDT:USDT,0.04592,18.0,0.04591,3960.0,0.04593,611.0,0.04594,7476.0
1753547033519,16:23:53.519,ACT/USDT:USDT,0.04592,18.0,0.04591,3960.0,0.04593,611.0,0.04594,7476.0
1753547033919,16:23:53.919,ACT/USDT:USDT,0.04592,18.0,0.04591,3960.0,0.04593,611.0,0.04594,7476.0
1753547034019,16:23:54.019,ACT/USDT:USDT,0.04592,18.0,0.04591,3960.0,0.04593,611.0,0.04594,7476.0
1753547034520,16:23:54.520,ACT/USDT:USDT,0.04592,18.0,0.04591,3960.0,0.04593,611.0,0.04594,7476.0
1753547034618,16:23:54.618,ACT/USDT:USDT,0.04592,18.0,0.04591,3960.0,0.04593,611.0,0.04594,7476.0
1753547035618,16:23:55.618,ACT/USDT:USDT,0.04592,18.0,0.04591,3960.0,0.04593,611.0,0.04594,7476.0
1753547035718,16:23:55.718,ACT/USDT:USDT,0.04592,18.0,0.04591,3960.0,0.04593,611.0,0.04594,7476.0
1753547036218,16:23:56.218,ACT/USDT:USDT,0.04592,18.0,0.04591,3960.0,0.04593,611.0,0.04594,7476.0
1753547036318,16:23:56.318,ACT/USDT:USDT,0.04592,18.0,0.04591,3960.0,0.04593,611.0,0.04594,7476.0
1753547036718,16:23:56.718,ACT/USDT:USDT,0.04592,18.0,0.04591,3960.0,0.04593,611.0,0.04594,7476.0
1753547036819,16:23:56.819,ACT/USDT:USDT,0.04592,18.0,0.04591,3960.0,0.04593,611.0,0.04594,7476.0
1753547037020,16:23:57.020,ACT/USDT:USDT,0.04592,18.0,0.04591,3960.0,0.04593,611.0,0.04594,7476.0
1753547037119,16:23:57.119,ACT/USDT:USDT,0.04592,18.0,0.04591,3960.0,0.04593,611.0,0.04594,7476.0
1753547037219,16:23:57.219,ACT/USDT:USDT,0.04592,18.0,0.04591,3960.0,0.04593,611.0,0.04594,7476.0
1753547037318,16:23:57.318,ACT/USDT:USDT,0.04592,18.0,0.04591,3960.0,0.04593,611.0,0.04594,7476.0
1753547037818,16:23:57.818,ACT/USDT:USDT,0.04592,18.0,0.04591,3960.0,0.04593,611.0,0.04594,7476.0
1753547037918,16:23:57.918,ACT/USDT:USDT,0.04592,18.0,0.04591,3960.0,0.04593,611.0,0.04594,7476.0
1753547038419,16:23:58.419,ACT/USDT:USDT,0.04592,18.0,0.04591,3960.0,0.04593,611.0,0.04594,7476.0
1753547038523,16:23:58.523,ACT/USDT:USDT,0.04592,18.0,0.04591,3960.0,0.04593,611.0,0.04594,7476.0
1753547038919,16:23:58.919,ACT/USDT:USDT,0.04592,18.0,0.04591,3960.0,0.04593,611.0,0.04594,7476.0
1753547039019,16:23:59.019,ACT/USDT:USDT,0.04592,18.0,0.04591,3960.0,0.04593,611.0,0.04594,7476.0
1753547039419,16:23:59.419,ACT/USDT:USDT,0.04592,18.0,0.04591,3960.0,0.04593,611.0,0.04594,7476.0
1753547039518,16:23:59.518,ACT/USDT:USDT,0.04592,18.0,0.04591,3960.0,0.04593,611.0,0.04594,7476.0
1753547040120,16:24:00.120,ACT/USDT:USDT,0.04592,18.0,0.04591,3960.0,0.04593,611.0,0.04594,7476.0
1753547040219,16:24:00.219,ACT/USDT:USDT,0.04592,18.0,0.04591,3960.0,0.04593,611.0,0.04594,7476.0
1753547040719,16:24:00.719,ACT/USDT:USDT,0.04592,18.0,0.04591,3960.0,0.04593,611.0,0.04594,7476.0
1753547041219,16:24:01.219,ACT/USDT:USDT,0.04592,18.0,0.04591,3960.0,0.04593,611.0,0.04594,7476.0
1753547041318,16:24:01.318,ACT/USDT:USDT,0.04592,18.0,0.04591,3960.0,0.04593,611.0,0.04594,7476.0
1753547041819,16:24:01.819,ACT/USDT:USDT,0.04592,18.0,0.04591,3960.0,0.04593,611.0,0.04594,7476.0
1753547041919,16:24:01.919,ACT/USDT:USDT,0.04592,18.0,0.04591,3960.0,0.04593,611.0,0.04594,7476.0
1753547042319,16:24:02.319,ACT/USDT:USDT,0.04592,18.0,0.04591,3960.0,0.04593,611.0,0.04594,7476.0
1753547042419,16:24:02.419,ACT/USDT:USDT,0.04592,18.0,0.04591,3960.0,0.04593,611.0,0.04594,7476.0
1753547042918,16:24:02.918,ACT/USDT:USDT,0.04592,18.0,0.04591,3960.0,0.04593,611.0,0.04594,7476.0
1753547043020,16:24:03.020,ACT/USDT:USDT,0.04592,18.0,0.04591,3960.0,0.04593,611.0,0.04594,7476.0
1753547043219,16:24:03.219,ACT/USDT:USDT,0.04592,18.0,0.04591,3960.0,0.04593,611.0,0.04594,7476.0
1753547043418,16:24:03.418,ACT/USDT:USDT,0.04592,18.0,0.04591,3960.0,0.04593,611.0,0.04594,7476.0
1753547043521,16:24:03.521,ACT/USDT:USDT,0.04592,18.0,0.04591,3960.0,0.04593,611.0,0.04594,7476.0
1753547043619,16:24:03.619,ACT/USDT:USDT,0.04592,18.0,0.04591,3960.0,0.04593,611.0,0.04594,1436.0
1753547043921,16:24:03.921,ACT/USDT:USDT,0.04592,18.0,0.04591,3960.0,0.04593,611.0,0.04594,1436.0
1753547044019,16:24:04.019,ACT/USDT:USDT,0.04592,18.0,0.04591,3960.0,0.04593,611.0,0.04594,1436.0
1753547044524,16:24:04.524,ACT/USDT:USDT,0.04592,18.0,0.04591,3960.0,0.04593,611.0,0.04594,1436.0
1753547044620,16:24:04.620,ACT/USDT:USDT,0.04592,18.0,0.04591,3960.0,0.04593,611.0,0.04594,1436.0
1753547045119,16:24:05.119,ACT/USDT:USDT,0.04592,18.0,0.04591,3960.0,0.04593,611.0,0.04594,1436.0
1753547045219,16:24:05.219,ACT/USDT:USDT,0.04592,18.0,0.04591,3960.0,0.04593,611.0,0.04594,1436.0
1753547045720,16:24:05.720,ACT/USDT:USDT,0.04592,18.0,0.04591,3960.0,0.04593,611.0,0.04594,1436.0
1753547045819,16:24:05.819,ACT/USDT:USDT,0.04592,18.0,0.04591,3960.0,0.04593,611.0,0.04594,1436.0
1753547045919,16:24:05.919,ACT/USDT:USDT,0.04592,18.0,0.04591,3960.0,0.04593,611.0,0.04594,1436.0
1753547046119,16:24:06.119,ACT/USDT:USDT,0.04592,18.0,0.04591,3960.0,0.04593,611.0,0.04594,1436.0
1753547046319,16:24:06.319,ACT/USDT:USDT,0.04592,18.0,0.04591,3960.0,0.04593,611.0,0.04594,1436.0
1753547046420,16:24:06.420,ACT/USDT:USDT,0.04592,18.0,0.04591,3960.0,0.04593,611.0,0.04594,1436.0
1753547046918,16:24:06.918,ACT/USDT:USDT,0.04592,18.0,0.04591,3960.0,0.04593,611.0,0.04594,1436.0
1753547047020,16:24:07.020,ACT/USDT:USDT,0.04592,18.0,0.04591,3960.0,0.04593,611.0,0.04594,1436.0
1753547047118,16:24:07.118,ACT/USDT:USDT,0.04592,18.0,0.04591,3960.0,0.04593,611.0,0.04594,1436.0
1753547047419,16:24:07.419,ACT/USDT:USDT,0.04592,18.0,0.04591,3960.0,0.04593,611.0,0.04594,1436.0
1753547047519,16:24:07.519,ACT/USDT:USDT,0.04592,18.0,0.04591,3960.0,0.04593,611.0,0.04594,1436.0
1753547047619,16:24:07.619,ACT/USDT:USDT,0.04592,18.0,0.04591,3960.0,0.04593,611.0,0.04594,1436.0
1753547048019,16:24:08.019,ACT/USDT:USDT,0.04592,40.0,0.04591,3960.0,0.04593,611.0,0.04594,1436.0
1753547048118,16:24:08.118,ACT/USDT:USDT,0.04592,40.0,0.04591,3960.0,0.04593,611.0,0.04594,1436.0
1753547048419,16:24:08.419,ACT/USDT:USDT,0.04592,40.0,0.04591,3960.0,0.04593,611.0,0.04594,1436.0
1753547048521,16:24:08.521,ACT/USDT:USDT,0.04592,40.0,0.04591,3960.0,0.04593,611.0,0.04594,1436.0
1753547048618,16:24:08.618,ACT/USDT:USDT,0.04592,40.0,0.04591,3960.0,0.04593,611.0,0.04594,1436.0
1753547049119,16:24:09.119,ACT/USDT:USDT,0.04592,40.0,0.04591,3960.0,0.04593,611.0,0.04594,1436.0
1753547049219,16:24:09.219,ACT/USDT:USDT,0.04592,40.0,0.04591,3960.0,0.04593,611.0,0.04594,1436.0
1753547049719,16:24:09.719,ACT/USDT:USDT,0.04592,40.0,0.04591,3960.0,0.04593,611.0,0.04594,1436.0
1753547049818,16:24:09.818,ACT/USDT:USDT,0.04592,40.0,0.04591,3960.0,0.04593,611.0,0.04594,1436.0
1753547050319,16:24:10.319,ACT/USDT:USDT,0.04592,40.0,0.04591,3960.0,0.04593,611.0,0.04594,1436.0
1753547050819,16:24:10.819,ACT/USDT:USDT,0.04592,40.0,0.04591,3960.0,0.04593,611.0,0.04594,1436.0
1753547051919,16:24:11.919,ACT/USDT:USDT,0.04592,40.0,0.04591,3960.0,0.04593,611.0,0.04594,1436.0
1753547052020,16:24:12.020,ACT/USDT:USDT,0.04592,40.0,0.04591,3960.0,0.04593,611.0,0.04594,1436.0
1753547052119,16:24:12.119,ACT/USDT:USDT,0.04592,149.0,0.04591,3960.0,0.04593,611.0,0.04594,1436.0
1753547052418,16:24:12.418,ACT/USDT:USDT,0.04592,149.0,0.04591,3960.0,0.04593,611.0,0.04594,1436.0
1753547052619,16:24:12.619,ACT/USDT:USDT,0.04592,149.0,0.04591,3960.0,0.04593,611.0,0.04594,1436.0
1753547053019,16:24:13.019,ACT/USDT:USDT,0.04592,149.0,0.04591,3960.0,0.04593,611.0,0.04594,1436.0
1753547053119,16:24:13.119,ACT/USDT:USDT,0.04592,149.0,0.04591,3960.0,0.04593,611.0,0.04594,1436.0
1753547053419,16:24:13.419,ACT/USDT:USDT,0.04592,40.0,0.04591,3960.0,0.04593,611.0,0.04594,1436.0
1753547053519,16:24:13.519,ACT/USDT:USDT,0.04592,40.0,0.04591,3960.0,0.04593,611.0,0.04594,1436.0
1753547053618,16:24:13.618,ACT/USDT:USDT,0.04592,40.0,0.04591,3960.0,0.04593,611.0,0.04594,1436.0
1753547053719,16:24:13.719,ACT/USDT:USDT,0.04592,40.0,0.04591,3960.0,0.04593,611.0,0.04594,1436.0
1753547053819,16:24:13.819,ACT/USDT:USDT,0.04592,40.0,0.04591,3960.0,0.04593,611.0,0.04594,1436.0
1753547054018,16:24:14.018,ACT/USDT:USDT,0.04592,2186.0,0.04591,3960.0,0.04593,611.0,0.04594,1436.0
1753547054119,16:24:14.119,ACT/USDT:USDT,0.04592,2186.0,0.04591,3960.0,0.04593,611.0,0.04594,1436.0
1753547054218,16:24:14.218,ACT/USDT:USDT,0.04592,2186.0,0.04591,3960.0,0.04593,611.0,0.04594,1436.0
1753547054319,16:24:14.319,ACT/USDT:USDT,0.04592,2186.0,0.04591,3960.0,0.04593,611.0,0.04594,1436.0
1753547054418,16:24:14.418,ACT/USDT:USDT,0.04592,2186.0,0.04591,3960.0,0.04593,611.0,0.04594,1436.0
1753547055219,16:24:15.219,ACT/USDT:USDT,0.04592,40.0,0.04591,3960.0,0.04593,611.0,0.04594,1436.0
1753547055319,16:24:15.319,ACT/USDT:USDT,0.04592,40.0,0.04591,3960.0,0.04593,611.0,0.04594,1436.0
1753547055418,16:24:15.418,ACT/USDT:USDT,0.04592,40.0,0.04591,3960.0,0.04593,611.0,0.04594,1436.0
1753547055919,16:24:15.919,ACT/USDT:USDT,0.04592,40.0,0.04591,3960.0,0.04593,611.0,0.04594,1436.0
1753547056019,16:24:16.019,ACT/USDT:USDT,0.04592,40.0,0.04591,3960.0,0.04593,611.0,0.04594,1436.0
1753547056523,16:24:16.523,ACT/USDT:USDT,0.04592,40.0,0.04591,3960.0,0.04593,611.0,0.04594,1436.0
1753547056619,16:24:16.619,ACT/USDT:USDT,0.04592,40.0,0.04591,3960.0,0.04593,611.0,0.04594,1436.0
1753547056719,16:24:16.719,ACT/USDT:USDT,0.04592,40.0,0.04591,3960.0,0.04593,611.0,0.04594,1436.0
1753547057119,16:24:17.119,ACT/USDT:USDT,0.04592,40.0,0.04591,3960.0,0.04593,611.0,0.04594,1436.0
1753547057219,16:24:17.219,ACT/USDT:USDT,0.04592,40.0,0.04591,3960.0,0.04593,611.0,0.04594,1436.0
1753547057719,16:24:17.719,ACT/USDT:USDT,0.04592,40.0,0.04591,3960.0,0.04593,611.0,0.04594,1436.0
1753547057819,16:24:17.819,ACT/USDT:USDT,0.04592,40.0,0.04591,3960.0,0.04593,611.0,0.04594,1436.0
1753547058218,16:24:18.218,ACT/USDT:USDT,0.04592,40.0,0.04591,3960.0,0.04593,611.0,0.04594,1436.0
1753547058318,16:24:18.318,ACT/USDT:USDT,0.04592,40.0,0.04591,3960.0,0.04593,611.0,0.04594,1436.0
1753547058719,16:24:18.719,ACT/USDT:USDT,0.04592,40.0,0.04591,3960.0,0.04593,611.0,0.04594,1436.0
1753547058819,16:24:18.819,ACT/USDT:USDT,0.04592,40.0,0.04591,3960.0,0.04593,611.0,0.04594,1436.0
1753547059319,16:24:19.319,ACT/USDT:USDT,0.04592,40.0,0.04591,3960.0,0.04593,611.0,0.04594,1436.0
1753547059418,16:24:19.418,ACT/USDT:USDT,0.04592,40.0,0.04591,3960.0,0.04593,611.0,0.04594,1436.0
1753547060019,16:24:20.019,ACT/USDT:USDT,0.04592,40.0,0.04591,3960.0,0.04593,611.0,0.04594,1436.0
1753547060418,16:24:20.418,ACT/USDT:USDT,0.04592,40.0,0.04591,3960.0,0.04593,611.0,0.04594,1436.0
1753547060523,16:24:20.523,ACT/USDT:USDT,0.04592,40.0,0.04591,3960.0,0.04593,611.0,0.04594,1436.0
1753547060919,16:24:20.919,ACT/USDT:USDT,0.04592,40.0,0.04591,3960.0,0.04593,611.0,0.04594,1436.0
1753547061019,16:24:21.019,ACT/USDT:USDT,0.04592,40.0,0.04591,3960.0,0.04593,611.0,0.04594,1436.0
1753547061219,16:24:21.219,ACT/USDT:USDT,0.04592,40.0,0.04591,2524.0,0.04593,2592.0,0.04594,7159.0
1753547061318,16:24:21.318,ACT/USDT:USDT,0.04592,40.0,0.04591,2524.0,0.04593,2592.0,0.04594,7159.0
1753547061418,16:24:21.418,ACT/USDT:USDT,0.04592,40.0,0.04591,2524.0,0.04593,1164.0,0.04594,7159.0
1753547061619,16:24:21.619,ACT/USDT:USDT,0.04592,40.0,0.04591,2524.0,0.04593,1164.0,0.04594,7159.0
1753547061719,16:24:21.719,ACT/USDT:USDT,0.04592,40.0,0.04591,2524.0,0.04593,1164.0,0.04594,7159.0
1753547061919,16:24:21.919,ACT/USDT:USDT,0.04592,40.0,0.04591,2524.0,0.04593,1164.0,0.04594,1436.0
1753547062019,16:24:22.019,ACT/USDT:USDT,0.04592,40.0,0.04591,2524.0,0.04593,1164.0,0.04594,1436.0
1753547062118,16:24:22.118,ACT/USDT:USDT,0.04592,40.0,0.04591,2524.0,0.04593,1164.0,0.04594,1436.0
1753547062619,16:24:22.619,ACT/USDT:USDT,0.04592,40.0,0.04591,2524.0,0.04593,1164.0,0.04594,1436.0
1753547062819,16:24:22.819,ACT/USDT:USDT,0.04592,40.0,0.04591,2524.0,0.04593,1164.0,0.04594,1436.0
1753547062919,16:24:22.919,ACT/USDT:USDT,0.04592,40.0,0.04591,2524.0,0.04593,1164.0,0.04594,1436.0
1753547063019,16:24:23.019,ACT/USDT:USDT,0.04592,40.0,0.04591,2524.0,0.04593,1164.0,0.04594,1436.0
1753547063118,16:24:23.118,ACT/USDT:USDT,0.04592,40.0,0.04591,2524.0,0.04593,1164.0,0.04594,1436.0
1753547063219,16:24:23.219,ACT/USDT:USDT,0.04592,40.0,0.04591,3959.0,0.04593,1164.0,0.04594,1436.0
1753547063520,16:24:23.520,ACT/USDT:USDT,0.04592,1935.0,0.04591,3959.0,0.04593,1152.0,0.04594,1436.0
1753547063619,16:24:23.619,ACT/USDT:USDT,0.04592,1935.0,0.04591,3959.0,0.04593,1152.0,0.04594,1436.0
1753547063719,16:24:23.719,ACT/USDT:USDT,0.04592,1935.0,0.04591,3959.0,0.04593,1152.0,0.04594,1436.0
1753547063819,16:24:23.819,ACT/USDT:USDT,0.04592,1935.0,0.04591,3959.0,0.04593,1152.0,0.04594,1436.0
1753547063919,16:24:23.919,ACT/USDT:USDT,0.04592,1935.0,0.04591,3959.0,0.04593,1152.0,0.04594,1436.0
1753547064020,16:24:24.020,ACT/USDT:USDT,0.04592,1935.0,0.04591,3959.0,0.04593,1152.0,0.04594,1436.0
1753547064219,16:24:24.219,ACT/USDT:USDT,0.04592,1935.0,0.04591,3959.0,0.04593,1152.0,0.04594,1436.0
1753547064319,16:24:24.319,ACT/USDT:USDT,0.04592,1935.0,0.04591,3959.0,0.04593,1152.0,0.04594,1436.0
1753547064418,16:24:24.418,ACT/USDT:USDT,0.04592,1935.0,0.04591,3959.0,0.04593,1152.0,0.04594,1436.0
1753547064521,16:24:24.521,ACT/USDT:USDT,0.04592,1935.0,0.04591,3959.0,0.04593,1152.0,0.04594,1436.0
1753547064818,16:24:24.818,ACT/USDT:USDT,0.04592,1935.0,0.04591,3959.0,0.04593,1152.0,0.04594,1436.0
1753547064918,16:24:24.918,ACT/USDT:USDT,0.04592,1935.0,0.04591,3959.0,0.04593,1152.0,0.04594,1436.0
1753547065319,16:24:25.319,ACT/USDT:USDT,0.04592,1935.0,0.04591,3959.0,0.04593,1152.0,0.04594,1436.0
1753547065418,16:24:25.418,ACT/USDT:USDT,0.04592,1935.0,0.04591,3959.0,0.04593,1152.0,0.04594,1436.0
1753547065619,16:24:25.619,ACT/USDT:USDT,0.04592,1935.0,0.04591,3959.0,0.04593,1152.0,0.04594,1436.0
1753547065719,16:24:25.719,ACT/USDT:USDT,0.04592,1935.0,0.04591,3959.0,0.04593,1152.0,0.04594,6099.0
1753547066418,16:24:26.418,ACT/USDT:USDT,0.04592,1935.0,0.04591,3959.0,0.04593,1152.0,0.04594,6099.0
1753547066523,16:24:26.523,ACT/USDT:USDT,0.04592,1935.0,0.04591,3959.0,0.04593,1152.0,0.04594,6099.0
1753547066918,16:24:26.918,ACT/USDT:USDT,0.04592,1935.0,0.04591,3959.0,0.04593,1152.0,0.04594,6099.0
1753547067019,16:24:27.019,ACT/USDT:USDT,0.04592,1935.0,0.04591,3959.0,0.04593,1152.0,0.04594,6099.0
1753547067319,16:24:27.319,ACT/USDT:USDT,0.04592,1935.0,0.04591,3959.0,0.04593,1152.0,0.04594,6099.0
1753547067519,16:24:27.519,ACT/USDT:USDT,0.04592,1935.0,0.04591,3959.0,0.04593,1152.0,0.04594,6099.0
1753547067619,16:24:27.619,ACT/USDT:USDT,0.04592,1935.0,0.04591,3959.0,0.04593,1152.0,0.04594,6099.0
1753547067919,16:24:27.919,ACT/USDT:USDT,0.04592,1938.0,0.04591,3959.0,0.04593,1152.0,0.04594,6099.0
1753547068118,16:24:28.118,ACT/USDT:USDT,0.04592,1938.0,0.04591,3959.0,0.04593,1152.0,0.04594,6099.0
1753547068219,16:24:28.219,ACT/USDT:USDT,0.04592,1938.0,0.04591,3959.0,0.04593,1152.0,0.04594,6099.0
1753547068526,16:24:28.526,ACT/USDT:USDT,0.04592,1938.0,0.04591,3959.0,0.04593,1152.0,0.04594,6099.0
1753547068718,16:24:28.718,ACT/USDT:USDT,0.04592,1938.0,0.04591,3959.0,0.04593,1152.0,0.04594,6099.0
1753547068819,16:24:28.819,ACT/USDT:USDT,0.04592,1938.0,0.04591,3959.0,0.04593,1152.0,0.04594,6099.0
1753547069020,16:24:29.020,ACT/USDT:USDT,0.04592,1938.0,0.04591,3959.0,0.04593,1152.0,0.04594,1436.0
1753547069119,16:24:29.119,ACT/USDT:USDT,0.04592,1938.0,0.04591,3959.0,0.04593,1152.0,0.04594,1436.0
1753547069218,16:24:29.218,ACT/USDT:USDT,0.04592,1938.0,0.04591,3959.0,0.04593,1152.0,0.04594,1436.0
1753547069319,16:24:29.319,ACT/USDT:USDT,0.04592,1938.0,0.04591,3959.0,0.04593,1152.0,0.04594,1436.0
1753547069919,16:24:29.919,ACT/USDT:USDT,0.04592,1938.0,0.04591,3959.0,0.04593,1152.0,0.04594,1436.0
1753547070919,16:24:30.919,ACT/USDT:USDT,0.04592,1938.0,0.04591,3959.0,0.04593,1152.0,0.04594,1436.0
1753547071020,16:24:31.020,ACT/USDT:USDT,0.04592,1938.0,0.04591,3959.0,0.04593,1152.0,0.04594,1436.0
1753547071119,16:24:31.119,ACT/USDT:USDT,0.04592,1938.0,0.04591,3959.0,0.04593,1152.0,0.04594,1436.0
1753547071419,16:24:31.419,ACT/USDT:USDT,0.04592,1938.0,0.04591,3959.0,0.04593,1152.0,0.04594,1436.0
1753547071519,16:24:31.519,ACT/USDT:USDT,0.04592,1938.0,0.04591,3959.0,0.04593,1152.0,0.04594,1436.0
1753547072020,16:24:32.020,ACT/USDT:USDT,0.04592,1938.0,0.04591,3959.0,0.04593,1152.0,0.04594,1436.0
1753547072119,16:24:32.119,ACT/USDT:USDT,0.04592,2047.0,0.04591,3959.0,0.04593,1152.0,0.04594,1436.0
1753547072319,16:24:32.319,ACT/USDT:USDT,0.04592,2047.0,0.04591,3959.0,0.04593,1152.0,0.04594,1436.0
1753547072524,16:24:32.524,ACT/USDT:USDT,0.04592,2047.0,0.04591,3959.0,0.04593,1152.0,0.04594,1436.0
1753547072620,16:24:32.620,ACT/USDT:USDT,0.04592,2047.0,0.04591,3959.0,0.04593,1152.0,0.04594,1436.0
1753547073119,16:24:33.119,ACT/USDT:USDT,0.04592,2047.0,0.04591,3959.0,0.04593,1152.0,0.04594,1436.0
1753547073219,16:24:33.219,ACT/USDT:USDT,0.04594,2264.0,0.04593,12775.0,0.04596,14193.0,0.04597,14195.0
1753547073319,16:24:33.319,ACT/USDT:USDT,0.04594,2264.0,0.04593,11477.0,0.04597,4774.0,0.04598,21862.0
1753547073419,16:24:33.419,ACT/USDT:USDT,0.04594,2264.0,0.04593,11477.0,0.04597,13328.0,0.04598,21862.0
1753547073518,16:24:33.518,ACT/USDT:USDT,0.04594,2264.0,0.04593,11477.0,0.04597,13328.0,0.04598,21725.0
1753547073619,16:24:33.619,ACT/USDT:USDT,0.04594,2264.0,0.04593,11477.0,0.04597,13328.0,0.04598,21862.0
1753547074019,16:24:34.019,ACT/USDT:USDT,0.04594,2264.0,0.04593,11477.0,0.04597,13328.0,0.04598,21862.0
1753547074119,16:24:34.119,ACT/USDT:USDT,0.04594,2264.0,0.04593,11340.0,0.04597,13437.0,0.04598,21862.0
1753547074319,16:24:34.319,ACT/USDT:USDT,0.04594,2264.0,0.04593,11340.0,0.04596,11.0,0.04597,13437.0
1753547074419,16:24:34.419,ACT/USDT:USDT,0.04594,2264.0,0.04593,11340.0,0.04596,11.0,0.04597,13437.0
1753547074619,16:24:34.619,ACT/USDT:USDT,0.04594,2264.0,0.04593,11340.0,0.04596,11.0,0.04597,13437.0
1753547074718,16:24:34.718,ACT/USDT:USDT,0.04594,2264.0,0.04593,11340.0,0.04596,11.0,0.04597,13437.0
1753547074819,16:24:34.819,ACT/USDT:USDT,0.04594,2264.0,0.04593,11340.0,0.04596,11.0,0.04597,13437.0
1753547074919,16:24:34.919,ACT/USDT:USDT,0.04594,2264.0,0.04593,11340.0,0.04596,11.0,0.04597,13437.0
1753547075118,16:24:35.118,ACT/USDT:USDT,0.04594,2264.0,0.04593,11340.0,0.04596,11.0,0.04597,13328.0
1753547075318,16:24:35.318,ACT/USDT:USDT,0.04594,2264.0,0.04593,11340.0,0.04596,11.0,0.04597,13328.0
1753547075419,16:24:35.419,ACT/USDT:USDT,0.04594,2264.0,0.04593,11340.0,0.04596,11.0,0.04597,13328.0
1753547075919,16:24:35.919,ACT/USDT:USDT,0.04594,2264.0,0.04593,11340.0,0.04596,11.0,0.04597,13328.0
1753547076219,16:24:36.219,ACT/USDT:USDT,0.04594,2264.0,0.04593,11340.0,0.04596,11.0,0.04597,13328.0
1753547076319,16:24:36.319,ACT/USDT:USDT,0.04594,2264.0,0.04593,11340.0,0.04596,11.0,0.04597,13328.0
1753547076419,16:24:36.419,ACT/USDT:USDT,0.04594,2264.0,0.04593,11340.0,0.04596,11.0,0.04597,13328.0
1753547076526,16:24:36.526,ACT/USDT:USDT,0.04594,2264.0,0.04593,11340.0,0.04596,11.0,0.04597,13328.0
1753547076918,16:24:36.918,ACT/USDT:USDT,0.04594,2264.0,0.04593,11340.0,0.04596,11.0,0.04597,13328.0
1753547077019,16:24:37.019,ACT/USDT:USDT,0.04594,2264.0,0.04593,11340.0,0.04596,11.0,0.04597,13328.0
1753547077119,16:24:37.119,ACT/USDT:USDT,0.04594,2264.0,0.04593,11340.0,0.04596,11.0,0.04597,13328.0
1753547077419,16:24:37.419,ACT/USDT:USDT,0.04594,2264.0,0.04593,11340.0,0.04596,11.0,0.04597,13328.0
1753547077518,16:24:37.518,ACT/USDT:USDT,0.04594,2264.0,0.04593,11340.0,0.04596,11.0,0.04597,13328.0
1753547078020,16:24:38.020,ACT/USDT:USDT,0.04594,2264.0,0.04593,11340.0,0.04596,11.0,0.04597,13328.0
1753547078119,16:24:38.119,ACT/USDT:USDT,0.04594,2373.0,0.04593,11340.0,0.04596,11.0,0.04597,13328.0
1753547078619,16:24:38.619,ACT/USDT:USDT,0.04594,2373.0,0.04593,11340.0,0.04596,11.0,0.04597,13328.0
1753547078719,16:24:38.719,ACT/USDT:USDT,0.04594,2373.0,0.04593,11340.0,0.04596,11.0,0.04597,13328.0
1753547079020,16:24:39.020,ACT/USDT:USDT,0.04594,2373.0,0.04593,11340.0,0.04596,11.0,0.04597,13328.0
1753547079118,16:24:39.118,ACT/USDT:USDT,0.04594,2264.0,0.04593,11340.0,0.04596,11.0,0.04597,13328.0
1753547079619,16:24:39.619,ACT/USDT:USDT,0.04594,2264.0,0.04593,11340.0,0.04596,11.0,0.04597,13328.0
1753547079719,16:24:39.719,ACT/USDT:USDT,0.04594,2264.0,0.04593,11340.0,0.04596,11.0,0.04597,13328.0
1753547080019,16:24:40.019,ACT/USDT:USDT,0.04594,2264.0,0.04593,11340.0,0.04596,11.0,0.04597,8308.0
1753547080119,16:24:40.119,ACT/USDT:USDT,0.04594,2373.0,0.04593,11340.0,0.04596,11.0,0.04597,8308.0
1753547080220,16:24:40.220,ACT/USDT:USDT,0.04594,2373.0,0.04593,11340.0,0.04596,11.0,0.04597,8308.0
1753547080318,16:24:40.318,ACT/USDT:USDT,0.04594,2373.0,0.04593,11340.0,0.04596,11.0,0.04597,8308.0
1753547080524,16:24:40.524,ACT/USDT:USDT,0.04594,2373.0,0.04593,11340.0,0.04596,11.0,0.04597,8308.0
1753547080819,16:24:40.819,ACT/USDT:USDT,0.04594,2373.0,0.04593,11340.0,0.04596,11.0,0.04597,8308.0
1753547081118,16:24:41.118,ACT/USDT:USDT,0.04594,2264.0,0.04593,11340.0,0.04596,11.0,0.04597,8308.0
1753547081319,16:24:41.319,ACT/USDT:USDT,0.04594,2264.0,0.04593,11340.0,0.04596,11.0,0.04597,8308.0
1753547081819,16:24:41.819,ACT/USDT:USDT,0.04595,1736.0,0.04594,1552.0,0.04596,11.0,0.04597,8308.0
1753547081919,16:24:41.919,ACT/USDT:USDT,0.04595,1736.0,0.04594,1552.0,0.04596,11.0,0.04597,8308.0
1753547082119,16:24:42.119,ACT/USDT:USDT,0.04595,1736.0,0.04594,1552.0,0.04596,11.0,0.04597,8308.0
1753547082218,16:24:42.218,ACT/USDT:USDT,0.04595,1736.0,0.04594,1552.0,0.04596,11.0,0.04597,8308.0
1753547082319,16:24:42.319,ACT/USDT:USDT,0.04595,1736.0,0.04594,1552.0,0.04596,11.0,0.04597,8308.0
1753547082419,16:24:42.419,ACT/USDT:USDT,0.04595,1736.0,0.04594,1552.0,0.04596,11.0,0.04597,8308.0
1753547082719,16:24:42.719,ACT/USDT:USDT,0.04595,1736.0,0.04594,1552.0,0.04596,11.0,0.04597,8308.0
1753547082919,16:24:42.919,ACT/USDT:USDT,0.04595,1736.0,0.04594,1552.0,0.04596,11.0,0.04597,8308.0
1753547083018,16:24:43.018,ACT/USDT:USDT,0.04595,1736.0,0.04594,1552.0,0.04596,11.0,0.04597,8308.0
1753547083118,16:24:43.118,ACT/USDT:USDT,0.04595,1736.0,0.04594,1552.0,0.04596,11.0,0.04597,8308.0
1753547083319,16:24:43.319,ACT/USDT:USDT,0.04595,1736.0,0.04594,1552.0,0.04596,11.0,0.04597,8308.0
1753547083418,16:24:43.418,ACT/USDT:USDT,0.04595,1736.0,0.04594,1552.0,0.04596,11.0,0.04597,8308.0
1753547083520,16:24:43.520,ACT/USDT:USDT,0.04595,1736.0,0.04594,1552.0,0.04596,11.0,0.04597,8308.0
1753547083919,16:24:43.919,ACT/USDT:USDT,0.04595,1736.0,0.04594,1552.0,0.04596,11.0,0.04597,8308.0
1753547084019,16:24:44.019,ACT/USDT:USDT,0.04595,1736.0,0.04594,1552.0,0.04596,11.0,0.04597,8308.0
1753547084117,16:24:44.117,ACT/USDT:USDT,0.04595,1736.0,0.04594,1552.0,0.04596,11.0,0.04597,8308.0
1753547084618,16:24:44.618,ACT/USDT:USDT,0.04595,1736.0,0.04594,1552.0,0.04596,11.0,0.04597,8308.0
1753547084719,16:24:44.719,ACT/USDT:USDT,0.04595,1736.0,0.04594,1552.0,0.04596,11.0,0.04597,8308.0
1753547085218,16:24:45.218,ACT/USDT:USDT,0.04595,1736.0,0.04594,1552.0,0.04596,11.0,0.04597,8308.0
1753547085618,16:24:45.618,ACT/USDT:USDT,0.04595,1736.0,0.04594,1552.0,0.04596,11.0,0.04597,8308.0
1753547085718,16:24:45.718,ACT/USDT:USDT,0.04595,1736.0,0.04594,1552.0,0.04596,11.0,0.04597,8308.0
1753547086219,16:24:46.219,ACT/USDT:USDT,0.04595,1736.0,0.04594,1552.0,0.04596,11.0,0.04597,8308.0
1753547086319,16:24:46.319,ACT/USDT:USDT,0.04595,1736.0,0.04594,1552.0,0.04596,11.0,0.04597,8308.0
1753547086718,16:24:46.718,ACT/USDT:USDT,0.04595,1736.0,0.04594,1552.0,0.04596,11.0,0.04597,8308.0
1753547086819,16:24:46.819,ACT/USDT:USDT,0.04595,1736.0,0.04594,1552.0,0.04596,11.0,0.04597,8308.0
1753547086919,16:24:46.919,ACT/USDT:USDT,0.04595,1736.0,0.04594,1552.0,0.04596,11.0,0.04597,8308.0
1753547087519,16:24:47.519,ACT/USDT:USDT,0.04595,1736.0,0.04594,1552.0,0.04596,11.0,0.04597,8308.0
1753547087619,16:24:47.619,ACT/USDT:USDT,0.04595,1736.0,0.04594,1552.0,0.04596,11.0,0.04597,8308.0
1753547087919,16:24:47.919,ACT/USDT:USDT,0.04595,1736.0,0.04594,1552.0,0.04596,11.0,0.04597,8308.0
1753547088020,16:24:48.020,ACT/USDT:USDT,0.04595,1736.0,0.04594,1552.0,0.04596,11.0,0.04597,8308.0
1753547088119,16:24:48.119,ACT/USDT:USDT,0.04595,1736.0,0.04594,1552.0,0.04596,11.0,0.04597,8308.0
1753547088523,16:24:48.523,ACT/USDT:USDT,0.04595,1736.0,0.04594,1552.0,0.04596,11.0,0.04597,8308.0
1753547088619,16:24:48.619,ACT/USDT:USDT,0.04595,1736.0,0.04594,1552.0,0.04596,11.0,0.04597,8308.0
1753547089020,16:24:49.020,ACT/USDT:USDT,0.04595,1736.0,0.04594,1552.0,0.04596,11.0,0.04597,8308.0
1753547089119,16:24:49.119,ACT/USDT:USDT,0.04595,1736.0,0.04594,1552.0,0.04596,11.0,0.04597,8308.0
1753547089219,16:24:49.219,ACT/USDT:USDT,0.04595,1740.0,0.04594,1552.0,0.04596,11.0,0.04597,8308.0
1753547089520,16:24:49.520,ACT/USDT:USDT,0.04595,3804.0,0.04594,1552.0,0.04596,11.0,0.04597,3534.0
1753547089619,16:24:49.619,ACT/USDT:USDT,0.04595,3804.0,0.04594,1552.0,0.04596,11.0,0.04597,3534.0
1753547089719,16:24:49.719,ACT/USDT:USDT,0.04595,3804.0,0.04594,1552.0,0.04596,1439.0,0.04597,3534.0
1753547090020,16:24:50.020,ACT/USDT:USDT,0.04595,3804.0,0.04594,1552.0,0.04596,800.0,0.04597,3534.0
1753547090319,16:24:50.319,ACT/USDT:USDT,0.04595,3804.0,0.04594,1552.0,0.04596,11.0,0.04597,3534.0
1753547090719,16:24:50.719,ACT/USDT:USDT,0.04595,3804.0,0.04594,1552.0,0.04596,11.0,0.04597,3534.0
1753547090917,16:24:50.917,ACT/USDT:USDT,0.04595,3804.0,0.04594,1552.0,0.04596,11.0,0.04597,3534.0
1753547091119,16:24:51.119,ACT/USDT:USDT,0.04595,3804.0,0.04594,1552.0,0.04596,11.0,0.04597,3534.0
1753547091219,16:24:51.219,ACT/USDT:USDT,0.04595,3804.0,0.04594,1552.0,0.04596,11.0,0.04597,3534.0
1753547091319,16:24:51.319,ACT/USDT:USDT,0.04595,3804.0,0.04594,1552.0,0.04596,11.0,0.04597,3534.0
1753547091719,16:24:51.719,ACT/USDT:USDT,0.04595,3804.0,0.04594,1552.0,0.04596,11.0,0.04597,3534.0
1753547091819,16:24:51.819,ACT/USDT:USDT,0.04595,3804.0,0.04594,1552.0,0.04596,11.0,0.04597,3534.0
1753547092318,16:24:52.318,ACT/USDT:USDT,0.04595,3804.0,0.04594,1552.0,0.04596,11.0,0.04597,3534.0
1753547092418,16:24:52.418,ACT/USDT:USDT,0.04595,3804.0,0.04594,1552.0,0.04596,11.0,0.04597,3534.0
1753547092719,16:24:52.719,ACT/USDT:USDT,0.04595,3804.0,0.04594,1552.0,0.04596,11.0,0.04597,3534.0
1753547092818,16:24:52.818,ACT/USDT:USDT,0.04595,3804.0,0.04594,1552.0,0.04596,11.0,0.04597,3534.0
1753547092919,16:24:52.919,ACT/USDT:USDT,0.04595,3804.0,0.04594,1552.0,0.04596,11.0,0.04597,3534.0
1753547093319,16:24:53.319,ACT/USDT:USDT,0.04595,3804.0,0.04594,1552.0,0.04596,11.0,0.04597,3534.0
1753547093419,16:24:53.419,ACT/USDT:USDT,0.04595,3804.0,0.04594,1552.0,0.04596,11.0,0.04597,3534.0
1753547093519,16:24:53.519,ACT/USDT:USDT,0.04595,3804.0,0.04594,1552.0,0.04596,11.0,0.04597,3534.0
1753547093818,16:24:53.818,ACT/USDT:USDT,0.04595,3804.0,0.04594,1552.0,0.04596,11.0,0.04597,3534.0
1753547093919,16:24:53.919,ACT/USDT:USDT,0.04595,3804.0,0.04594,1552.0,0.04596,11.0,0.04597,3534.0
1753547094019,16:24:54.019,ACT/USDT:USDT,0.04595,3804.0,0.04594,1552.0,0.04596,11.0,0.04597,3534.0
1753547094418,16:24:54.418,ACT/USDT:USDT,0.04595,3804.0,0.04594,1552.0,0.04596,11.0,0.04597,3534.0
1753547094524,16:24:54.524,ACT/USDT:USDT,0.04595,3804.0,0.04594,1552.0,0.04596,11.0,0.04597,3534.0
1753547095018,16:24:55.018,ACT/USDT:USDT,0.04595,3804.0,0.04594,1552.0,0.04596,124.0,0.04597,3534.0
1753547095520,16:24:55.520,ACT/USDT:USDT,0.04595,3804.0,0.04594,1552.0,0.04596,124.0,0.04597,3534.0
1753547095619,16:24:55.619,ACT/USDT:USDT,0.04595,3804.0,0.04594,1552.0,0.04596,124.0,0.04597,3534.0
1753547095719,16:24:55.719,ACT/USDT:USDT,0.04595,3804.0,0.04594,1552.0,0.04596,913.0,0.04597,3534.0
1753547095919,16:24:55.919,ACT/USDT:USDT,0.04595,3804.0,0.04594,1552.0,0.04596,124.0,0.04597,3534.0
1753547096020,16:24:56.020,ACT/USDT:USDT,0.04595,3804.0,0.04594,1552.0,0.04596,124.0,0.04597,3534.0
1753547096119,16:24:56.119,ACT/USDT:USDT,0.04595,3804.0,0.04594,1552.0,0.04596,913.0,0.04597,3534.0
1753547096219,16:24:56.219,ACT/USDT:USDT,0.04595,3804.0,0.04594,1552.0,0.04596,124.0,0.04597,3534.0
1753547096418,16:24:56.418,ACT/USDT:USDT,0.04595,3804.0,0.04594,1552.0,0.04596,124.0,0.04597,3534.0
1753547097119,16:24:57.119,ACT/USDT:USDT,0.04595,3804.0,0.04594,1552.0,0.04596,124.0,0.04597,3534.0
1753547097219,16:24:57.219,ACT/USDT:USDT,0.04595,3804.0,0.04594,1552.0,0.04596,124.0,0.04597,3534.0
1753547097619,16:24:57.619,ACT/USDT:USDT,0.04595,3804.0,0.04594,1552.0,0.04596,124.0,0.04597,3534.0
1753547097719,16:24:57.719,ACT/USDT:USDT,0.04595,3804.0,0.04594,1552.0,0.04596,124.0,0.04597,3534.0
1753547097918,16:24:57.918,ACT/USDT:USDT,0.04595,3804.0,0.04594,1552.0,0.04596,124.0,0.04597,3534.0
1753547098219,16:24:58.219,ACT/USDT:USDT,0.04595,3804.0,0.04594,1552.0,0.04596,124.0,0.04597,3534.0
1753547098319,16:24:58.319,ACT/USDT:USDT,0.04595,3804.0,0.04594,1552.0,0.04596,124.0,0.04597,3534.0
1753547098818,16:24:58.818,ACT/USDT:USDT,0.04595,3804.0,0.04594,1552.0,0.04596,124.0,0.04597,3534.0
1753547098919,16:24:58.919,ACT/USDT:USDT,0.04595,3804.0,0.04594,1552.0,0.04596,124.0,0.04597,3534.0
1753547099119,16:24:59.119,ACT/USDT:USDT,0.04595,3804.0,0.04594,1552.0,0.04596,124.0,0.04597,3534.0
1753547099419,16:24:59.419,ACT/USDT:USDT,0.04595,3804.0,0.04594,1552.0,0.04596,124.0,0.04597,3534.0
1753547099520,16:24:59.520,ACT/USDT:USDT,0.04595,3804.0,0.04594,1552.0,0.04596,124.0,0.04597,3534.0
1753547100020,16:25:00.020,ACT/USDT:USDT,0.04595,3804.0,0.04594,1552.0,0.04596,124.0,0.04597,3534.0
1753547100320,16:25:00.320,ACT/USDT:USDT,0.04593,11340.0,0.04592,15290.0,0.04595,1552.0,0.04596,3018.0
1753547100419,16:25:00.419,ACT/USDT:USDT,0.04593,11340.0,0.04592,9050.0,0.04595,1552.0,0.04596,1813.0
1753547100619,16:25:00.619,ACT/USDT:USDT,0.04593,11340.0,0.04592,11042.0,0.04595,1552.0,0.04596,1813.0
1753547100719,16:25:00.719,ACT/USDT:USDT,0.04593,11340.0,0.04592,11042.0,0.04595,1552.0,0.04596,1813.0
1753547100819,16:25:00.819,ACT/USDT:USDT,0.04593,11340.0,0.04592,11179.0,0.04595,1552.0,0.04596,1813.0
1753547101020,16:25:01.020,ACT/USDT:USDT,0.04593,11340.0,0.04592,11179.0,0.04595,1552.0,0.04596,1676.0
1753547101119,16:25:01.119,ACT/USDT:USDT,0.04593,11340.0,0.04592,11179.0,0.04595,1552.0,0.04596,1676.0
1753547101220,16:25:01.220,ACT/USDT:USDT,0.04593,11340.0,0.04592,11179.0,0.04595,1552.0,0.04596,1676.0
1753547101419,16:25:01.419,ACT/USDT:USDT,0.04593,11340.0,0.04592,11179.0,0.04595,1552.0,0.04596,1676.0
1753547101520,16:25:01.520,ACT/USDT:USDT,0.04593,11340.0,0.04592,11179.0,0.04595,1552.0,0.04596,1676.0
1753547101619,16:25:01.619,ACT/USDT:USDT,0.04593,11340.0,0.04592,11179.0,0.04595,1552.0,0.04596,1676.0
1753547101718,16:25:01.718,ACT/USDT:USDT,0.04593,11340.0,0.04592,11179.0,0.04595,1552.0,0.04596,1676.0
1753547102118,16:25:02.118,ACT/USDT:USDT,0.04593,11340.0,0.04592,11179.0,0.04595,1552.0,0.04596,1676.0
1753547102219,16:25:02.219,ACT/USDT:USDT,0.04593,11340.0,0.04592,11179.0,0.04595,1552.0,0.04596,1676.0
1753547102718,16:25:02.718,ACT/USDT:USDT,0.04593,11340.0,0.04592,11179.0,0.04595,1552.0,0.04596,1676.0
1753547102819,16:25:02.819,ACT/USDT:USDT,0.04593,11340.0,0.04592,11179.0,0.04595,1552.0,0.04596,1676.0
1753547103419,16:25:03.419,ACT/USDT:USDT,0.04593,11340.0,0.04592,11179.0,0.04595,1552.0,0.04596,1665.0
1753547103819,16:25:03.819,ACT/USDT:USDT,0.04597,2264.0,0.04596,1431.0,0.04598,109.0,0.046,10879.0
1753547103919,16:25:03.919,ACT/USDT:USDT,0.04597,2264.0,0.04596,1431.0,0.046,1431.0,0.04601,13124.0
1753547104020,16:25:04.020,ACT/USDT:USDT,0.04597,712.0,0.04596,3706.0,0.04599,2035.0,0.046,1431.0
1753547104119,16:25:04.119,ACT/USDT:USDT,0.04598,712.0,0.04597,712.0,0.04599,3453.0,0.046,1540.0
1753547104219,16:25:04.219,ACT/USDT:USDT,0.04598,712.0,0.04596,8271.0,0.04599,3453.0,0.046,1540.0
1753547104319,16:25:04.319,ACT/USDT:USDT,0.04598,712.0,0.04596,8271.0,0.04599,3453.0,0.046,1540.0
1753547104419,16:25:04.419,ACT/USDT:USDT,0.04598,712.0,0.04596,8271.0,0.04599,3453.0,0.046,1540.0
1753547104719,16:25:04.719,ACT/USDT:USDT,0.04596,3693.0,0.04595,20717.0,0.04599,3453.0,0.046,7051.0
1753547104819,16:25:04.819,ACT/USDT:USDT,0.04596,3693.0,0.04595,20717.0,0.04599,3453.0,0.046,7051.0
1753547105119,16:25:05.119,ACT/USDT:USDT,0.04596,3693.0,0.04595,20717.0,0.04599,3562.0,0.046,7079.0
1753547105320,16:25:05.320,ACT/USDT:USDT,0.04596,2275.0,0.04595,10926.0,0.04598,1419.0,0.04599,8193.0
1753547105419,16:25:05.419,ACT/USDT:USDT,0.04596,2275.0,0.04595,10926.0,0.04598,1419.0,0.04599,8193.0
1753547105519,16:25:05.519,ACT/USDT:USDT,0.04596,2275.0,0.04595,10926.0,0.04598,1419.0,0.04599,8193.0
1753547105619,16:25:05.619,ACT/USDT:USDT,0.04595,1552.0,0.04594,19111.0,0.04598,1419.0,0.04599,8193.0
1753547105820,16:25:05.820,ACT/USDT:USDT,0.04594,1825.0,0.04593,16153.0,0.04597,4059.0,0.04598,17786.0
1753547105918,16:25:05.918,ACT/USDT:USDT,0.04594,1825.0,0.04593,16153.0,0.04597,4059.0,0.04598,17786.0
1753547106020,16:25:06.020,ACT/USDT:USDT,0.04594,1825.0,0.04593,16153.0,0.04597,4059.0,0.04598,17786.0
1753547106320,16:25:06.320,ACT/USDT:USDT,0.04593,11340.0,0.04592,22.0,0.04594,11405.0,0.04595,2980.0
1753547106418,16:25:06.418,ACT/USDT:USDT,0.04593,11340.0,0.04592,22.0,0.04594,1459.0,0.04595,2191.0
1753547106524,16:25:06.524,ACT/USDT:USDT,0.04593,11340.0,0.04592,22.0,0.04594,3392.0,0.04595,6826.0
1753547106719,16:25:06.719,ACT/USDT:USDT,0.04593,11340.0,0.04592,22.0,0.04594,3392.0,0.04595,6826.0
1753547106819,16:25:06.819,ACT/USDT:USDT,0.04593,11340.0,0.04592,22.0,0.04594,3392.0,0.04595,6826.0
1753547107020,16:25:07.020,ACT/USDT:USDT,0.04593,11340.0,0.04592,22.0,0.04594,3392.0,0.04595,2191.0
1753547107119,16:25:07.119,ACT/USDT:USDT,0.04593,11340.0,0.04592,22.0,0.04594,2603.0,0.04595,2191.0
1753547107219,16:25:07.219,ACT/USDT:USDT,0.04593,11340.0,0.04592,22.0,0.04594,2603.0,0.04595,9599.0
1753547107519,16:25:07.519,ACT/USDT:USDT,0.04593,11340.0,0.04592,22.0,0.04594,2603.0,0.04595,9599.0
1753547107619,16:25:07.619,ACT/USDT:USDT,0.04593,11340.0,0.04592,22.0,0.04594,3955.0,0.04595,9599.0
1753547107719,16:25:07.719,ACT/USDT:USDT,0.04593,11340.0,0.04592,22.0,0.04594,3955.0,0.04595,9599.0
1753547108019,16:25:08.019,ACT/USDT:USDT,0.04593,11340.0,0.04592,22.0,0.04594,3955.0,0.04595,9599.0
1753547108118,16:25:08.118,ACT/USDT:USDT,0.04593,11340.0,0.04592,22.0,0.04594,3955.0,0.04595,9599.0
1753547108219,16:25:08.219,ACT/USDT:USDT,0.04593,11413.0,0.04591,8100.0,0.04594,3955.0,0.04595,9599.0
1753547108318,16:25:08.318,ACT/USDT:USDT,0.04593,11413.0,0.04591,8100.0,0.04594,3955.0,0.04595,9599.0
1753547108619,16:25:08.619,ACT/USDT:USDT,0.04593,11413.0,0.04591,8100.0,0.04594,3955.0,0.04595,9599.0
1753547108919,16:25:08.919,ACT/USDT:USDT,0.04593,11413.0,0.04591,8100.0,0.04594,3955.0,0.04595,9599.0
1753547109020,16:25:09.020,ACT/USDT:USDT,0.04593,11413.0,0.04591,8209.0,0.04594,3955.0,0.04595,9599.0
1753547109318,16:25:09.318,ACT/USDT:USDT,0.04593,11413.0,0.04591,8209.0,0.04594,3955.0,0.04595,9599.0
1753547109819,16:25:09.819,ACT/USDT:USDT,0.04593,11413.0,0.04591,8346.0,0.04594,3955.0,0.04595,9599.0
1753547110119,16:25:10.119,ACT/USDT:USDT,0.04593,11413.0,0.04591,8346.0,0.04594,3955.0,0.04595,9599.0
1753547110218,16:25:10.218,ACT/USDT:USDT,0.04593,11413.0,0.04591,8346.0,0.04594,3955.0,0.04595,9599.0
1753547110319,16:25:10.319,ACT/USDT:USDT,0.04593,11413.0,0.04591,8346.0,0.04594,3955.0,0.04595,9599.0
1753547110619,16:25:10.619,ACT/USDT:USDT,0.04593,11413.0,0.04591,8346.0,0.04594,3955.0,0.04595,9599.0
1753547110919,16:25:10.919,ACT/USDT:USDT,0.04593,11413.0,0.04591,8346.0,0.04594,3955.0,0.04595,9599.0
1753547111219,16:25:11.219,ACT/USDT:USDT,0.04593,11413.0,0.04591,8346.0,0.04594,3955.0,0.04595,7423.0
1753547111319,16:25:11.319,ACT/USDT:USDT,0.04593,11413.0,0.04591,8346.0,0.04594,3955.0,0.04595,7423.0
1753547111734,16:25:11.734,ACT/USDT:USDT,0.04593,11413.0,0.04591,8346.0,0.04594,3955.0,0.04595,7423.0
1753547111819,16:25:11.819,ACT/USDT:USDT,0.04593,11413.0,0.04591,8346.0,0.04594,3955.0,0.04595,7423.0
1753547112119,16:25:12.119,ACT/USDT:USDT,0.04593,11413.0,0.04591,8346.0,0.04594,3955.0,0.04595,7423.0
1753547112219,16:25:12.219,ACT/USDT:USDT,0.04593,11413.0,0.04592,137.0,0.04594,3955.0,0.04595,2191.0
1753547112319,16:25:12.319,ACT/USDT:USDT,0.04593,11413.0,0.04592,137.0,0.04594,3955.0,0.04595,2191.0
1753547112720,16:25:12.720,ACT/USDT:USDT,0.04593,11413.0,0.04592,137.0,0.04594,3955.0,0.04595,2191.0
1753547112919,16:25:12.919,ACT/USDT:USDT,0.04593,11413.0,0.04591,8209.0,0.04594,3955.0,0.04595,2191.0
1753547113318,16:25:13.318,ACT/USDT:USDT,0.04593,11413.0,0.04591,8209.0,0.04594,3955.0,0.04595,2191.0
1753547113419,16:25:13.419,ACT/USDT:USDT,0.04593,11413.0,0.04591,8346.0,0.04594,3955.0,0.04595,2191.0
1753547113720,16:25:13.720,ACT/USDT:USDT,0.04593,11413.0,0.04591,8346.0,0.04594,3955.0,0.04595,2191.0
1753547113819,16:25:13.819,ACT/USDT:USDT,0.04593,11413.0,0.04591,8346.0,0.04594,3955.0,0.04595,2191.0
1753547113919,16:25:13.919,ACT/USDT:USDT,0.04593,11413.0,0.04591,8346.0,0.04594,3955.0,0.04595,2191.0
1753547114119,16:25:14.119,ACT/USDT:USDT,0.04593,11413.0,0.04591,8346.0,0.04594,3955.0,0.04595,2191.0
1753547114319,16:25:14.319,ACT/USDT:USDT,0.04593,11413.0,0.04592,137.0,0.04594,3955.0,0.04595,2191.0
1753547114419,16:25:14.419,ACT/USDT:USDT,0.04593,11413.0,0.04592,137.0,0.04594,3955.0,0.04595,2191.0
1753547114525,16:25:14.525,ACT/USDT:USDT,0.04593,11413.0,0.04592,137.0,0.04594,3955.0,0.04595,2191.0
1753547115020,16:25:15.020,ACT/USDT:USDT,0.04593,11413.0,0.04592,137.0,0.04594,3955.0,0.04595,2191.0
1753547115118,16:25:15.118,ACT/USDT:USDT,0.04593,11413.0,0.04592,137.0,0.04594,3955.0,0.04595,2191.0
1753547115520,16:25:15.520,ACT/USDT:USDT,0.04593,11413.0,0.04592,137.0,0.04594,3955.0,0.04595,2191.0
1753547115618,16:25:15.618,ACT/USDT:USDT,0.04593,11413.0,0.04592,137.0,0.04594,3955.0,0.04595,2191.0
1753547115919,16:25:15.919,ACT/USDT:USDT,0.04593,11413.0,0.04591,8346.0,0.04594,3955.0,0.04595,2191.0
1753547116120,16:25:16.120,ACT/USDT:USDT,0.04593,11413.0,0.04591,8346.0,0.04594,3955.0,0.04595,2191.0
1753547116219,16:25:16.219,ACT/USDT:USDT,0.04593,11413.0,0.04591,8346.0,0.04594,3955.0,0.04595,2191.0
1753547116318,16:25:16.318,ACT/USDT:USDT,0.04593,11413.0,0.04591,8346.0,0.04594,3955.0,0.04595,2191.0
1753547116521,16:25:16.521,ACT/USDT:USDT,0.04593,11413.0,0.04592,137.0,0.04594,3955.0,0.04595,2191.0
1753547116818,16:25:16.818,ACT/USDT:USDT,0.04593,11413.0,0.04592,137.0,0.04594,3955.0,0.04595,1552.0
1753547117020,16:25:17.020,ACT/USDT:USDT,0.04593,11413.0,0.04592,137.0,0.04594,3955.0,0.04595,1552.0
1753547117219,16:25:17.219,ACT/USDT:USDT,0.04593,11413.0,0.04592,137.0,0.04594,2022.0,0.04595,1552.0
1753547117319,16:25:17.319,ACT/USDT:USDT,0.04593,11413.0,0.04592,137.0,0.04594,2022.0,0.04595,1552.0
1753547117419,16:25:17.419,ACT/USDT:USDT,0.04593,11413.0,0.04592,137.0,0.04594,2022.0,0.04595,3453.0
1753547118118,16:25:18.118,ACT/USDT:USDT,0.04593,11413.0,0.04592,137.0,0.04594,2022.0,0.04595,3453.0
1753547118318,16:25:18.318,ACT/USDT:USDT,0.04593,11413.0,0.04592,137.0,0.04594,2022.0,0.04595,3453.0
1753547118419,16:25:18.419,ACT/USDT:USDT,0.04593,11413.0,0.04592,137.0,0.04594,2022.0,0.04595,3453.0
1753547118618,16:25:18.618,ACT/USDT:USDT,0.04593,11413.0,0.04592,137.0,0.04594,2022.0,0.04595,3453.0
1753547118818,16:25:18.818,ACT/USDT:USDT,0.04593,11413.0,0.04592,137.0,0.04594,2022.0,0.04595,3453.0
1753547119519,16:25:19.519,ACT/USDT:USDT,0.04593,11413.0,0.04592,137.0,0.04594,2022.0,0.04595,3453.0
1753547119619,16:25:19.619,ACT/USDT:USDT,0.04593,11413.0,0.04592,137.0,0.04594,2022.0,0.04595,3453.0
1753547119919,16:25:19.919,ACT/USDT:USDT,0.04593,11413.0,0.04592,137.0,0.04594,2022.0,0.04595,3453.0
1753547120619,16:25:20.619,ACT/USDT:USDT,0.04593,11413.0,0.04592,137.0,0.04594,2022.0,0.04595,3453.0
1753547121118,16:25:21.118,ACT/USDT:USDT,0.04593,11413.0,0.04592,137.0,0.04594,2022.0,0.04595,3453.0
1753547121219,16:25:21.219,ACT/USDT:USDT,0.04593,11413.0,0.04592,137.0,0.04594,2022.0,0.04595,3453.0
1753547121819,16:25:21.819,ACT/USDT:USDT,0.04593,11413.0,0.04592,137.0,0.04594,2022.0,0.04595,3453.0
1753547122118,16:25:22.118,ACT/USDT:USDT,0.04593,11413.0,0.04592,137.0,0.04594,2022.0,0.04595,3453.0
1753547122219,16:25:22.219,ACT/USDT:USDT,0.04593,11413.0,0.04592,137.0,0.04594,2022.0,0.04595,3453.0
1753547122319,16:25:22.319,ACT/USDT:USDT,0.04593,11413.0,0.04592,137.0,0.04594,2022.0,0.04595,3453.0
1753547122819,16:25:22.819,ACT/USDT:USDT,0.04593,11413.0,0.04592,137.0,0.04594,2022.0,0.04595,3453.0
1753547122919,16:25:22.919,ACT/USDT:USDT,0.04593,11413.0,0.04592,137.0,0.04594,2022.0,0.04595,3453.0
1753547123419,16:25:23.419,ACT/USDT:USDT,0.04593,11413.0,0.04592,137.0,0.04594,2022.0,0.04595,3453.0
1753547123519,16:25:23.519,ACT/USDT:USDT,0.04593,11413.0,0.04592,137.0,0.04594,2022.0,0.04595,3453.0
1753547124020,16:25:24.020,ACT/USDT:USDT,0.04593,11413.0,0.04592,137.0,0.04594,2022.0,0.04595,3453.0
1753547124119,16:25:24.119,ACT/USDT:USDT,0.04593,11413.0,0.04592,137.0,0.04594,2022.0,0.04595,3453.0
1753547124419,16:25:24.419,ACT/USDT:USDT,0.04593,11413.0,0.04592,137.0,0.04594,2022.0,0.04595,3453.0
1753547125219,16:25:25.219,ACT/USDT:USDT,0.04593,11413.0,0.04592,137.0,0.04594,2022.0,0.04595,3590.0
1753547125319,16:25:25.319,ACT/USDT:USDT,0.04593,11413.0,0.04592,137.0,0.04594,2022.0,0.04595,3453.0
1753547125418,16:25:25.418,ACT/USDT:USDT,0.04593,11413.0,0.04592,137.0,0.04594,2022.0,0.04595,3453.0
1753547125618,16:25:25.618,ACT/USDT:USDT,0.04593,11413.0,0.04592,137.0,0.04594,2022.0,0.04595,3453.0
1753547125718,16:25:25.718,ACT/USDT:USDT,0.04593,11413.0,0.04592,137.0,0.04594,2022.0,0.04595,3453.0
1753547126119,16:25:26.119,ACT/USDT:USDT,0.04593,11413.0,0.04592,137.0,0.04594,2131.0,0.04595,3590.0
1753547126523,16:25:26.523,ACT/USDT:USDT,0.04593,11413.0,0.04592,137.0,0.04594,2131.0,0.04595,3453.0
1753547126618,16:25:26.618,ACT/USDT:USDT,0.04593,11413.0,0.04592,137.0,0.04594,2131.0,0.04595,3453.0
1753547126718,16:25:26.718,ACT/USDT:USDT,0.04593,11413.0,0.04592,137.0,0.04594,2131.0,0.04595,3453.0
1753547126819,16:25:26.819,ACT/USDT:USDT,0.04593,11413.0,0.04592,137.0,0.04594,2131.0,0.04595,3453.0
1753547127119,16:25:27.119,ACT/USDT:USDT,0.04593,73.0,0.04592,11477.0,0.04594,2022.0,0.04595,3590.0
1753547127318,16:25:27.318,ACT/USDT:USDT,0.04593,73.0,0.04592,11477.0,0.04594,2022.0,0.04595,3453.0
1753547127619,16:25:27.619,ACT/USDT:USDT,0.04593,73.0,0.04592,11477.0,0.04594,2022.0,0.04595,3453.0
1753547127719,16:25:27.719,ACT/USDT:USDT,0.04593,73.0,0.04592,11477.0,0.04594,2022.0,0.04595,3590.0
1753547127818,16:25:27.818,ACT/USDT:USDT,0.04593,73.0,0.04592,11477.0,0.04594,2022.0,0.04595,3590.0
1753547127918,16:25:27.918,ACT/USDT:USDT,0.04593,73.0,0.04592,11477.0,0.04594,2022.0,0.04595,3590.0
1753547128120,16:25:28.120,ACT/USDT:USDT,0.04593,73.0,0.04592,11477.0,0.04594,779.0,0.04595,3453.0
1753547128319,16:25:28.319,ACT/USDT:USDT,0.04593,73.0,0.04592,11477.0,0.04594,779.0,0.04595,3453.0
1753547128619,16:25:28.619,ACT/USDT:USDT,0.04593,73.0,0.04592,11477.0,0.04594,1568.0,0.04595,3453.0
1753547128917,16:25:28.917,ACT/USDT:USDT,0.04593,73.0,0.04592,11477.0,0.04594,1568.0,0.04595,3453.0
1753547129020,16:25:29.020,ACT/USDT:USDT,0.04593,73.0,0.04592,11477.0,0.04594,1568.0,0.04595,3453.0
1753547129418,16:25:29.418,ACT/USDT:USDT,0.04593,73.0,0.04592,11340.0,0.04594,2022.0,0.04595,3453.0
1753547129520,16:25:29.520,ACT/USDT:USDT,0.04593,73.0,0.04592,11340.0,0.04594,2022.0,0.04595,3590.0
1753547129619,16:25:29.619,ACT/USDT:USDT,0.04593,73.0,0.04592,11340.0,0.04594,2022.0,0.04595,3590.0
1753547129719,16:25:29.719,ACT/USDT:USDT,0.04593,73.0,0.04592,11340.0,0.04594,2022.0,0.04595,3590.0
1753547129819,16:25:29.819,ACT/USDT:USDT,0.04593,73.0,0.04592,11340.0,0.04594,2022.0,0.04595,3590.0
1753547130021,16:25:30.021,ACT/USDT:USDT,0.04593,73.0,0.04592,11340.0,0.04594,2022.0,0.04595,3590.0
1753547130119,16:25:30.119,ACT/USDT:USDT,0.04593,73.0,0.04592,11340.0,0.04594,2131.0,0.04595,3590.0
1753547130219,16:25:30.219,ACT/USDT:USDT,0.04593,73.0,0.04592,11340.0,0.04594,2131.0,0.04595,3590.0
1753547130319,16:25:30.319,ACT/USDT:USDT,0.04591,572.0,0.04589,13706.0,0.04592,4082.0,0.04593,2383.0
1753547130419,16:25:30.419,ACT/USDT:USDT,0.04591,572.0,0.04589,13706.0,0.04592,4082.0,0.04593,2383.0
1753547130619,16:25:30.619,ACT/USDT:USDT,0.04591,572.0,0.0459,3391.0,0.04592,670.0,0.04593,2383.0
1753547130719,16:25:30.719,ACT/USDT:USDT,0.04591,572.0,0.0459,3391.0,0.04592,670.0,0.04593,2383.0
1753547130819,16:25:30.819,ACT/USDT:USDT,0.04591,572.0,0.0459,3391.0,0.04592,670.0,0.04593,2383.0
1753547131119,16:25:31.119,ACT/USDT:USDT,0.04591,572.0,0.0459,3391.0,0.04592,670.0,0.04593,2383.0
1753547131619,16:25:31.619,ACT/USDT:USDT,0.04591,572.0,0.0459,1972.0,0.04592,3650.0,0.04593,1594.0
1753547131719,16:25:31.719,ACT/USDT:USDT,0.04591,572.0,0.0459,1972.0,0.04592,3011.0,0.04593,1594.0
1753547131819,16:25:31.819,ACT/USDT:USDT,0.04591,572.0,0.0459,1972.0,0.04592,2222.0,0.04593,1594.0
1753547132120,16:25:32.120,ACT/USDT:USDT,0.04591,572.0,0.0459,1972.0,0.04592,2222.0,0.04593,1594.0
1753547132219,16:25:32.219,ACT/USDT:USDT,0.04591,572.0,0.0459,1972.0,0.04592,2222.0,0.04593,7440.0
1753547132317,16:25:32.317,ACT/USDT:USDT,0.04591,572.0,0.0459,1972.0,0.04592,2222.0,0.04593,7440.0
1753547132522,16:25:32.522,ACT/USDT:USDT,0.04591,572.0,0.0459,1972.0,0.04592,3574.0,0.04593,7440.0
1753547132619,16:25:32.619,ACT/USDT:USDT,0.04591,572.0,0.0459,1972.0,0.04592,3574.0,0.04593,7440.0
1753547132720,16:25:32.720,ACT/USDT:USDT,0.04591,572.0,0.0459,1972.0,0.04592,3574.0,0.04593,7440.0
1753547132918,16:25:32.918,ACT/USDT:USDT,0.04591,572.0,0.0459,1972.0,0.04592,3574.0,0.04593,7440.0
1753547133019,16:25:33.019,ACT/USDT:USDT,0.04591,572.0,0.0459,1972.0,0.04592,3574.0,0.04593,7440.0
1753547133119,16:25:33.119,ACT/USDT:USDT,0.04591,572.0,0.0459,1972.0,0.04592,3574.0,0.04593,7440.0
1753547133419,16:25:33.419,ACT/USDT:USDT,0.04591,572.0,0.0459,1972.0,0.04592,3574.0,0.04593,7440.0
1753547133519,16:25:33.519,ACT/USDT:USDT,0.04591,572.0,0.0459,1972.0,0.04592,3574.0,0.04593,7440.0
1753547134019,16:25:34.019,ACT/USDT:USDT,0.04591,572.0,0.0459,1972.0,0.04592,3574.0,0.04593,7440.0
1753547134119,16:25:34.119,ACT/USDT:USDT,0.04591,572.0,0.0459,1972.0,0.04592,3574.0,0.04593,7440.0
1753547134618,16:25:34.618,ACT/USDT:USDT,0.04591,572.0,0.0459,1972.0,0.04592,3574.0,0.04593,7440.0
1753547135019,16:25:35.019,ACT/USDT:USDT,0.04591,572.0,0.0459,1972.0,0.04592,3574.0,0.04593,7440.0
1753547135119,16:25:35.119,ACT/USDT:USDT,0.04591,572.0,0.0459,1972.0,0.04592,3574.0,0.04593,7440.0
1753547135617,16:25:35.617,ACT/USDT:USDT,0.04591,572.0,0.0459,1972.0,0.04592,3574.0,0.04593,7440.0
1753547135719,16:25:35.719,ACT/USDT:USDT,0.04591,572.0,0.0459,1972.0,0.04592,3574.0,0.04593,7440.0
1753547135919,16:25:35.919,ACT/USDT:USDT,0.04591,572.0,0.0459,1972.0,0.04592,3574.0,0.04593,7440.0
1753547136020,16:25:36.020,ACT/USDT:USDT,0.04591,572.0,0.0459,1972.0,0.04592,3574.0,0.04593,7440.0
1753547136119,16:25:36.119,ACT/USDT:USDT,0.04588,1418.0,0.04587,22087.0,0.04591,670.0,0.04592,1661.0
1753547136419,16:25:36.419,ACT/USDT:USDT,0.04589,2173.0,0.04588,6176.0,0.04591,670.0,0.04592,6738.0
1753547136819,16:25:36.819,ACT/USDT:USDT,0.04589,2173.0,0.04588,6176.0,0.04591,670.0,0.04592,6738.0
1753547136919,16:25:36.919,ACT/USDT:USDT,0.04589,2173.0,0.04588,6176.0,0.04591,670.0,0.04592,6738.0
1753547137020,16:25:37.020,ACT/USDT:USDT,0.04589,3596.0,0.04588,6313.0,0.04591,670.0,0.04592,6738.0
1753547137119,16:25:37.119,ACT/USDT:USDT,0.04589,3596.0,0.04588,6313.0,0.04591,670.0,0.04592,6629.0
1753547137219,16:25:37.219,ACT/USDT:USDT,0.04589,3596.0,0.04588,6313.0,0.04591,670.0,0.04592,6629.0
1753547137319,16:25:37.319,ACT/USDT:USDT,0.04589,3596.0,0.04588,6313.0,0.04591,670.0,0.04592,6629.0
1753547137719,16:25:37.719,ACT/USDT:USDT,0.04589,3596.0,0.04588,6313.0,0.04591,670.0,0.04592,6629.0
1753547137819,16:25:37.819,ACT/USDT:USDT,0.04589,3596.0,0.04588,6313.0,0.04591,670.0,0.04592,6629.0
1753547138419,16:25:38.419,ACT/USDT:USDT,0.04589,3596.0,0.04588,6313.0,0.04591,670.0,0.04592,6629.0
1753547138530,16:25:38.530,ACT/USDT:USDT,0.04589,3596.0,0.04588,6313.0,0.04591,670.0,0.04592,6629.0
1753547138619,16:25:38.619,ACT/USDT:USDT,0.04589,3596.0,0.04588,6313.0,0.04591,670.0,0.04592,6629.0
1753547138719,16:25:38.719,ACT/USDT:USDT,0.04589,3596.0,0.04588,6176.0,0.04591,2868.0,0.04592,6629.0
1753547138819,16:25:38.819,ACT/USDT:USDT,0.04589,3596.0,0.04588,6176.0,0.04591,2868.0,0.04592,6629.0
1753547139020,16:25:39.020,ACT/USDT:USDT,0.04589,3596.0,0.04588,6176.0,0.04591,2868.0,0.04592,6629.0
1753547139920,16:25:39.920,ACT/USDT:USDT,0.04589,3596.0,0.04588,6176.0,0.04591,4221.0,0.04592,6629.0
1753547140020,16:25:40.020,ACT/USDT:USDT,0.04589,3596.0,0.04588,6176.0,0.04591,4221.0,0.04592,6629.0
1753547140220,16:25:40.220,ACT/USDT:USDT,0.04589,3596.0,0.04588,6176.0,0.04591,8840.0,0.04592,1689.0
1753547140419,16:25:40.419,ACT/USDT:USDT,0.04589,3596.0,0.04588,6176.0,0.04591,8840.0,0.04592,1689.0
1753547140527,16:25:40.527,ACT/USDT:USDT,0.04589,3596.0,0.04588,6176.0,0.04591,8840.0,0.04592,1689.0
1753547140619,16:25:40.619,ACT/USDT:USDT,0.04589,3596.0,0.04588,6176.0,0.04591,8840.0,0.04592,1689.0
1753547141219,16:25:41.219,ACT/USDT:USDT,0.04589,3596.0,0.04588,6176.0,0.04591,8840.0,0.04592,1689.0
1753547141319,16:25:41.319,ACT/USDT:USDT,0.04589,3596.0,0.04588,6176.0,0.04591,8840.0,0.04592,1689.0
1753547141419,16:25:41.419,ACT/USDT:USDT,0.04589,3690.0,0.04588,6176.0,0.04591,8840.0,0.04592,1689.0
1753547141719,16:25:41.719,ACT/USDT:USDT,0.04589,3690.0,0.04588,6176.0,0.04591,8840.0,0.04592,1689.0
1753547141819,16:25:41.819,ACT/USDT:USDT,0.04589,3690.0,0.04588,6176.0,0.04591,8840.0,0.04592,1689.0
1753547142118,16:25:42.118,ACT/USDT:USDT,0.04589,3690.0,0.04588,6176.0,0.04591,8949.0,0.04592,1689.0
1753547142819,16:25:42.819,ACT/USDT:USDT,0.04589,3690.0,0.04588,6176.0,0.04591,8949.0,0.04592,1689.0
1753547143220,16:25:43.220,ACT/USDT:USDT,0.04589,3690.0,0.04588,6176.0,0.04591,8949.0,0.04592,1689.0
1753547143318,16:25:43.318,ACT/USDT:USDT,0.04589,3690.0,0.04588,6176.0,0.04591,8949.0,0.04592,1689.0
1753547143420,16:25:43.420,ACT/USDT:USDT,0.04589,3690.0,0.04588,6176.0,0.04591,8949.0,0.04592,1689.0
1753547143819,16:25:43.819,ACT/USDT:USDT,0.04589,3690.0,0.04588,6176.0,0.04591,8949.0,0.04592,1689.0
1753547143919,16:25:43.919,ACT/USDT:USDT,0.04589,3690.0,0.04588,6176.0,0.04591,8949.0,0.04592,1689.0
1753547144019,16:25:44.019,ACT/USDT:USDT,0.04589,3690.0,0.04588,6176.0,0.04591,8949.0,0.04592,1689.0
1753547144119,16:25:44.119,ACT/USDT:USDT,0.04589,3690.0,0.04588,6176.0,0.04591,8949.0,0.04592,1689.0
1753547144419,16:25:44.419,ACT/USDT:USDT,0.04589,3690.0,0.04588,6176.0,0.04591,8949.0,0.04592,1689.0
1753547144523,16:25:44.523,ACT/USDT:USDT,0.04589,3690.0,0.04588,6176.0,0.04591,8949.0,0.04592,1689.0
1753547145019,16:25:45.019,ACT/USDT:USDT,0.04589,3690.0,0.04588,6176.0,0.04591,8949.0,0.04592,1689.0
1753547145118,16:25:45.118,ACT/USDT:USDT,0.04589,3690.0,0.04588,6176.0,0.04591,8840.0,0.04592,1689.0
1753547146119,16:25:46.119,ACT/USDT:USDT,0.04589,3690.0,0.04588,6313.0,0.04591,7487.0,0.04592,1552.0
1753547146219,16:25:46.219,ACT/USDT:USDT,0.04589,3690.0,0.04588,6313.0,0.04591,7487.0,0.04592,1552.0
1753547146320,16:25:46.320,ACT/USDT:USDT,0.04589,3690.0,0.04588,6176.0,0.04591,7487.0,0.04592,1689.0
1753547146618,16:25:46.618,ACT/USDT:USDT,0.04589,3690.0,0.04588,6176.0,0.04591,7487.0,0.04592,1689.0
1753547146719,16:25:46.719,ACT/USDT:USDT,0.04589,3690.0,0.04588,6176.0,0.04591,7487.0,0.04592,1689.0
1753547146919,16:25:46.919,ACT/USDT:USDT,0.04589,2267.0,0.04588,6176.0,0.04591,8840.0,0.04592,1689.0
1753547147119,16:25:47.119,ACT/USDT:USDT,0.04589,2267.0,0.04588,6176.0,0.04591,8949.0,0.04592,1689.0
1753547147220,16:25:47.220,ACT/USDT:USDT,0.04589,2267.0,0.04588,6176.0,0.0459,1428.0,0.04591,6926.0
1753547147319,16:25:47.319,ACT/USDT:USDT,0.04589,2267.0,0.04588,6176.0,0.0459,5257.0,0.04591,2307.0
1753547147519,16:25:47.519,ACT/USDT:USDT,0.04589,2267.0,0.04588,6176.0,0.0459,5257.0,0.04591,2307.0
1753547147617,16:25:47.617,ACT/USDT:USDT,0.04589,2267.0,0.04588,6176.0,0.0459,5257.0,0.04591,2307.0
1753547147718,16:25:47.718,ACT/USDT:USDT,0.04589,2267.0,0.04588,6176.0,0.0459,5257.0,0.04591,2307.0
1753547148119,16:25:48.119,ACT/USDT:USDT,0.04589,2267.0,0.04588,6176.0,0.0459,5257.0,0.04591,2198.0
1753547148319,16:25:48.319,ACT/USDT:USDT,0.04589,2267.0,0.04588,6176.0,0.0459,5257.0,0.04591,2198.0
1753547148719,16:25:48.719,ACT/USDT:USDT,0.04589,2267.0,0.04588,6176.0,0.0459,5257.0,0.04591,2198.0
1753547148818,16:25:48.818,ACT/USDT:USDT,0.04589,2267.0,0.04588,6176.0,0.0459,5257.0,0.04591,2198.0
1753547149718,16:25:49.718,ACT/USDT:USDT,0.04589,2269.0,0.04588,6176.0,0.0459,5257.0,0.04591,2198.0
1753547149819,16:25:49.819,ACT/USDT:USDT,0.04589,2269.0,0.04588,6176.0,0.0459,5257.0,0.04591,2198.0
1753547149919,16:25:49.919,ACT/USDT:USDT,0.04589,2269.0,0.04588,6176.0,0.0459,5257.0,0.04591,2198.0
1753547150319,16:25:50.319,ACT/USDT:USDT,0.04589,2269.0,0.04588,6176.0,0.0459,5257.0,0.04591,2198.0
1753547150419,16:25:50.419,ACT/USDT:USDT,0.04589,2269.0,0.04588,6176.0,0.0459,5257.0,0.04591,2198.0
1753547150919,16:25:50.919,ACT/USDT:USDT,0.04589,2269.0,0.04588,6176.0,0.0459,5257.0,0.04591,2198.0
1753547151019,16:25:51.019,ACT/USDT:USDT,0.04589,2269.0,0.04588,6176.0,0.0459,5257.0,0.04591,2198.0
1753547151820,16:25:51.820,ACT/USDT:USDT,0.04589,96.0,0.04588,6176.0,0.0459,5257.0,0.04591,2198.0
1753547152020,16:25:52.020,ACT/USDT:USDT,0.04589,96.0,0.04586,15869.0,0.0459,8168.0,0.04591,3760.0
1753547152119,16:25:52.119,ACT/USDT:USDT,0.04589,96.0,0.04587,1425.0,0.0459,8277.0,0.04591,3760.0
1753547152219,16:25:52.219,ACT/USDT:USDT,0.04589,96.0,0.04587,1425.0,0.0459,8277.0,0.04591,3760.0
1753547152319,16:25:52.319,ACT/USDT:USDT,0.04589,96.0,0.04587,1425.0,0.0459,9983.0,0.04591,3760.0
1753547152540,16:25:52.540,ACT/USDT:USDT,0.04589,96.0,0.04587,1425.0,0.0459,9983.0,0.04591,3760.0
1753547152619,16:25:52.619,ACT/USDT:USDT,0.04589,96.0,0.04587,1425.0,0.0459,9983.0,0.04591,3760.0
1753547153019,16:25:53.019,ACT/USDT:USDT,0.04589,96.0,0.04587,1425.0,0.0459,11689.0,0.04591,3760.0
1753547153119,16:25:53.119,ACT/USDT:USDT,0.04589,96.0,0.04587,1425.0,0.0459,11689.0,0.04591,3760.0
1753547153318,16:25:53.318,ACT/USDT:USDT,0.04589,96.0,0.04587,1425.0,0.0459,11689.0,0.04591,5938.0
1753547153419,16:25:53.419,ACT/USDT:USDT,0.04589,96.0,0.04587,1425.0,0.0459,11689.0,0.04591,5938.0
1753547153619,16:25:53.619,ACT/USDT:USDT,0.04589,96.0,0.04587,1425.0,0.0459,11689.0,0.04591,5938.0
1753547153719,16:25:53.719,ACT/USDT:USDT,0.04589,96.0,0.04587,1425.0,0.0459,11689.0,0.04591,5938.0
1753547153918,16:25:53.918,ACT/USDT:USDT,0.04589,96.0,0.04587,1425.0,0.0459,11689.0,0.04591,5938.0
1753547154119,16:25:54.119,ACT/USDT:USDT,0.04589,96.0,0.04587,1425.0,0.0459,11826.0,0.04591,5938.0
1753547154418,16:25:54.418,ACT/USDT:USDT,0.04589,96.0,0.04587,1425.0,0.0459,11826.0,0.04591,5938.0
1753547154619,16:25:54.619,ACT/USDT:USDT,0.04589,96.0,0.04587,1425.0,0.0459,11826.0,0.04591,4513.0
1753547154720,16:25:54.720,ACT/USDT:USDT,0.04586,6527.0,0.04585,4335.0,0.04587,5946.0,0.04589,1425.0
1753547154820,16:25:54.820,ACT/USDT:USDT,0.04586,2192.0,0.04585,6148.0,0.04587,5946.0,0.04589,1425.0
1753547154918,16:25:54.918,ACT/USDT:USDT,0.04586,2192.0,0.04585,6148.0,0.04587,5946.0,0.04589,1425.0
1753547155120,16:25:55.120,ACT/USDT:USDT,0.04586,2192.0,0.04585,6148.0,0.04587,5946.0,0.04589,1425.0
1753547155218,16:25:55.218,ACT/USDT:USDT,0.04586,2192.0,0.04585,6148.0,0.04587,5946.0,0.04589,1425.0
1753547155320,16:25:55.320,ACT/USDT:USDT,0.04586,2192.0,0.04585,6148.0,0.04587,5946.0,0.04589,1425.0
1753547155618,16:25:55.618,ACT/USDT:USDT,0.04586,2192.0,0.04585,6148.0,0.04587,5946.0,0.04589,1425.0
1753547155819,16:25:55.819,ACT/USDT:USDT,0.04586,2192.0,0.04585,6148.0,0.04587,5946.0,0.04589,1425.0
1753547155919,16:25:55.919,ACT/USDT:USDT,0.04586,2192.0,0.04585,6148.0,0.04587,5946.0,0.04589,1425.0
1753547156020,16:25:56.020,ACT/USDT:USDT,0.04586,2192.0,0.04585,6011.0,0.04587,5946.0,0.04589,1562.0
1753547156218,16:25:56.218,ACT/USDT:USDT,0.04586,2192.0,0.04585,6011.0,0.04587,5946.0,0.04589,1562.0
1753547156317,16:25:56.317,ACT/USDT:USDT,0.04586,2192.0,0.04585,6011.0,0.04587,5946.0,0.04589,1562.0
1753547156418,16:25:56.418,ACT/USDT:USDT,0.04586,2192.0,0.04585,6011.0,0.04587,5946.0,0.04589,1562.0
1753547156918,16:25:56.918,ACT/USDT:USDT,0.04586,2192.0,0.04585,6011.0,0.04587,5946.0,0.04589,1562.0
1753547157018,16:25:57.018,ACT/USDT:USDT,0.04586,2192.0,0.04585,6011.0,0.04587,5946.0,0.04589,1562.0
1753547157318,16:25:57.318,ACT/USDT:USDT,0.04586,2192.0,0.04585,6011.0,0.04587,5946.0,0.04589,1562.0
1753547157419,16:25:57.419,ACT/USDT:USDT,0.04586,2192.0,0.04585,6011.0,0.04587,5946.0,0.04589,1562.0
1753547157520,16:25:57.520,ACT/USDT:USDT,0.04586,2192.0,0.04585,6011.0,0.04587,5946.0,0.04589,1562.0
1753547158118,16:25:58.118,ACT/USDT:USDT,0.04586,2192.0,0.04585,6011.0,0.04587,5946.0,0.04589,1562.0
1753547158219,16:25:58.219,ACT/USDT:USDT,0.04586,2192.0,0.04585,6011.0,0.04587,5946.0,0.04589,1425.0
1753547158319,16:25:58.319,ACT/USDT:USDT,0.04586,2192.0,0.04585,6011.0,0.04587,5946.0,0.04589,1425.0
1753547158419,16:25:58.419,ACT/USDT:USDT,0.04586,2192.0,0.04585,6148.0,0.04587,5946.0,0.04589,1425.0
1753547158618,16:25:58.618,ACT/USDT:USDT,0.04586,2192.0,0.04585,6148.0,0.04587,5946.0,0.04589,1425.0
1753547158718,16:25:58.718,ACT/USDT:USDT,0.04586,2192.0,0.04585,6148.0,0.04587,5946.0,0.04589,1425.0
1753547158819,16:25:58.819,ACT/USDT:USDT,0.04586,3622.0,0.04585,7441.0,0.04589,5818.0,0.0459,16632.0
1753547158919,16:25:58.919,ACT/USDT:USDT,0.04586,3622.0,0.04585,7441.0,0.04589,5818.0,0.0459,16632.0
1753547159119,16:25:59.119,ACT/USDT:USDT,0.04586,3622.0,0.04585,7441.0,0.04589,5818.0,0.0459,16632.0
1753547159218,16:25:59.218,ACT/USDT:USDT,0.04586,3622.0,0.04585,7441.0,0.04589,5818.0,0.0459,16632.0
1753547159719,16:25:59.719,ACT/USDT:USDT,0.04586,3622.0,0.04585,7441.0,0.04589,5818.0,0.0459,16632.0
1753547159819,16:25:59.819,ACT/USDT:USDT,0.04586,3622.0,0.04585,7441.0,0.04589,5818.0,0.0459,16632.0
1753547160419,16:26:00.419,ACT/USDT:USDT,0.04586,3622.0,0.04585,7441.0,0.04589,5818.0,0.0459,16632.0
1753547160522,16:26:00.522,ACT/USDT:USDT,0.04587,1429.0,0.04586,3622.0,0.04589,3630.0,0.0459,4472.0
1753547160617,16:26:00.617,ACT/USDT:USDT,0.04587,1429.0,0.04586,3622.0,0.04589,3630.0,0.0459,15207.0
1753547160819,16:26:00.819,ACT/USDT:USDT,0.04587,1429.0,0.04586,3622.0,0.04589,3630.0,0.0459,15207.0
1753547160919,16:26:00.919,ACT/USDT:USDT,0.04587,1429.0,0.04586,3622.0,0.04589,3630.0,0.0459,15207.0
1753547161518,16:26:01.518,ACT/USDT:USDT,0.04587,1429.0,0.04586,3622.0,0.04589,3630.0,0.0459,15207.0
1753547161919,16:26:01.919,ACT/USDT:USDT,0.04587,1429.0,0.04586,3622.0,0.04589,3630.0,0.0459,15207.0
1753547162020,16:26:02.020,ACT/USDT:USDT,0.04587,1429.0,0.04586,3622.0,0.04589,3630.0,0.0459,15207.0
1753547162220,16:26:02.220,ACT/USDT:USDT,0.04587,1429.0,0.04586,3622.0,0.04589,3630.0,0.0459,10872.0
1753547162419,16:26:02.419,ACT/USDT:USDT,0.04587,1429.0,0.04586,3622.0,0.04589,141.0,0.04591,11540.0
1753547162521,16:26:02.521,ACT/USDT:USDT,0.04587,1429.0,0.04586,3622.0,0.04589,141.0,0.0459,1429.0
1753547163218,16:26:03.218,ACT/USDT:USDT,0.04588,2270.0,0.04587,1429.0,0.04589,141.0,0.0459,1429.0
1753547163519,16:26:03.519,ACT/USDT:USDT,0.04588,2270.0,0.04587,1429.0,0.04589,141.0,0.0459,1429.0
1753547163719,16:26:03.719,ACT/USDT:USDT,0.04586,7957.0,0.04585,16792.0,0.04589,4188.0,0.0459,12164.0
1753547163819,16:26:03.819,ACT/USDT:USDT,0.04586,7957.0,0.04585,16792.0,0.04589,4188.0,0.0459,12164.0
1753547164020,16:26:04.020,ACT/USDT:USDT,0.04586,7957.0,0.04585,16792.0,0.04589,4188.0,0.0459,12164.0
1753547164120,16:26:04.120,ACT/USDT:USDT,0.04586,7957.0,0.04585,16792.0,0.04589,4188.0,0.0459,12164.0
1753547164219,16:26:04.219,ACT/USDT:USDT,0.04586,7957.0,0.04585,16792.0,0.04589,4188.0,0.0459,12164.0
1753547164523,16:26:04.523,ACT/USDT:USDT,0.04586,7957.0,0.04585,16792.0,0.04589,4188.0,0.0459,12164.0
1753547164919,16:26:04.919,ACT/USDT:USDT,0.04586,3622.0,0.04585,16792.0,0.04589,4188.0,0.0459,12164.0
1753547165020,16:26:05.020,ACT/USDT:USDT,0.04586,3622.0,0.04585,16792.0,0.04589,4188.0,0.0459,12164.0
1753547165119,16:26:05.119,ACT/USDT:USDT,0.04586,3622.0,0.04585,16792.0,0.04589,4297.0,0.0459,12164.0
1753547165219,16:26:05.219,ACT/USDT:USDT,0.04586,3622.0,0.04585,16792.0,0.04589,4297.0,0.0459,12164.0
1753547165319,16:26:05.319,ACT/USDT:USDT,0.04586,3622.0,0.04585,16792.0,0.04589,4297.0,0.0459,12164.0
1753547165418,16:26:05.418,ACT/USDT:USDT,0.04586,3622.0,0.04585,16792.0,0.04589,4297.0,0.0459,12164.0
1753547165520,16:26:05.520,ACT/USDT:USDT,0.04586,3622.0,0.04585,16792.0,0.04589,4297.0,0.0459,12164.0
1753547165619,16:26:05.619,ACT/USDT:USDT,0.04586,3622.0,0.04585,16792.0,0.04589,4297.0,0.0459,12164.0
1753547165718,16:26:05.718,ACT/USDT:USDT,0.04586,3622.0,0.04585,16792.0,0.04589,4297.0,0.0459,12164.0
1753547166219,16:26:06.219,ACT/USDT:USDT,0.04586,3622.0,0.04585,16792.0,0.04589,4297.0,0.0459,12164.0
1753547166319,16:26:06.319,ACT/USDT:USDT,0.04586,3622.0,0.04585,16792.0,0.04589,4297.0,0.0459,12164.0
1753547166719,16:26:06.719,ACT/USDT:USDT,0.04586,3622.0,0.04585,16792.0,0.04589,4297.0,0.0459,12164.0
1753547166818,16:26:06.818,ACT/USDT:USDT,0.04586,3622.0,0.04585,16792.0,0.04589,4297.0,0.0459,12164.0
1753547167020,16:26:07.020,ACT/USDT:USDT,0.04586,3622.0,0.04585,16792.0,0.04589,4297.0,0.0459,12164.0
1753547167319,16:26:07.319,ACT/USDT:USDT,0.04586,3690.0,0.04585,16792.0,0.04589,4297.0,0.0459,12164.0
1753547167418,16:26:07.418,ACT/USDT:USDT,0.04586,3690.0,0.04585,16792.0,0.04589,4297.0,0.0459,12164.0
1753547167819,16:26:07.819,ACT/USDT:USDT,0.04586,3690.0,0.04585,16792.0,0.04589,4297.0,0.0459,12164.0
1753547167919,16:26:07.919,ACT/USDT:USDT,0.04586,3690.0,0.04585,16792.0,0.04589,4297.0,0.0459,12164.0
1753547168119,16:26:08.119,ACT/USDT:USDT,0.04586,3690.0,0.04585,16792.0,0.04589,4297.0,0.0459,12164.0
1753547168919,16:26:08.919,ACT/USDT:USDT,0.04586,3690.0,0.04585,16792.0,0.04589,4297.0,0.0459,12164.0
1753547169520,16:26:09.520,ACT/USDT:USDT,0.04586,3690.0,0.04585,16792.0,0.04589,4297.0,0.0459,12164.0
1753547169618,16:26:09.618,ACT/USDT:USDT,0.04586,3690.0,0.04585,16792.0,0.04589,4297.0,0.0459,12164.0
1753547169819,16:26:09.819,ACT/USDT:USDT,0.04586,3690.0,0.04585,16792.0,0.04589,4297.0,0.0459,12164.0
1753547170020,16:26:10.020,ACT/USDT:USDT,0.04586,3690.0,0.04585,16792.0,0.04589,4297.0,0.0459,12164.0
1753547170619,16:26:10.619,ACT/USDT:USDT,0.04586,3690.0,0.04585,16792.0,0.04589,1570.0,0.0459,12164.0
1753547170719,16:26:10.719,ACT/USDT:USDT,0.04586,3690.0,0.04585,16792.0,0.04589,1570.0,0.0459,12164.0
1753547171719,16:26:11.719,ACT/USDT:USDT,0.04586,3690.0,0.04585,16792.0,0.04589,1570.0,0.0459,12164.0
1753547171819,16:26:11.819,ACT/USDT:USDT,0.04586,3690.0,0.04585,16792.0,0.04589,1570.0,0.0459,12164.0
1753547172419,16:26:12.419,ACT/USDT:USDT,0.04586,3690.0,0.04585,16792.0,0.04589,1570.0,0.0459,12164.0
1753547172919,16:26:12.919,ACT/USDT:USDT,0.04586,3690.0,0.04585,16792.0,0.04589,1570.0,0.0459,12164.0
1753547173019,16:26:13.019,ACT/USDT:USDT,0.04586,3690.0,0.04585,16792.0,0.04589,1570.0,0.0459,12164.0
1753547173119,16:26:13.119,ACT/USDT:USDT,0.04586,3690.0,0.04585,16792.0,0.04589,1570.0,0.0459,12164.0
1753547173520,16:26:13.520,ACT/USDT:USDT,0.04587,1428.0,0.04586,3690.0,0.04589,141.0,0.0459,1429.0
1753547174526,16:26:14.526,ACT/USDT:USDT,0.04587,1428.0,0.04586,3690.0,0.04589,141.0,0.0459,1429.0
1753547174618,16:26:14.618,ACT/USDT:USDT,0.04587,1428.0,0.04586,3690.0,0.04589,141.0,0.0459,1429.0
1753547174720,16:26:14.720,ACT/USDT:USDT,0.04587,1428.0,0.04586,3690.0,0.04589,141.0,0.0459,1429.0
1753547175020,16:26:15.020,ACT/USDT:USDT,0.04587,1428.0,0.04586,3690.0,0.04589,141.0,0.0459,1429.0
1753547175119,16:26:15.119,ACT/USDT:USDT,0.04587,1428.0,0.04586,3690.0,0.04589,141.0,0.0459,1429.0
1753547175519,16:26:15.519,ACT/USDT:USDT,0.04587,1428.0,0.04586,3690.0,0.04589,141.0,0.0459,1429.0
1753547175618,16:26:15.618,ACT/USDT:USDT,0.04587,1428.0,0.04586,3690.0,0.04589,141.0,0.0459,1429.0
1753547175718,16:26:15.718,ACT/USDT:USDT,0.04587,1428.0,0.04586,3690.0,0.04589,141.0,0.0459,1429.0
1753547176418,16:26:16.418,ACT/USDT:USDT,0.04587,1428.0,0.04586,3690.0,0.04589,141.0,0.0459,1429.0
1753547176619,16:26:16.619,ACT/USDT:USDT,0.04587,1428.0,0.04586,3690.0,0.04589,141.0,0.0459,1429.0
1753547176718,16:26:16.718,ACT/USDT:USDT,0.04587,1428.0,0.04586,3690.0,0.04589,141.0,0.0459,1429.0
1753547177219,16:26:17.219,ACT/USDT:USDT,0.04587,1428.0,0.04586,3690.0,0.04589,141.0,0.0459,1429.0
1753547177319,16:26:17.319,ACT/USDT:USDT,0.04587,1428.0,0.04586,3690.0,0.04589,141.0,0.0459,1429.0
1753547177618,16:26:17.618,ACT/USDT:USDT,0.04587,1428.0,0.04586,3690.0,0.04589,141.0,0.0459,1429.0
1753547177719,16:26:17.719,ACT/USDT:USDT,0.04587,1428.0,0.04586,3690.0,0.04589,141.0,0.0459,1429.0
1753547177819,16:26:17.819,ACT/USDT:USDT,0.04587,1428.0,0.04586,3690.0,0.04589,141.0,0.0459,1429.0
1753547179318,16:26:19.318,ACT/USDT:USDT,0.04587,1428.0,0.04586,3690.0,0.04589,141.0,0.0459,1429.0
1753547179520,16:26:19.520,ACT/USDT:USDT,0.04587,1428.0,0.04586,3690.0,0.04588,6043.0,0.04589,141.0
1753547179819,16:26:19.819,ACT/USDT:USDT,0.04587,1428.0,0.04586,3690.0,0.04588,6043.0,0.04589,141.0
