timestamp,time,exchange,symbol,bid1_price,bid1_volume,bid2_price,bid2_volume,ask1_price,ask1_volume,ask2_price,ask2_volume
1753591883829,04:51:23.829,binance,ACH/USDT:USDT,0.023032,1556.0,0.023031,3769.0,0.023033,41483.0,0.023034,1035.0
1753591883941,04:51:23.941,binance,ACH/USDT:USDT,0.023032,1556.0,0.023031,3769.0,0.023033,41483.0,0.023034,1035.0
1753591884044,04:51:24.044,binance,ACH/USDT:USDT,0.023032,1556.0,0.023031,3769.0,0.023033,41483.0,0.023034,1035.0
1753591885132,04:51:25.132,binance,ACH/USDT:USDT,0.023032,12269.0,0.023031,3769.0,0.023033,31230.0,0.023034,239.0
1753591885271,04:51:25.271,binance,ACH/USDT:USDT,0.023032,12269.0,0.023031,3769.0,0.023033,31230.0,0.023034,239.0
1753591885449,04:51:25.449,binance,ACH/USDT:USDT,0.023032,12269.0,0.023031,3769.0,0.023033,31230.0,0.023034,239.0
1753591885559,04:51:25.559,binance,ACH/USDT:USDT,0.023032,12269.0,0.023031,3769.0,0.023033,26016.0,0.023034,239.0
1753591885662,04:51:25.662,binance,ACH/USDT:USDT,0.023032,12269.0,0.023031,3769.0,0.023033,26016.0,0.023034,239.0
1753591885843,04:51:25.843,binance,ACH/USDT:USDT,0.023032,11159.0,0.023031,3769.0,0.023033,26016.0,0.023034,239.0
1753591885945,04:51:25.945,binance,ACH/USDT:USDT,0.023032,11159.0,0.023031,3769.0,0.023033,26016.0,0.023034,239.0
1753591886431,04:51:26.431,binance,ACH/USDT:USDT,0.023032,11159.0,0.023031,3769.0,0.023033,26016.0,0.023034,239.0
1753591886602,04:51:26.602,binance,ACH/USDT:USDT,0.023032,11159.0,0.023031,3769.0,0.023033,26016.0,0.023034,239.0
1753591886718,04:51:26.718,binance,ACH/USDT:USDT,0.023032,10786.0,0.023031,3769.0,0.023033,26016.0,0.023034,239.0
1753591886925,04:51:26.925,binance,ACH/USDT:USDT,0.023032,10786.0,0.023031,3769.0,0.023033,26016.0,0.023034,239.0
1753591887459,04:51:27.459,binance,ACH/USDT:USDT,0.023032,9917.0,0.023031,3769.0,0.023033,123170.0,0.023034,5394.0
1753591887560,04:51:27.560,binance,ACH/USDT:USDT,0.023032,9917.0,0.023031,3769.0,0.023033,123170.0,0.023034,4610.0
1753591887688,04:51:27.688,binance,ACH/USDT:USDT,0.023032,9917.0,0.023031,3769.0,0.023033,123170.0,0.023034,4610.0
1753591887795,04:51:27.795,binance,ACH/USDT:USDT,0.023032,11413.0,0.023031,3769.0,0.023033,122301.0,0.023034,4610.0
1753591888608,04:51:28.608,binance,ACH/USDT:USDT,0.023032,11413.0,0.023031,4638.0,0.023033,122301.0,0.023034,239.0
1753591889019,04:51:29.019,binance,ACH/USDT:USDT,0.023031,3769.0,0.02303,304.0,0.023032,20858.0,0.023033,130993.0
1753591889124,04:51:29.124,binance,ACH/USDT:USDT,0.023031,4740.0,0.02303,304.0,0.023032,21651.0,0.023033,130993.0
1753591889606,04:51:29.606,binance,ACH/USDT:USDT,0.023032,971.0,0.023031,4740.0,0.023033,122725.0,0.023034,956.0
1753591889713,04:51:29.713,binance,ACH/USDT:USDT,0.023032,971.0,0.023031,4740.0,0.023033,122725.0,0.023034,956.0
1753591889948,04:51:29.948,binance,ACH/USDT:USDT,0.023032,971.0,0.023031,4740.0,0.023033,122725.0,0.023034,956.0
1753591890102,04:51:30.102,binance,ACH/USDT:USDT,0.023032,971.0,0.023031,4740.0,0.023033,122725.0,0.023034,956.0
1753591890210,04:51:30.210,binance,ACH/USDT:USDT,0.023032,971.0,0.023031,4740.0,0.023033,122725.0,0.023034,956.0
1753591890417,04:51:30.417,binance,ACH/USDT:USDT,0.023032,971.0,0.023031,4740.0,0.023033,122725.0,0.023034,956.0
1753591890561,04:51:30.561,binance,ACH/USDT:USDT,0.023032,971.0,0.023031,4740.0,0.023033,122725.0,0.023034,956.0
1753591890664,04:51:30.664,binance,ACH/USDT:USDT,0.023032,971.0,0.023031,4740.0,0.023033,122725.0,0.023034,956.0
1753591890919,04:51:30.919,binance,ACH/USDT:USDT,0.023032,971.0,0.023031,4740.0,0.023033,122725.0,0.023034,956.0
1753591891038,04:51:31.038,binance,ACH/USDT:USDT,0.023032,971.0,0.023031,4740.0,0.023033,122725.0,0.023034,956.0
1753591891141,04:51:31.141,binance,ACH/USDT:USDT,0.023027,5818.0,0.023026,972.0,0.023031,12428.0,0.023032,46317.0
1753591891245,04:51:31.245,binance,ACH/USDT:USDT,0.023027,5818.0,0.023026,972.0,0.023031,12428.0,0.023032,41456.0
1753591891349,04:51:31.349,binance,ACH/USDT:USDT,0.023027,5818.0,0.023026,972.0,0.023031,12428.0,0.023032,41456.0
1753591891461,04:51:31.461,binance,ACH/USDT:USDT,0.023027,5818.0,0.023026,972.0,0.023031,12428.0,0.023032,41456.0
1753591891566,04:51:31.566,binance,ACH/USDT:USDT,0.023028,1999.0,0.023027,5818.0,0.023031,12428.0,0.023032,35023.0
1753591891678,04:51:31.678,binance,ACH/USDT:USDT,0.023028,1999.0,0.023027,5818.0,0.023031,12428.0,0.023032,35023.0
1753591891780,04:51:31.780,binance,ACH/USDT:USDT,0.023028,1999.0,0.023027,7578.0,0.023032,35023.0,0.023033,122945.0
1753591891970,04:51:31.970,binance,ACH/USDT:USDT,0.023029,2248.0,0.023028,2868.0,0.023032,35023.0,0.023033,122945.0
1753591892138,04:51:32.138,binance,ACH/USDT:USDT,0.023029,2248.0,0.023028,2868.0,0.023032,35023.0,0.023033,122945.0
1753591892274,04:51:32.274,binance,ACH/USDT:USDT,0.02303,6099.0,0.023028,869.0,0.023032,34624.0,0.023033,122945.0
1753591892513,04:51:32.513,binance,ACH/USDT:USDT,0.02303,6099.0,0.023028,869.0,0.023032,34624.0,0.023033,122945.0
1753591892690,04:51:32.690,binance,ACH/USDT:USDT,0.02303,6099.0,0.023028,869.0,0.023032,34624.0,0.023033,122945.0
1753591892793,04:51:32.793,binance,ACH/USDT:USDT,0.023031,1077.0,0.02303,12176.0,0.023033,27177.0,0.023034,956.0
1753591892899,04:51:32.899,binance,ACH/USDT:USDT,0.023031,1077.0,0.02303,12176.0,0.023033,27177.0,0.023034,956.0
1753591893030,04:51:33.030,binance,ACH/USDT:USDT,0.023031,1077.0,0.02303,12176.0,0.023033,27177.0,0.023034,956.0
1753591893249,04:51:33.249,binance,ACH/USDT:USDT,0.023032,827.0,0.023031,1077.0,0.023033,27405.0,0.023034,956.0
1753591893351,04:51:33.351,binance,ACH/USDT:USDT,0.023032,827.0,0.023031,1077.0,0.023033,27405.0,0.023034,956.0
1753591893502,04:51:33.502,binance,ACH/USDT:USDT,0.023032,827.0,0.023031,1077.0,0.023033,27405.0,0.023034,956.0
1753591893606,04:51:33.606,binance,ACH/USDT:USDT,0.023032,827.0,0.023031,1077.0,0.023033,27405.0,0.023034,956.0
1753591893802,04:51:33.802,binance,ACH/USDT:USDT,0.023032,1849.0,0.023031,1077.0,0.023033,27405.0,0.023034,956.0
1753591893921,04:51:33.921,binance,ACH/USDT:USDT,0.023032,1849.0,0.023031,1077.0,0.023033,27405.0,0.023034,956.0
1753591894402,04:51:34.402,binance,ACH/USDT:USDT,0.023032,1849.0,0.023031,1077.0,0.023033,27405.0,0.023034,956.0
1753591895502,04:51:35.502,binance,ACH/USDT:USDT,0.023032,1849.0,0.023031,1077.0,0.023033,27405.0,0.023034,956.0
1753591896183,04:51:36.183,binance,ACH/USDT:USDT,0.023032,1849.0,0.023031,2655.0,0.023033,27405.0,0.023034,956.0
1753591897768,04:51:37.768,binance,ACH/USDT:USDT,0.023032,4183.0,0.023031,3524.0,0.023033,41172.0,0.023034,239.0
1753591897974,04:51:37.974,binance,ACH/USDT:USDT,0.023032,5610.0,0.023031,3524.0,0.023033,41172.0,0.023034,239.0
1753591898077,04:51:38.077,binance,ACH/USDT:USDT,0.023032,5610.0,0.023031,3524.0,0.023033,41172.0,0.023034,239.0
1753591898202,04:51:38.202,binance,ACH/USDT:USDT,0.023032,5610.0,0.023031,3524.0,0.023033,41172.0,0.023034,239.0
1753591898331,04:51:38.331,binance,ACH/USDT:USDT,0.023032,5610.0,0.023031,3524.0,0.023033,41172.0,0.023034,239.0
1753591898435,04:51:38.435,binance,ACH/USDT:USDT,0.023032,5610.0,0.023031,3524.0,0.023033,41172.0,0.023034,239.0
1753591898628,04:51:38.628,binance,ACH/USDT:USDT,0.023032,5610.0,0.023031,3524.0,0.023033,41947.0,0.023034,239.0
1753591898738,04:51:38.738,binance,ACH/USDT:USDT,0.023032,5610.0,0.023031,3524.0,0.023033,41947.0,0.023034,239.0
1753591898868,04:51:38.868,binance,ACH/USDT:USDT,0.023032,5610.0,0.023031,3524.0,0.023033,41947.0,0.023034,239.0
1753591899207,04:51:39.207,binance,ACH/USDT:USDT,0.023032,5610.0,0.023031,3524.0,0.023033,41947.0,0.023034,239.0
1753591899530,04:51:39.530,binance,ACH/USDT:USDT,0.023032,5610.0,0.023031,3524.0,0.023033,41947.0,0.023034,239.0
1753591899638,04:51:39.638,binance,ACH/USDT:USDT,0.023032,5610.0,0.023031,3524.0,0.023033,41947.0,0.023034,239.0
1753591899751,04:51:39.751,binance,ACH/USDT:USDT,0.023032,5610.0,0.023031,3524.0,0.023033,41947.0,0.023034,239.0
1753591899871,04:51:39.871,binance,ACH/USDT:USDT,0.023034,2248.0,0.023033,1760.0,0.023035,6603.0,0.023037,2336.0
1753591899977,04:51:39.977,binance,ACH/USDT:USDT,0.023034,3117.0,0.023033,1760.0,0.023035,6603.0,0.023037,2336.0
1753591900080,04:51:40.080,binance,ACH/USDT:USDT,0.023034,6097.0,0.023033,1760.0,0.023035,6603.0,0.023037,2336.0
1753591900187,04:51:40.187,binance,ACH/USDT:USDT,0.023034,6097.0,0.023033,1760.0,0.023035,6603.0,0.023037,2336.0
1753591900303,04:51:40.303,binance,ACH/USDT:USDT,0.023034,16719.0,0.023033,1760.0,0.023035,6603.0,0.023037,2336.0
1753591900437,04:51:40.437,binance,ACH/USDT:USDT,0.023034,16719.0,0.023033,1760.0,0.023035,6603.0,0.023037,2336.0
1753591900575,04:51:40.575,binance,ACH/USDT:USDT,0.023036,3372.0,0.023035,1760.0,0.023037,2116.0,0.023038,2062.0
1753591900677,04:51:40.677,binance,ACH/USDT:USDT,0.023036,3372.0,0.023035,1760.0,0.023037,5113.0,0.023038,2062.0
1753591901147,04:51:41.147,binance,ACH/USDT:USDT,0.023036,7540.0,0.023034,20138.0,0.023037,5113.0,0.023038,2062.0
1753591901302,04:51:41.302,binance,ACH/USDT:USDT,0.023036,7540.0,0.023034,20138.0,0.023037,5113.0,0.023038,2062.0
1753591901442,04:51:41.442,binance,ACH/USDT:USDT,0.023036,7540.0,0.023034,20138.0,0.023037,5113.0,0.023038,2062.0
1753591901561,04:51:41.561,binance,ACH/USDT:USDT,0.023036,7540.0,0.023034,20138.0,0.023037,5113.0,0.023038,2062.0
1753591901702,04:51:41.702,binance,ACH/USDT:USDT,0.023036,7540.0,0.023034,20138.0,0.023037,5113.0,0.023038,2062.0
1753591902302,04:51:42.302,binance,ACH/USDT:USDT,0.023036,7540.0,0.023034,20138.0,0.023037,5113.0,0.023038,2062.0
1753591902602,04:51:42.602,binance,ACH/USDT:USDT,0.023036,7540.0,0.023034,20138.0,0.023037,5113.0,0.023038,2062.0
1753591902718,04:51:42.718,binance,ACH/USDT:USDT,0.023036,7540.0,0.023034,20138.0,0.023037,5419.0,0.023038,2062.0
1753591902857,04:51:42.857,binance,ACH/USDT:USDT,0.023036,7540.0,0.023034,20138.0,0.023037,5419.0,0.023038,2062.0
1753591902958,04:51:42.958,binance,ACH/USDT:USDT,0.023036,7540.0,0.023034,20138.0,0.023037,5419.0,0.023038,2062.0
1753591903332,04:51:43.332,binance,ACH/USDT:USDT,0.023036,7540.0,0.023034,20138.0,0.023037,5419.0,0.023038,2062.0
1753591903435,04:51:43.435,binance,ACH/USDT:USDT,0.023036,7540.0,0.023034,20138.0,0.023037,5419.0,0.023038,2062.0
1753591903552,04:51:43.552,binance,ACH/USDT:USDT,0.023036,7540.0,0.023034,20138.0,0.023037,5419.0,0.023038,2062.0
1753591903688,04:51:43.688,binance,ACH/USDT:USDT,0.023036,7540.0,0.023034,20138.0,0.023037,5419.0,0.023038,2062.0
1753591903790,04:51:43.790,binance,ACH/USDT:USDT,0.023036,7540.0,0.023034,20138.0,0.023037,5419.0,0.023038,2062.0
1753591903897,04:51:43.897,binance,ACH/USDT:USDT,0.023036,7540.0,0.023034,20138.0,0.023037,5419.0,0.023038,2062.0
1753591904007,04:51:44.007,binance,ACH/USDT:USDT,0.023036,7540.0,0.023034,20138.0,0.023037,5419.0,0.023038,2062.0
1753591904110,04:51:44.110,binance,ACH/USDT:USDT,0.023036,9118.0,0.023034,20138.0,0.023037,5419.0,0.023038,2062.0
1753591904214,04:51:44.214,binance,ACH/USDT:USDT,0.023036,12356.0,0.023034,20138.0,0.023037,5419.0,0.023038,2062.0
1753591904334,04:51:44.334,binance,ACH/USDT:USDT,0.023036,12356.0,0.023034,20138.0,0.023037,5419.0,0.023038,2062.0
1753591904436,04:51:44.436,binance,ACH/USDT:USDT,0.023036,12356.0,0.023034,20138.0,0.023037,5419.0,0.023038,2062.0
1753591904602,04:51:44.602,binance,ACH/USDT:USDT,0.023036,12356.0,0.023034,20138.0,0.023037,5419.0,0.023038,2062.0
1753591904802,04:51:44.802,binance,ACH/USDT:USDT,0.023036,12356.0,0.023034,20138.0,0.023037,5419.0,0.023038,2062.0
1753591904989,04:51:44.989,binance,ACH/USDT:USDT,0.023036,12356.0,0.023034,20138.0,0.023037,5419.0,0.023038,2062.0
1753591905092,04:51:45.092,binance,ACH/USDT:USDT,0.023039,10609.0,0.023038,2912.0,0.02304,239.0,0.023041,717.0
1753591905195,04:51:45.195,binance,ACH/USDT:USDT,0.023039,10609.0,0.023038,2912.0,0.02304,239.0,0.023041,717.0
1753591905318,04:51:45.318,binance,ACH/USDT:USDT,0.023039,10609.0,0.023038,2912.0,0.02304,239.0,0.023041,717.0
1753591905562,04:51:45.562,binance,ACH/USDT:USDT,0.023039,10609.0,0.023038,2912.0,0.02304,239.0,0.023041,717.0
1753591905706,04:51:45.706,binance,ACH/USDT:USDT,0.023039,6556.0,0.023038,869.0,0.02304,239.0,0.023041,717.0
1753591906006,04:51:46.006,binance,ACH/USDT:USDT,0.023039,6556.0,0.023037,5194.0,0.02304,239.0,0.023041,717.0
1753591906123,04:51:46.123,binance,ACH/USDT:USDT,0.023039,6556.0,0.023038,869.0,0.02304,239.0,0.023041,717.0
1753591906245,04:51:46.245,binance,ACH/USDT:USDT,0.023039,6556.0,0.023038,869.0,0.02304,239.0,0.023041,717.0
1753591906456,04:51:46.456,binance,ACH/USDT:USDT,0.023039,6556.0,0.023038,869.0,0.02304,239.0,0.023041,717.0
1753591906559,04:51:46.559,binance,ACH/USDT:USDT,0.023039,6556.0,0.023038,869.0,0.02304,239.0,0.023041,717.0
1753591906690,04:51:46.690,binance,ACH/USDT:USDT,0.023039,8654.0,0.023038,869.0,0.02304,239.0,0.023041,717.0
1753591906939,04:51:46.939,binance,ACH/USDT:USDT,0.023039,8654.0,0.023038,869.0,0.02304,239.0,0.023041,717.0
1753591907042,04:51:47.042,binance,ACH/USDT:USDT,0.023039,8654.0,0.023038,869.0,0.02304,239.0,0.023041,717.0
1753591907202,04:51:47.202,binance,ACH/USDT:USDT,0.023039,8654.0,0.023038,869.0,0.02304,239.0,0.023041,717.0
1753591907468,04:51:47.468,binance,ACH/USDT:USDT,0.023039,8654.0,0.023038,869.0,0.02304,239.0,0.023041,717.0
1753591907590,04:51:47.590,binance,ACH/USDT:USDT,0.023039,8654.0,0.023038,869.0,0.02304,239.0,0.023041,717.0
1753591907760,04:51:47.760,binance,ACH/USDT:USDT,0.023039,8654.0,0.023038,869.0,0.02304,239.0,0.023041,717.0
1753591908102,04:51:48.102,binance,ACH/USDT:USDT,0.023045,2248.0,0.023044,6782.0,0.023046,1064.0,0.023049,2042.0
1753591908205,04:51:48.205,binance,ACH/USDT:USDT,0.023045,2248.0,0.023044,6782.0,0.023046,1064.0,0.023049,2042.0
1753591908306,04:51:48.306,binance,ACH/USDT:USDT,0.023045,2248.0,0.023044,6782.0,0.023046,1064.0,0.023049,2042.0
1753591908452,04:51:48.452,binance,ACH/USDT:USDT,0.023045,2248.0,0.023044,6782.0,0.023046,1064.0,0.023049,2042.0
1753591908557,04:51:48.557,binance,ACH/USDT:USDT,0.023045,2248.0,0.023044,5914.0,0.023046,1064.0,0.023049,12285.0
1753591908662,04:51:48.662,binance,ACH/USDT:USDT,0.023045,2248.0,0.023044,5914.0,0.023046,1064.0,0.023048,4861.0
1753591908835,04:51:48.835,binance,ACH/USDT:USDT,0.023045,2248.0,0.023044,5914.0,0.023046,1064.0,0.023048,4861.0
1753591909131,04:51:49.131,binance,ACH/USDT:USDT,0.023045,3667.0,0.023044,5914.0,0.023046,1064.0,0.023048,4861.0
1753591909237,04:51:49.237,binance,ACH/USDT:USDT,0.023045,3667.0,0.023044,5914.0,0.023046,1064.0,0.023049,12285.0
1753591909341,04:51:49.341,binance,ACH/USDT:USDT,0.023045,3667.0,0.023044,5914.0,0.023046,1064.0,0.023049,12285.0
1753591909460,04:51:49.460,binance,ACH/USDT:USDT,0.023045,3667.0,0.023044,5914.0,0.023046,1064.0,0.023049,12285.0
1753591909566,04:51:49.566,binance,ACH/USDT:USDT,0.023045,3667.0,0.023044,5914.0,0.023046,1064.0,0.023049,12285.0
1753591909693,04:51:49.693,binance,ACH/USDT:USDT,0.023045,3667.0,0.023044,5914.0,0.023046,1064.0,0.023049,12285.0
1753591909801,04:51:49.801,binance,ACH/USDT:USDT,0.023045,3667.0,0.023044,5914.0,0.023046,1064.0,0.023049,12285.0
1753591909902,04:51:49.902,binance,ACH/USDT:USDT,0.023045,3667.0,0.023044,5914.0,0.023046,1064.0,0.023049,12285.0
1753591910067,04:51:50.067,binance,ACH/USDT:USDT,0.023045,3667.0,0.023044,5914.0,0.023046,1064.0,0.023049,12285.0
1753591910225,04:51:50.225,binance,ACH/USDT:USDT,0.023045,3667.0,0.023044,5914.0,0.023046,1064.0,0.023049,12285.0
1753591910370,04:51:50.370,binance,ACH/USDT:USDT,0.023045,3667.0,0.023044,5914.0,0.023046,1064.0,0.023049,12285.0
1753591910473,04:51:50.473,binance,ACH/USDT:USDT,0.023045,3667.0,0.023044,5914.0,0.023046,1064.0,0.023049,12285.0
1753591910802,04:51:50.802,binance,ACH/USDT:USDT,0.023045,3667.0,0.023044,5914.0,0.023046,1064.0,0.023049,12285.0
1753591910946,04:51:50.946,binance,ACH/USDT:USDT,0.023045,3667.0,0.023044,5914.0,0.023046,1064.0,0.023049,12285.0
1753591911166,04:51:51.166,binance,ACH/USDT:USDT,0.023045,3667.0,0.023044,5914.0,0.023046,1064.0,0.023049,12285.0
1753591911365,04:51:51.365,binance,ACH/USDT:USDT,0.023045,3667.0,0.023044,5914.0,0.023046,1064.0,0.023049,12285.0
1753591911502,04:51:51.502,binance,ACH/USDT:USDT,0.023045,3667.0,0.023044,5914.0,0.023046,1064.0,0.023049,12285.0
1753591911817,04:51:51.817,binance,ACH/USDT:USDT,0.023045,3667.0,0.023042,4305.0,0.023046,11307.0,0.023048,5577.0
1753591911920,04:51:51.920,binance,ACH/USDT:USDT,0.023045,2997.0,0.023042,716.0,0.023046,11307.0,0.023047,868.0
1753591912040,04:51:52.040,binance,ACH/USDT:USDT,0.023045,2997.0,0.023042,716.0,0.023046,11307.0,0.023047,868.0
1753591912295,04:51:52.295,binance,ACH/USDT:USDT,0.023045,5245.0,0.023044,304.0,0.023046,1064.0,0.023048,716.0
1753591912398,04:51:52.398,binance,ACH/USDT:USDT,0.023045,5245.0,0.023044,304.0,0.023046,1064.0,0.023048,716.0
1753591912559,04:51:52.559,binance,ACH/USDT:USDT,0.023045,5245.0,0.023044,304.0,0.023046,1064.0,0.023048,716.0
1753591912672,04:51:52.672,binance,ACH/USDT:USDT,0.023045,14626.0,0.023044,304.0,0.023046,1064.0,0.023048,716.0
1753591912774,04:51:52.774,binance,ACH/USDT:USDT,0.023045,14626.0,0.023044,304.0,0.023046,1064.0,0.023048,716.0
1753591912883,04:51:52.883,binance,ACH/USDT:USDT,0.023045,14626.0,0.023044,304.0,0.023046,1064.0,0.023048,716.0
1753591913002,04:51:53.002,binance,ACH/USDT:USDT,0.023045,14626.0,0.023044,304.0,0.023046,1064.0,0.023048,716.0
1753591913168,04:51:53.168,binance,ACH/USDT:USDT,0.023045,14626.0,0.023044,304.0,0.023046,1064.0,0.023048,716.0
1753591913402,04:51:53.402,binance,ACH/USDT:USDT,0.023045,14626.0,0.023044,304.0,0.023046,1064.0,0.023048,716.0
1753591913621,04:51:53.621,binance,ACH/USDT:USDT,0.023045,14626.0,0.023044,304.0,0.023046,1064.0,0.023048,716.0
1753591913723,04:51:53.723,binance,ACH/USDT:USDT,0.023045,14626.0,0.023044,304.0,0.023046,1064.0,0.023048,716.0
1753591914102,04:51:54.102,binance,ACH/USDT:USDT,0.023045,14626.0,0.023044,304.0,0.023046,1064.0,0.023048,716.0
1753591914461,04:51:54.461,binance,ACH/USDT:USDT,0.023045,14626.0,0.023044,304.0,0.023046,1064.0,0.023048,716.0
1753591914563,04:51:54.563,binance,ACH/USDT:USDT,0.023045,14626.0,0.023044,304.0,0.023046,1064.0,0.023048,716.0
1753591914782,04:51:54.782,binance,ACH/USDT:USDT,0.023045,14626.0,0.023044,304.0,0.023046,1064.0,0.023048,716.0
1753591914885,04:51:54.885,binance,ACH/USDT:USDT,0.023045,14626.0,0.023044,304.0,0.023046,1064.0,0.023048,716.0
1753591915002,04:51:55.002,binance,ACH/USDT:USDT,0.023045,14626.0,0.023044,304.0,0.023046,1064.0,0.023048,716.0
1753591915120,04:51:55.120,binance,ACH/USDT:USDT,0.023045,12378.0,0.023044,304.0,0.023046,96611.0,0.023048,716.0
1753591915224,04:51:55.224,binance,ACH/USDT:USDT,0.023045,12378.0,0.023044,304.0,0.023046,97479.0,0.023047,868.0
1753591915402,04:51:55.402,binance,ACH/USDT:USDT,0.023045,12378.0,0.023044,304.0,0.023046,97479.0,0.023047,868.0
1753591915611,04:51:55.611,binance,ACH/USDT:USDT,0.023045,12378.0,0.023044,304.0,0.023046,97479.0,0.023047,868.0
1753591915871,04:51:55.871,binance,ACH/USDT:USDT,0.023045,12378.0,0.023044,304.0,0.023046,97479.0,0.023047,868.0
1753591916002,04:51:56.002,binance,ACH/USDT:USDT,0.023045,12378.0,0.023044,304.0,0.023046,97479.0,0.023047,868.0
1753591916134,04:51:56.134,binance,ACH/USDT:USDT,0.023045,12378.0,0.023044,304.0,0.023046,97479.0,0.023047,868.0
1753591916346,04:51:56.346,binance,ACH/USDT:USDT,0.023045,12378.0,0.023044,304.0,0.023046,97479.0,0.023047,868.0
1753591916450,04:51:56.450,binance,ACH/USDT:USDT,0.023045,12378.0,0.023044,304.0,0.023046,96611.0,0.023047,868.0
1753591916552,04:51:56.552,binance,ACH/USDT:USDT,0.023045,12378.0,0.023044,304.0,0.023046,96611.0,0.023047,868.0
1753591916653,04:51:56.653,binance,ACH/USDT:USDT,0.023045,12378.0,0.023044,304.0,0.023046,133312.0,0.023047,868.0
1753591916756,04:51:56.756,binance,ACH/USDT:USDT,0.023045,12378.0,0.023044,304.0,0.023046,133312.0,0.023047,868.0
1753591916913,04:51:56.913,binance,ACH/USDT:USDT,0.023045,12378.0,0.023044,304.0,0.023046,133312.0,0.023047,868.0
1753591917102,04:51:57.102,binance,ACH/USDT:USDT,0.023045,12378.0,0.023044,304.0,0.023046,133312.0,0.023047,868.0
1753591917888,04:51:57.888,binance,ACH/USDT:USDT,0.023045,12378.0,0.023044,304.0,0.023046,133312.0,0.023047,868.0
1753591918048,04:51:58.048,binance,ACH/USDT:USDT,0.023045,12378.0,0.023044,304.0,0.023046,133312.0,0.023048,5577.0
1753591918201,04:51:58.201,binance,ACH/USDT:USDT,0.023045,12378.0,0.023044,304.0,0.023046,133312.0,0.023048,5577.0
1753591918402,04:51:58.402,binance,ACH/USDT:USDT,0.023045,12378.0,0.023044,304.0,0.023046,133312.0,0.023048,5577.0
1753591918527,04:51:58.527,binance,ACH/USDT:USDT,0.023045,12378.0,0.023044,304.0,0.023046,133312.0,0.023048,5577.0
1753591918802,04:51:58.802,binance,ACH/USDT:USDT,0.023045,12378.0,0.023044,304.0,0.023046,133312.0,0.023048,5577.0
1753591918906,04:51:58.906,binance,ACH/USDT:USDT,0.023045,12378.0,0.023044,304.0,0.023046,133312.0,0.023048,5577.0
1753591919127,04:51:59.127,binance,ACH/USDT:USDT,0.023045,12378.0,0.023044,304.0,0.023046,133312.0,0.023048,716.0
1753591919258,04:51:59.258,binance,ACH/USDT:USDT,0.023045,12378.0,0.023044,304.0,0.023046,133312.0,0.023048,716.0
1753591919361,04:51:59.361,binance,ACH/USDT:USDT,0.023045,12378.0,0.023044,304.0,0.023046,133312.0,0.023048,716.0
1753591919469,04:51:59.469,binance,ACH/USDT:USDT,0.023045,10800.0,0.023044,304.0,0.023046,133312.0,0.023048,716.0
1753591919571,04:51:59.571,binance,ACH/USDT:USDT,0.023045,10800.0,0.023044,304.0,0.023046,133312.0,0.023048,716.0
1753591919676,04:51:59.676,binance,ACH/USDT:USDT,0.023045,12378.0,0.023044,304.0,0.023046,133312.0,0.023048,716.0
1753591919801,04:51:59.801,binance,ACH/USDT:USDT,0.023045,12378.0,0.023044,304.0,0.023046,133312.0,0.023048,716.0
1753591919902,04:51:59.902,binance,ACH/USDT:USDT,0.023045,12378.0,0.023044,304.0,0.023046,133312.0,0.023048,716.0
1753591920103,04:52:00.103,binance,ACH/USDT:USDT,0.023045,12378.0,0.023044,304.0,0.023046,133312.0,0.023048,716.0
1753591920447,04:52:00.447,binance,ACH/USDT:USDT,0.023045,12378.0,0.023044,304.0,0.023046,133312.0,0.023048,716.0
1753591920550,04:52:00.550,binance,ACH/USDT:USDT,0.023045,12378.0,0.023044,304.0,0.023046,133312.0,0.023048,716.0
1753591920653,04:52:00.653,binance,ACH/USDT:USDT,0.023045,12378.0,0.023044,304.0,0.023046,133312.0,0.023048,716.0
1753591920806,04:52:00.806,binance,ACH/USDT:USDT,0.023045,12378.0,0.023044,304.0,0.023046,133312.0,0.023048,716.0
1753591921002,04:52:01.002,binance,ACH/USDT:USDT,0.023045,12378.0,0.023044,304.0,0.023046,133312.0,0.023048,716.0
1753591921107,04:52:01.107,binance,ACH/USDT:USDT,0.023045,12378.0,0.023044,304.0,0.023046,133312.0,0.023048,716.0
1753591921210,04:52:01.210,binance,ACH/USDT:USDT,0.023045,12378.0,0.023044,304.0,0.023046,133312.0,0.023048,716.0
1753591921402,04:52:01.402,binance,ACH/USDT:USDT,0.023045,12378.0,0.023044,304.0,0.023046,133312.0,0.023048,716.0
1753591921536,04:52:01.536,binance,ACH/USDT:USDT,0.023045,12378.0,0.023044,304.0,0.023046,133312.0,0.023049,11331.0
1753591921644,04:52:01.644,binance,ACH/USDT:USDT,0.023045,12378.0,0.023044,304.0,0.023046,133312.0,0.023049,10463.0
1753591921766,04:52:01.766,binance,ACH/USDT:USDT,0.023045,12378.0,0.023044,304.0,0.023046,133312.0,0.023049,10463.0
1753591921876,04:52:01.876,binance,ACH/USDT:USDT,0.023045,12378.0,0.023044,304.0,0.023046,133312.0,0.023049,220.0
1753591922001,04:52:02.001,binance,ACH/USDT:USDT,0.023045,12378.0,0.023044,304.0,0.023046,10314.0,0.023049,220.0
1753591922110,04:52:02.110,binance,ACH/USDT:USDT,0.023048,2248.0,0.023046,1999.0,0.02305,3763.0,0.023051,524.0
1753591922211,04:52:02.211,binance,ACH/USDT:USDT,0.023045,12378.0,0.023044,2858.0,0.023049,14082.0,0.02305,17356.0
1753591922312,04:52:02.312,binance,ACH/USDT:USDT,0.023045,12378.0,0.023044,1020.0,0.023049,18943.0,0.02305,23026.0
1753591922414,04:52:02.414,binance,ACH/USDT:USDT,0.023045,12378.0,0.023044,1020.0,0.023049,18943.0,0.02305,23026.0
1753591922517,04:52:02.517,binance,ACH/USDT:USDT,0.023046,2248.0,0.023045,12378.0,0.02305,31005.0,0.023051,524.0
1753591922620,04:52:02.620,binance,ACH/USDT:USDT,0.023046,2248.0,0.023045,12378.0,0.02305,31005.0,0.023051,524.0
1753591922721,04:52:02.721,binance,ACH/USDT:USDT,0.023046,2248.0,0.023045,12378.0,0.02305,31005.0,0.023051,524.0
1753591922913,04:52:02.913,binance,ACH/USDT:USDT,0.023046,2248.0,0.023045,12378.0,0.02305,31005.0,0.023051,524.0
1753591923017,04:52:03.017,binance,ACH/USDT:USDT,0.023046,2248.0,0.023045,12378.0,0.02305,31005.0,0.023051,524.0
1753591923118,04:52:03.118,binance,ACH/USDT:USDT,0.023046,2248.0,0.023045,12378.0,0.02305,31005.0,0.023051,524.0
1753591923245,04:52:03.245,binance,ACH/USDT:USDT,0.023046,2248.0,0.023045,12378.0,0.02305,31005.0,0.023051,524.0
1753591923393,04:52:03.393,binance,ACH/USDT:USDT,0.023046,2248.0,0.023045,12378.0,0.02305,31005.0,0.023051,524.0
1753591923505,04:52:03.505,binance,ACH/USDT:USDT,0.023046,4686.0,0.023045,12378.0,0.02305,28005.0,0.023051,524.0
1753591923609,04:52:03.609,binance,ACH/USDT:USDT,0.023046,4686.0,0.023045,12378.0,0.02305,48830.0,0.023051,524.0
1753591923713,04:52:03.713,binance,ACH/USDT:USDT,0.023046,4686.0,0.023045,12378.0,0.02305,48830.0,0.023051,524.0
1753591923866,04:52:03.866,binance,ACH/USDT:USDT,0.023046,4686.0,0.023045,12378.0,0.02305,48830.0,0.023051,524.0
1753591924039,04:52:04.039,binance,ACH/USDT:USDT,0.023046,4686.0,0.023045,12378.0,0.02305,48830.0,0.023051,524.0
1753591924142,04:52:04.142,binance,ACH/USDT:USDT,0.023046,4686.0,0.023045,12378.0,0.02305,48830.0,0.023051,524.0
1753591924246,04:52:04.246,binance,ACH/USDT:USDT,0.023046,4686.0,0.023045,12378.0,0.02305,48830.0,0.023051,524.0
1753591924350,04:52:04.350,binance,ACH/USDT:USDT,0.023046,4686.0,0.023045,12378.0,0.02305,48830.0,0.023051,524.0
1753591924467,04:52:04.467,binance,ACH/USDT:USDT,0.023046,4686.0,0.023045,12378.0,0.02305,48830.0,0.023051,524.0
1753591924597,04:52:04.597,binance,ACH/USDT:USDT,0.023046,4686.0,0.023045,12378.0,0.02305,48830.0,0.023051,524.0
1753591924902,04:52:04.902,binance,ACH/USDT:USDT,0.023046,4686.0,0.023045,12378.0,0.02305,48830.0,0.023051,524.0
1753591925171,04:52:05.171,binance,ACH/USDT:USDT,0.023046,4686.0,0.023045,12378.0,0.02305,48830.0,0.023051,524.0
1753591925406,04:52:05.406,binance,ACH/USDT:USDT,0.023046,4686.0,0.023045,12378.0,0.02305,48021.0,0.023051,524.0
1753591925554,04:52:05.554,binance,ACH/USDT:USDT,0.023046,4686.0,0.023045,12378.0,0.02305,55821.0,0.023051,524.0
1753591925902,04:52:05.902,binance,ACH/USDT:USDT,0.023046,4686.0,0.023045,12378.0,0.02305,55821.0,0.023051,524.0
1753591926007,04:52:06.007,binance,ACH/USDT:USDT,0.023046,4686.0,0.023045,12378.0,0.023049,20411.0,0.02305,59856.0
1753591926113,04:52:06.113,binance,ACH/USDT:USDT,0.023046,4686.0,0.023045,12378.0,0.023049,20411.0,0.02305,49373.0
1753591926219,04:52:06.219,binance,ACH/USDT:USDT,0.023046,4686.0,0.023045,12378.0,0.023049,20411.0,0.02305,50241.0
1753591926343,04:52:06.343,binance,ACH/USDT:USDT,0.023046,4686.0,0.023045,12378.0,0.023049,20411.0,0.02305,50241.0
1753591926453,04:52:06.453,binance,ACH/USDT:USDT,0.023046,4686.0,0.023045,12378.0,0.023049,20411.0,0.02305,50241.0
1753591926561,04:52:06.561,binance,ACH/USDT:USDT,0.023046,4686.0,0.023045,12378.0,0.023049,20411.0,0.02305,50241.0
1753591926907,04:52:06.907,binance,ACH/USDT:USDT,0.023046,4686.0,0.023045,12378.0,0.023049,20411.0,0.02305,50241.0
1753591927102,04:52:07.102,binance,ACH/USDT:USDT,0.023046,4686.0,0.023045,10800.0,0.023049,20411.0,0.02305,50241.0
1753591927204,04:52:07.204,binance,ACH/USDT:USDT,0.023046,4686.0,0.023045,10800.0,0.023049,20411.0,0.02305,50241.0
1753591927382,04:52:07.382,binance,ACH/USDT:USDT,0.023047,1578.0,0.023046,2438.0,0.023049,11309.0,0.02305,44512.0
1753591927485,04:52:07.485,binance,ACH/USDT:USDT,0.023047,1578.0,0.023046,2438.0,0.023049,13346.0,0.02305,44512.0
1753591927591,04:52:07.591,binance,ACH/USDT:USDT,0.023047,1578.0,0.023046,2438.0,0.023049,13346.0,0.02305,44512.0
1753591927702,04:52:07.702,binance,ACH/USDT:USDT,0.023047,1578.0,0.023046,2438.0,0.023049,13346.0,0.02305,44512.0
1753591927887,04:52:07.887,binance,ACH/USDT:USDT,0.023047,1578.0,0.023046,2438.0,0.023049,13346.0,0.02305,44512.0
1753591928116,04:52:08.116,binance,ACH/USDT:USDT,0.023047,1578.0,0.023046,2438.0,0.023049,13346.0,0.02305,44512.0
1753591928219,04:52:08.219,binance,ACH/USDT:USDT,0.023047,1578.0,0.023046,2438.0,0.023049,13346.0,0.02305,44512.0
1753591928418,04:52:08.418,binance,ACH/USDT:USDT,0.023047,1578.0,0.023046,2438.0,0.023049,13346.0,0.02305,44512.0
1753591928617,04:52:08.617,binance,ACH/USDT:USDT,0.023047,1578.0,0.023046,2438.0,0.023049,13346.0,0.02305,44512.0
1753591928718,04:52:08.718,binance,ACH/USDT:USDT,0.023047,1578.0,0.023046,2438.0,0.023049,13346.0,0.02305,44512.0
1753591928871,04:52:08.871,binance,ACH/USDT:USDT,0.023047,1578.0,0.023046,2438.0,0.023049,13346.0,0.02305,44512.0
1753591929124,04:52:09.124,binance,ACH/USDT:USDT,0.023047,1578.0,0.023046,2438.0,0.023049,13346.0,0.02305,44512.0
1753591929226,04:52:09.226,binance,ACH/USDT:USDT,0.023047,1578.0,0.023046,2438.0,0.023049,13346.0,0.02305,44512.0
1753591929551,04:52:09.551,binance,ACH/USDT:USDT,0.023047,1578.0,0.023046,2438.0,0.023049,14647.0,0.02305,44512.0
1753591929702,04:52:09.702,binance,ACH/USDT:USDT,0.023047,1578.0,0.023046,2438.0,0.023049,14647.0,0.02305,44512.0
1753591929890,04:52:09.890,binance,ACH/USDT:USDT,0.023047,1578.0,0.023046,2438.0,0.023049,14647.0,0.02305,44512.0
1753591930017,04:52:10.017,binance,ACH/USDT:USDT,0.023047,1578.0,0.023046,2438.0,0.023049,14647.0,0.02305,44512.0
1753591930196,04:52:10.196,binance,ACH/USDT:USDT,0.023047,1578.0,0.023046,2438.0,0.023049,14647.0,0.02305,49373.0
1753591930298,04:52:10.298,binance,ACH/USDT:USDT,0.023047,1578.0,0.023046,2438.0,0.023049,14647.0,0.02305,44512.0
1753591930403,04:52:10.403,binance,ACH/USDT:USDT,0.023047,1578.0,0.023046,2438.0,0.023049,14647.0,0.02305,44512.0
1753591930538,04:52:10.538,binance,ACH/USDT:USDT,0.023047,1578.0,0.023046,2438.0,0.023049,14647.0,0.02305,44512.0
1753591930728,04:52:10.728,binance,ACH/USDT:USDT,0.023047,1578.0,0.023046,2438.0,0.023049,14647.0,0.02305,44512.0
1753591930902,04:52:10.902,binance,ACH/USDT:USDT,0.023047,1578.0,0.023046,2438.0,0.023049,14647.0,0.02305,44512.0
1753591931110,04:52:11.110,binance,ACH/USDT:USDT,0.023047,1578.0,0.023046,2438.0,0.023049,14647.0,0.02305,44512.0
1753591931222,04:52:11.222,binance,ACH/USDT:USDT,0.023047,1578.0,0.023046,3306.0,0.023049,14647.0,0.02305,44512.0
1753591931328,04:52:11.328,binance,ACH/USDT:USDT,0.023047,1578.0,0.023046,3306.0,0.023049,14647.0,0.02305,44512.0
1753591931728,04:52:11.728,binance,ACH/USDT:USDT,0.023047,1578.0,0.023046,3306.0,0.023049,14951.0,0.02305,44512.0
1753591932021,04:52:12.021,binance,ACH/USDT:USDT,0.023047,1578.0,0.023046,3306.0,0.023049,14951.0,0.02305,44512.0
1753591932157,04:52:12.157,binance,ACH/USDT:USDT,0.023047,1578.0,0.023046,3306.0,0.023049,14951.0,0.02305,44512.0
1753591932516,04:52:12.516,binance,ACH/USDT:USDT,0.023045,10800.0,0.023044,716.0,0.023048,39849.0,0.023049,8723.0
1753591932617,04:52:12.617,binance,ACH/USDT:USDT,0.023045,10800.0,0.023044,716.0,0.023048,47386.0,0.023049,26093.0
1753591932820,04:52:12.820,binance,ACH/USDT:USDT,0.023045,10800.0,0.023044,716.0,0.023048,47386.0,0.023049,26093.0
1753591933108,04:52:13.108,binance,ACH/USDT:USDT,0.023045,10800.0,0.023044,716.0,0.023048,47386.0,0.023049,26093.0
1753591933228,04:52:13.228,binance,ACH/USDT:USDT,0.023045,10800.0,0.023044,716.0,0.023048,34988.0,0.023049,12762.0
1753591933602,04:52:13.602,binance,ACH/USDT:USDT,0.023045,10800.0,0.023044,716.0,0.023048,34988.0,0.023049,12762.0
1753591933802,04:52:13.802,binance,ACH/USDT:USDT,0.023045,10800.0,0.023044,716.0,0.023048,34988.0,0.023049,12762.0
1753591933906,04:52:13.906,binance,ACH/USDT:USDT,0.023045,10800.0,0.023044,716.0,0.023048,34988.0,0.023049,3862.0
1753591934067,04:52:14.067,binance,ACH/USDT:USDT,0.023045,10800.0,0.023044,716.0,0.023048,34988.0,0.023049,3862.0
1753591934306,04:52:14.306,binance,ACH/USDT:USDT,0.023045,10800.0,0.023044,716.0,0.023048,34988.0,0.023049,3862.0
1753591934538,04:52:14.538,binance,ACH/USDT:USDT,0.023045,10800.0,0.023044,716.0,0.023048,34988.0,0.023049,3862.0
1753591934748,04:52:14.748,binance,ACH/USDT:USDT,0.023045,12142.0,0.023044,2554.0,0.023048,31120.0,0.023049,3862.0
1753591934851,04:52:14.851,binance,ACH/USDT:USDT,0.023045,10800.0,0.023044,716.0,0.023048,31120.0,0.023049,3862.0
1753591935557,04:52:15.557,binance,ACH/USDT:USDT,0.023045,11668.0,0.023044,2554.0,0.023048,31120.0,0.023049,3862.0
1753591935936,04:52:15.936,binance,ACH/USDT:USDT,0.023045,11668.0,0.023044,2554.0,0.023048,31120.0,0.023049,3862.0
1753591936039,04:52:16.039,binance,ACH/USDT:USDT,0.023045,11668.0,0.023044,2554.0,0.023048,31120.0,0.023049,3862.0
1753591936186,04:52:16.186,binance,ACH/USDT:USDT,0.023045,11668.0,0.023044,2554.0,0.023048,20729.0,0.023049,3862.0
1753591936324,04:52:16.324,binance,ACH/USDT:USDT,0.023045,11668.0,0.023044,2554.0,0.023048,20729.0,0.023049,3862.0
1753591936896,04:52:16.896,binance,ACH/USDT:USDT,0.023045,11668.0,0.023044,2554.0,0.023048,20729.0,0.023049,3862.0
1753591937037,04:52:17.037,binance,ACH/USDT:USDT,0.023045,11668.0,0.023044,2554.0,0.023048,20729.0,0.023049,3862.0
1753591937140,04:52:17.140,binance,ACH/USDT:USDT,0.023045,10800.0,0.023044,2554.0,0.023048,20729.0,0.023049,3862.0
1753591937406,04:52:17.406,binance,ACH/USDT:USDT,0.023045,10800.0,0.023044,2554.0,0.023048,20729.0,0.023049,3862.0
1753591937639,04:52:17.639,binance,ACH/USDT:USDT,0.023046,1123.0,0.023045,10800.0,0.023048,20729.0,0.023049,3862.0
1753591937742,04:52:17.742,binance,ACH/USDT:USDT,0.023046,1123.0,0.023045,10800.0,0.023048,20729.0,0.023049,3862.0
1753591937864,04:52:17.864,binance,ACH/USDT:USDT,0.023046,1123.0,0.023045,10800.0,0.023048,20729.0,0.023049,3862.0
1753591938018,04:52:18.018,binance,ACH/USDT:USDT,0.023046,1123.0,0.023045,10800.0,0.023048,20729.0,0.023049,3862.0
1753591938124,04:52:18.124,binance,ACH/USDT:USDT,0.023046,1123.0,0.023045,10800.0,0.023048,20729.0,0.023049,3862.0
1753591938228,04:52:18.228,binance,ACH/USDT:USDT,0.023046,1123.0,0.023045,10800.0,0.023048,20729.0,0.023049,3862.0
1753591938416,04:52:18.416,binance,ACH/USDT:USDT,0.023046,1363.0,0.023045,10800.0,0.023048,20729.0,0.023049,3862.0
1753591938557,04:52:18.557,binance,ACH/USDT:USDT,0.023053,3116.0,0.023049,2857.0,0.023054,14844.0,0.023055,239.0
1753591938663,04:52:18.663,binance,ACH/USDT:USDT,0.023051,1904.0,0.023048,304.0,0.023053,12963.0,0.023054,14844.0
1753591938766,04:52:18.766,binance,ACH/USDT:USDT,0.023051,1904.0,0.023048,304.0,0.023053,12963.0,0.023054,14844.0
1753591938867,04:52:18.867,binance,ACH/USDT:USDT,0.023052,2248.0,0.023051,1036.0,0.023057,10360.0,0.023058,1480.0
1753591939183,04:52:19.183,binance,ACH/USDT:USDT,0.023052,868.0,0.023051,1036.0,0.023054,1770.0,0.023055,2031.0
1753591939475,04:52:19.475,binance,ACH/USDT:USDT,0.023053,2248.0,0.023051,2985.0,0.023056,14455.0,0.023057,10360.0
1753591939601,04:52:19.601,binance,ACH/USDT:USDT,0.023053,2248.0,0.023051,2985.0,0.023056,14455.0,0.023057,10360.0
1753591939743,04:52:19.743,binance,ACH/USDT:USDT,0.023053,2248.0,0.023051,2985.0,0.023056,14455.0,0.023057,10360.0
1753591939869,04:52:19.869,binance,ACH/USDT:USDT,0.023053,2248.0,0.023051,2985.0,0.023056,14455.0,0.023057,10360.0
1753591940027,04:52:20.027,binance,ACH/USDT:USDT,0.023053,2248.0,0.023051,2985.0,0.023056,14455.0,0.023057,10360.0
1753591940236,04:52:20.236,binance,ACH/USDT:USDT,0.023053,2248.0,0.023051,2985.0,0.023056,14455.0,0.023057,15221.0
1753591940502,04:52:20.502,binance,ACH/USDT:USDT,0.023053,2248.0,0.023051,2985.0,0.023056,14455.0,0.023057,15221.0
1753591940605,04:52:20.605,binance,ACH/USDT:USDT,0.023053,2248.0,0.023051,2985.0,0.023056,14455.0,0.023057,15221.0
1753591940712,04:52:20.712,binance,ACH/USDT:USDT,0.023053,2248.0,0.023051,2985.0,0.023056,14455.0,0.023057,15221.0
1753591940865,04:52:20.865,binance,ACH/USDT:USDT,0.023051,2985.0,0.023049,868.0,0.023055,16135.0,0.023056,4861.0
1753591940972,04:52:20.972,binance,ACH/USDT:USDT,0.023051,2985.0,0.023049,868.0,0.023055,16135.0,0.023056,4861.0
1753591941171,04:52:21.171,binance,ACH/USDT:USDT,0.023051,2985.0,0.023049,868.0,0.023055,16135.0,0.023056,4861.0
1753591941391,04:52:21.391,binance,ACH/USDT:USDT,0.023051,2985.0,0.023049,868.0,0.023055,16135.0,0.023056,4861.0
1753591941502,04:52:21.502,binance,ACH/USDT:USDT,0.023051,2985.0,0.023049,868.0,0.023055,16135.0,0.023056,5081.0
1753591941609,04:52:21.609,binance,ACH/USDT:USDT,0.023051,2985.0,0.023049,868.0,0.023055,16135.0,0.023056,5081.0
1753591941802,04:52:21.802,binance,ACH/USDT:USDT,0.023051,2985.0,0.023049,868.0,0.023055,16135.0,0.023056,5081.0
1753591941956,04:52:21.956,binance,ACH/USDT:USDT,0.023051,2985.0,0.023049,868.0,0.023055,16135.0,0.023056,5081.0
1753591942083,04:52:22.083,binance,ACH/USDT:USDT,0.023051,2985.0,0.023049,868.0,0.023055,16135.0,0.023056,5081.0
1753591942192,04:52:22.192,binance,ACH/USDT:USDT,0.023051,2985.0,0.023049,868.0,0.023055,16135.0,0.023056,5081.0
1753591942402,04:52:22.402,binance,ACH/USDT:USDT,0.023051,2985.0,0.023049,868.0,0.023055,16135.0,0.023056,5081.0
1753591942590,04:52:22.590,binance,ACH/USDT:USDT,0.023051,2985.0,0.023049,868.0,0.023055,16135.0,0.023056,5081.0
1753591942866,04:52:22.866,binance,ACH/USDT:USDT,0.023051,2985.0,0.023049,868.0,0.023055,16135.0,0.023056,5081.0
1753591942968,04:52:22.968,binance,ACH/USDT:USDT,0.023051,2985.0,0.023049,868.0,0.023055,16135.0,0.023056,5081.0
1753591943071,04:52:23.071,binance,ACH/USDT:USDT,0.023051,2985.0,0.023049,868.0,0.023055,16135.0,0.023056,5081.0
1753591943439,04:52:23.439,binance,ACH/USDT:USDT,0.023051,2985.0,0.023049,868.0,0.023055,16135.0,0.023056,5081.0
1753591943551,04:52:23.551,binance,ACH/USDT:USDT,0.023053,3472.0,0.023052,4026.0,0.023058,239.0,0.023059,220.0
1753591943653,04:52:23.653,binance,ACH/USDT:USDT,0.023053,2027.0,0.023052,4026.0,0.023058,5100.0,0.023059,7194.0
1753591943759,04:52:23.759,binance,ACH/USDT:USDT,0.023053,2895.0,0.023052,4026.0,0.023058,5100.0,0.023059,7194.0
1753591943991,04:52:23.991,binance,ACH/USDT:USDT,0.023053,2895.0,0.023052,4026.0,0.023058,5100.0,0.023059,7194.0
1753591944100,04:52:24.100,binance,ACH/USDT:USDT,0.023053,2895.0,0.023052,4026.0,0.023058,5100.0,0.023059,7194.0
1753591944238,04:52:24.238,binance,ACH/USDT:USDT,0.023053,2895.0,0.023052,4026.0,0.023058,5100.0,0.023059,7194.0
1753591944419,04:52:24.419,binance,ACH/USDT:USDT,0.023053,2895.0,0.023052,4026.0,0.023058,5100.0,0.023059,7194.0
1753591944550,04:52:24.550,binance,ACH/USDT:USDT,0.023053,2895.0,0.023052,4026.0,0.023058,5100.0,0.023059,7194.0
1753591944712,04:52:24.712,binance,ACH/USDT:USDT,0.023053,2895.0,0.023052,4026.0,0.023058,5100.0,0.023059,7194.0
1753591944814,04:52:24.814,binance,ACH/USDT:USDT,0.023053,2895.0,0.023052,4026.0,0.023058,5100.0,0.023059,7194.0
1753591945173,04:52:25.173,binance,ACH/USDT:USDT,0.023053,2895.0,0.023052,4026.0,0.023058,5100.0,0.023059,7194.0
1753591945303,04:52:25.303,binance,ACH/USDT:USDT,0.023053,2895.0,0.023052,4026.0,0.023058,5100.0,0.023059,7194.0
1753591945900,04:52:25.900,binance,ACH/USDT:USDT,0.023053,2895.0,0.023052,4026.0,0.023058,5100.0,0.023059,7194.0
1753591946006,04:52:26.006,binance,ACH/USDT:USDT,0.023053,2895.0,0.023052,4026.0,0.023058,5100.0,0.023059,7194.0
1753591946132,04:52:26.132,binance,ACH/USDT:USDT,0.023053,2895.0,0.023052,4026.0,0.023058,5100.0,0.023059,7194.0
1753591946264,04:52:26.264,binance,ACH/USDT:USDT,0.023053,2895.0,0.023052,4026.0,0.023058,5100.0,0.023059,7194.0
1753591946402,04:52:26.402,binance,ACH/USDT:USDT,0.023053,2895.0,0.023052,4026.0,0.023058,5100.0,0.023059,7194.0
1753591946525,04:52:26.525,binance,ACH/USDT:USDT,0.023055,2014.0,0.023054,825.0,0.023058,239.0,0.023059,220.0
1753591946628,04:52:26.628,binance,ACH/USDT:USDT,0.023057,3284.0,0.023056,868.0,0.023058,239.0,0.023059,220.0
1753591946732,04:52:26.732,binance,ACH/USDT:USDT,0.023057,3284.0,0.023056,868.0,0.023058,239.0,0.023059,220.0
1753591946863,04:52:26.863,binance,ACH/USDT:USDT,0.023057,3284.0,0.023056,868.0,0.023058,239.0,0.023059,220.0
1753591946965,04:52:26.965,binance,ACH/USDT:USDT,0.023057,3284.0,0.023056,868.0,0.023058,239.0,0.023059,220.0
1753591947089,04:52:27.089,binance,ACH/USDT:USDT,0.023057,3284.0,0.023056,868.0,0.023058,239.0,0.023059,220.0
1753591947191,04:52:27.191,binance,ACH/USDT:USDT,0.023057,3284.0,0.023056,868.0,0.023058,239.0,0.023059,220.0
1753591947635,04:52:27.635,binance,ACH/USDT:USDT,0.023057,3284.0,0.023056,868.0,0.023058,239.0,0.023059,220.0
1753591947748,04:52:27.748,binance,ACH/USDT:USDT,0.023057,3284.0,0.023056,868.0,0.023058,239.0,0.023059,220.0
1753591947902,04:52:27.902,binance,ACH/USDT:USDT,0.023057,3284.0,0.023056,868.0,0.023058,239.0,0.023059,220.0
1753591948056,04:52:28.056,binance,ACH/USDT:USDT,0.023057,3284.0,0.023056,868.0,0.023058,239.0,0.023059,220.0
1753591948162,04:52:28.162,binance,ACH/USDT:USDT,0.023057,3284.0,0.023056,868.0,0.023058,239.0,0.023059,220.0
1753591948449,04:52:28.449,binance,ACH/USDT:USDT,0.023057,3284.0,0.023056,868.0,0.023058,239.0,0.023059,220.0
1753591948553,04:52:28.553,binance,ACH/USDT:USDT,0.023057,3284.0,0.023056,868.0,0.023058,239.0,0.023059,220.0
1753591948660,04:52:28.660,binance,ACH/USDT:USDT,0.023057,3284.0,0.023056,868.0,0.023058,239.0,0.023059,220.0
1753591948763,04:52:28.763,binance,ACH/USDT:USDT,0.023057,3284.0,0.023056,868.0,0.023058,239.0,0.023059,220.0
1753591948904,04:52:28.904,binance,ACH/USDT:USDT,0.023057,3284.0,0.023056,868.0,0.023058,239.0,0.023059,220.0
1753591949111,04:52:29.111,binance,ACH/USDT:USDT,0.023057,3284.0,0.023056,868.0,0.023058,239.0,0.023059,220.0
1753591949220,04:52:29.220,binance,ACH/USDT:USDT,0.023057,3284.0,0.023056,868.0,0.023058,239.0,0.023059,220.0
1753591949326,04:52:29.326,binance,ACH/USDT:USDT,0.023057,3284.0,0.023056,868.0,0.023058,239.0,0.023059,220.0
1753591949435,04:52:29.435,binance,ACH/USDT:USDT,0.023057,1036.0,0.023055,2014.0,0.023058,10710.0,0.023059,220.0
1753591949560,04:52:29.560,binance,ACH/USDT:USDT,0.023057,1036.0,0.023055,2014.0,0.023058,10710.0,0.023059,220.0
1753591949731,04:52:29.731,binance,ACH/USDT:USDT,0.023057,1036.0,0.023055,2014.0,0.023058,10710.0,0.023059,220.0
1753591949871,04:52:29.871,binance,ACH/USDT:USDT,0.023057,1036.0,0.023055,2014.0,0.023058,10710.0,0.023059,220.0
1753591950002,04:52:30.002,binance,ACH/USDT:USDT,0.023055,2014.0,0.023052,2963.0,0.023057,18008.0,0.023058,26485.0
1753591950116,04:52:30.116,binance,ACH/USDT:USDT,0.023055,2014.0,0.023052,2247.0,0.023057,18008.0,0.023058,26485.0
1753591950219,04:52:30.219,binance,ACH/USDT:USDT,0.023056,5467.0,0.023055,2014.0,0.023057,10471.0,0.023058,13154.0
1753591950530,04:52:30.530,binance,ACH/USDT:USDT,0.023056,5467.0,0.023055,2014.0,0.023058,9934.0,0.023059,220.0
1753591951002,04:52:31.002,binance,ACH/USDT:USDT,0.023056,5467.0,0.023055,2014.0,0.023058,9934.0,0.023059,220.0
1753591951210,04:52:31.210,binance,ACH/USDT:USDT,0.023057,2248.0,0.023056,5467.0,0.023058,239.0,0.023059,220.0
1753591951312,04:52:31.312,binance,ACH/USDT:USDT,0.023057,2248.0,0.023056,5467.0,0.023058,239.0,0.023059,220.0
1753591951421,04:52:31.421,binance,ACH/USDT:USDT,0.023057,2248.0,0.023056,5467.0,0.023058,239.0,0.023059,220.0
1753591951559,04:52:31.559,binance,ACH/USDT:USDT,0.023057,2248.0,0.023056,5467.0,0.023058,239.0,0.023059,220.0
1753591951668,04:52:31.668,binance,ACH/USDT:USDT,0.023057,2248.0,0.023056,5467.0,0.023058,239.0,0.023059,220.0
1753591952002,04:52:32.002,binance,ACH/USDT:USDT,0.023057,2248.0,0.023056,5467.0,0.023058,239.0,0.023059,220.0
1753591952110,04:52:32.110,binance,ACH/USDT:USDT,0.023057,2248.0,0.023056,5467.0,0.023058,239.0,0.023059,220.0
1753591952233,04:52:32.233,binance,ACH/USDT:USDT,0.023057,2248.0,0.023056,5467.0,0.023058,239.0,0.023059,220.0
1753591952337,04:52:32.337,binance,ACH/USDT:USDT,0.023057,2248.0,0.023056,5467.0,0.023058,239.0,0.023059,220.0
1753591952457,04:52:32.457,binance,ACH/USDT:USDT,0.023057,3675.0,0.023056,5467.0,0.023058,239.0,0.023059,220.0
1753591952561,04:52:32.561,binance,ACH/USDT:USDT,0.023057,3675.0,0.023056,5467.0,0.023058,239.0,0.023059,220.0
1753591952910,04:52:32.910,binance,ACH/USDT:USDT,0.023057,3675.0,0.023056,5467.0,0.023058,239.0,0.023059,220.0
1753591953048,04:52:33.048,binance,ACH/USDT:USDT,0.023057,5018.0,0.023056,5467.0,0.023058,239.0,0.023059,220.0
1753591953202,04:52:33.202,binance,ACH/USDT:USDT,0.023057,9121.0,0.023056,5467.0,0.023058,239.0,0.023059,220.0
1753591953315,04:52:33.315,binance,ACH/USDT:USDT,0.023057,9121.0,0.023056,5467.0,0.023058,239.0,0.023059,220.0
1753591953568,04:52:33.568,binance,ACH/USDT:USDT,0.023057,9121.0,0.023056,5467.0,0.023058,239.0,0.023059,220.0
1753591953670,04:52:33.670,binance,ACH/USDT:USDT,0.023057,9121.0,0.023056,5467.0,0.023058,239.0,0.023059,220.0
1753591953796,04:52:33.796,binance,ACH/USDT:USDT,0.023057,9121.0,0.023056,5467.0,0.023058,239.0,0.023059,220.0
1753591954045,04:52:34.045,binance,ACH/USDT:USDT,0.023057,9121.0,0.023056,5467.0,0.023058,239.0,0.023059,220.0
1753591954202,04:52:34.202,binance,ACH/USDT:USDT,0.023057,9121.0,0.023056,5467.0,0.023058,239.0,0.023059,220.0
1753591954912,04:52:34.912,binance,ACH/USDT:USDT,0.023057,9121.0,0.023056,5467.0,0.023058,239.0,0.023059,220.0
1753591955068,04:52:35.068,binance,ACH/USDT:USDT,0.023057,9121.0,0.023056,5467.0,0.023058,239.0,0.023059,220.0
1753591955289,04:52:35.289,binance,ACH/USDT:USDT,0.023057,9121.0,0.023056,5467.0,0.023058,239.0,0.023059,220.0
1753591955394,04:52:35.394,binance,ACH/USDT:USDT,0.023057,9121.0,0.023056,5467.0,0.023058,239.0,0.023059,220.0
1753591955497,04:52:35.497,binance,ACH/USDT:USDT,0.023057,9121.0,0.023056,5467.0,0.023058,239.0,0.023059,220.0
1753591955806,04:52:35.806,binance,ACH/USDT:USDT,0.023057,9121.0,0.023056,5467.0,0.023058,239.0,0.023059,220.0
1753591956107,04:52:36.107,binance,ACH/USDT:USDT,0.023057,9121.0,0.023056,5467.0,0.023058,239.0,0.023059,220.0
1753591956311,04:52:36.311,binance,ACH/USDT:USDT,0.023057,9121.0,0.023056,5467.0,0.023058,239.0,0.023059,220.0
1753591956420,04:52:36.420,binance,ACH/USDT:USDT,0.023057,9121.0,0.023056,5467.0,0.023058,239.0,0.023059,220.0
1753591956823,04:52:36.823,binance,ACH/USDT:USDT,0.023057,10198.0,0.023056,5467.0,0.023058,239.0,0.023059,220.0
1753591956927,04:52:36.927,binance,ACH/USDT:USDT,0.023057,11676.0,0.023056,6335.0,0.023058,239.0,0.023059,220.0
1753591957110,04:52:37.110,binance,ACH/USDT:USDT,0.023057,11676.0,0.023056,6335.0,0.023058,239.0,0.023059,220.0
1753591957213,04:52:37.213,binance,ACH/USDT:USDT,0.023057,11676.0,0.023056,6335.0,0.023058,239.0,0.023059,220.0
1753591957345,04:52:37.345,binance,ACH/USDT:USDT,0.023059,2248.0,0.023058,2016.0,0.02306,1337.0,0.023061,239.0
1753591957447,04:52:37.447,binance,ACH/USDT:USDT,0.023059,2248.0,0.023058,2884.0,0.02306,1337.0,0.023061,239.0
1753591957589,04:52:37.589,binance,ACH/USDT:USDT,0.023059,2248.0,0.023058,2884.0,0.02306,1337.0,0.023061,239.0
1753591957802,04:52:37.802,binance,ACH/USDT:USDT,0.023059,2248.0,0.023058,2884.0,0.02306,1337.0,0.023061,239.0
1753591957906,04:52:37.906,binance,ACH/USDT:USDT,0.023059,2248.0,0.023058,2884.0,0.02306,1337.0,0.023061,239.0
1753591958068,04:52:38.068,binance,ACH/USDT:USDT,0.023059,2248.0,0.023058,2884.0,0.02306,1337.0,0.023061,239.0
1753591958381,04:52:38.381,binance,ACH/USDT:USDT,0.023059,3219.0,0.023058,2016.0,0.02306,1337.0,0.023061,239.0
1753591958602,04:52:38.602,binance,ACH/USDT:USDT,0.023059,3219.0,0.023058,2016.0,0.02306,1337.0,0.023061,239.0
1753591958834,04:52:38.834,binance,ACH/USDT:USDT,0.023059,3219.0,0.023058,2016.0,0.02306,1337.0,0.023061,239.0
1753591959040,04:52:39.040,binance,ACH/USDT:USDT,0.023062,3372.0,0.023061,868.0,0.023063,9910.0,0.023064,2769.0
1753591959324,04:52:39.324,binance,ACH/USDT:USDT,0.023062,3372.0,0.023061,868.0,0.023063,9910.0,0.023064,2769.0
1753591959449,04:52:39.449,binance,ACH/USDT:USDT,0.023062,7196.0,0.023061,868.0,0.023063,9910.0,0.023064,2769.0
1753591959561,04:52:39.561,binance,ACH/USDT:USDT,0.023062,7196.0,0.023061,868.0,0.023063,9910.0,0.023064,2769.0
1753591959699,04:52:39.699,binance,ACH/USDT:USDT,0.023062,20768.0,0.023061,868.0,0.023065,754.0,0.023066,2057.0
1753591959903,04:52:39.903,binance,ACH/USDT:USDT,0.023062,3824.0,0.023061,868.0,0.023066,13776.0,0.023067,7342.0
1753591960017,04:52:40.017,binance,ACH/USDT:USDT,0.023062,3824.0,0.023061,868.0,0.023066,13776.0,0.023067,7342.0
1753591960132,04:52:40.132,binance,ACH/USDT:USDT,0.023062,3824.0,0.023061,868.0,0.023066,13776.0,0.023067,7342.0
1753591960239,04:52:40.239,binance,ACH/USDT:USDT,0.023062,3824.0,0.023061,868.0,0.023066,13776.0,0.023067,7342.0
1753591960373,04:52:40.373,binance,ACH/USDT:USDT,0.023062,3824.0,0.023061,868.0,0.023066,13776.0,0.023067,7342.0
1753591960480,04:52:40.480,binance,ACH/USDT:USDT,0.023062,3824.0,0.023061,868.0,0.023066,14276.0,0.023067,7342.0
1753591960583,04:52:40.583,binance,ACH/USDT:USDT,0.023062,3824.0,0.023061,868.0,0.023066,14276.0,0.023067,7342.0
1753591960815,04:52:40.815,binance,ACH/USDT:USDT,0.023062,3824.0,0.023061,868.0,0.023066,30609.0,0.023067,5319.0
1753591960957,04:52:40.957,binance,ACH/USDT:USDT,0.023062,3824.0,0.023061,868.0,0.023066,30609.0,0.023067,5319.0
1753591961060,04:52:41.060,binance,ACH/USDT:USDT,0.023062,3824.0,0.02306,716.0,0.023065,17795.0,0.023066,35470.0
1753591961168,04:52:41.168,binance,ACH/USDT:USDT,0.023062,3824.0,0.02306,716.0,0.023065,17795.0,0.023066,35470.0
1753591961315,04:52:41.315,binance,ACH/USDT:USDT,0.023062,3824.0,0.02306,716.0,0.023065,17795.0,0.023066,35470.0
1753591961456,04:52:41.456,binance,ACH/USDT:USDT,0.023062,3824.0,0.02306,716.0,0.023065,17795.0,0.023066,35470.0
1753591961561,04:52:41.561,binance,ACH/USDT:USDT,0.023059,3638.0,0.023058,1324.0,0.023064,20902.0,0.023065,37767.0
1753591961665,04:52:41.665,binance,ACH/USDT:USDT,0.023059,699.0,0.023058,1324.0,0.023064,20902.0,0.023065,37767.0
1753591961772,04:52:41.772,binance,ACH/USDT:USDT,0.023059,699.0,0.023058,1324.0,0.023064,20902.0,0.023065,37767.0
1753591961874,04:52:41.874,binance,ACH/USDT:USDT,0.023059,699.0,0.023058,1324.0,0.023064,21770.0,0.023065,37767.0
1753591961978,04:52:41.978,binance,ACH/USDT:USDT,0.023059,699.0,0.023058,1324.0,0.023064,21770.0,0.023065,37987.0
1753591962081,04:52:42.081,binance,ACH/USDT:USDT,0.023059,699.0,0.023058,2882.0,0.023064,21770.0,0.023065,37987.0
1753591962250,04:52:42.250,binance,ACH/USDT:USDT,0.023059,699.0,0.023058,2882.0,0.023064,21770.0,0.023065,37987.0
1753591962365,04:52:42.365,binance,ACH/USDT:USDT,0.023059,699.0,0.023058,3733.0,0.023064,21770.0,0.023065,37987.0
1753591962550,04:52:42.550,binance,ACH/USDT:USDT,0.023061,1040.0,0.023059,699.0,0.023065,24393.0,0.023066,26936.0
1753591962655,04:52:42.655,binance,ACH/USDT:USDT,0.023061,1040.0,0.023059,699.0,0.023065,24393.0,0.023066,26936.0
1753591962758,04:52:42.758,binance,ACH/USDT:USDT,0.023061,1040.0,0.02306,868.0,0.023065,24393.0,0.023066,26936.0
1753591962868,04:52:42.868,binance,ACH/USDT:USDT,0.023061,1040.0,0.02306,868.0,0.023065,24393.0,0.023066,26936.0
1753591963048,04:52:43.048,binance,ACH/USDT:USDT,0.023061,1040.0,0.02306,868.0,0.023065,24393.0,0.023066,26936.0
1753591963151,04:52:43.151,binance,ACH/USDT:USDT,0.023061,1040.0,0.02306,868.0,0.023065,24393.0,0.023066,26936.0
1753591963450,04:52:43.450,binance,ACH/USDT:USDT,0.023061,1040.0,0.02306,868.0,0.023065,21393.0,0.023066,26936.0
1753591963618,04:52:43.618,binance,ACH/USDT:USDT,0.023064,383.0,0.023061,1040.0,0.023066,42415.0,0.023067,458.0
1753591963720,04:52:43.720,binance,ACH/USDT:USDT,0.023064,383.0,0.023061,1040.0,0.023066,34368.0,0.023067,458.0
1753591963892,04:52:43.892,binance,ACH/USDT:USDT,0.023064,383.0,0.023061,1040.0,0.023066,34368.0,0.023067,458.0
1753591963998,04:52:43.998,binance,ACH/USDT:USDT,0.023064,383.0,0.023061,1040.0,0.023066,34368.0,0.023067,458.0
1753591964110,04:52:44.110,binance,ACH/USDT:USDT,0.023064,383.0,0.023061,1040.0,0.023066,34113.0,0.023067,458.0
1753591964233,04:52:44.233,binance,ACH/USDT:USDT,0.023064,383.0,0.023061,1040.0,0.023066,31945.0,0.023067,458.0
1753591964335,04:52:44.335,binance,ACH/USDT:USDT,0.023064,383.0,0.023061,1040.0,0.023066,31945.0,0.023067,458.0
1753591964487,04:52:44.487,binance,ACH/USDT:USDT,0.023064,383.0,0.023061,1040.0,0.023066,31945.0,0.023067,458.0
1753591964628,04:52:44.628,binance,ACH/USDT:USDT,0.023064,383.0,0.023061,1040.0,0.023066,31945.0,0.023067,5319.0
1753591964731,04:52:44.731,binance,ACH/USDT:USDT,0.023064,383.0,0.023061,1040.0,0.023066,31945.0,0.023067,5319.0
1753591964834,04:52:44.834,binance,ACH/USDT:USDT,0.023064,383.0,0.023061,1040.0,0.023066,31945.0,0.023067,5319.0
1753591965126,04:52:45.126,binance,ACH/USDT:USDT,0.023064,383.0,0.023061,1040.0,0.023066,34113.0,0.023067,6187.0
1753591965302,04:52:45.302,binance,ACH/USDT:USDT,0.023064,383.0,0.023061,1040.0,0.023066,34113.0,0.023067,6187.0
1753591965683,04:52:45.683,binance,ACH/USDT:USDT,0.023064,383.0,0.023061,1040.0,0.023066,34113.0,0.023067,5319.0
1753591965817,04:52:45.817,binance,ACH/USDT:USDT,0.023064,383.0,0.023061,1040.0,0.023066,34113.0,0.023067,5319.0
1753591965918,04:52:45.918,binance,ACH/USDT:USDT,0.023064,383.0,0.023061,1040.0,0.023066,34113.0,0.023067,5319.0
1753591966056,04:52:46.056,binance,ACH/USDT:USDT,0.023064,383.0,0.023061,1040.0,0.023066,34113.0,0.023067,458.0
1753591966160,04:52:46.160,binance,ACH/USDT:USDT,0.023065,2183.0,0.023064,383.0,0.023066,34113.0,0.023067,458.0
1753591966317,04:52:46.317,binance,ACH/USDT:USDT,0.023065,2183.0,0.023064,383.0,0.023066,34113.0,0.023067,458.0
1753591966451,04:52:46.451,binance,ACH/USDT:USDT,0.023065,2183.0,0.023064,383.0,0.023066,34113.0,0.023067,458.0
1753591966602,04:52:46.602,binance,ACH/USDT:USDT,0.023065,2183.0,0.023064,383.0,0.023066,34113.0,0.023067,458.0
1753591966802,04:52:46.802,binance,ACH/USDT:USDT,0.023065,2183.0,0.023064,383.0,0.023066,34113.0,0.023067,458.0
1753591966905,04:52:46.905,binance,ACH/USDT:USDT,0.023065,2183.0,0.023064,383.0,0.023066,34113.0,0.023067,458.0
1753591967031,04:52:47.031,binance,ACH/USDT:USDT,0.023065,2183.0,0.023064,383.0,0.023066,34113.0,0.023067,458.0
1753591967202,04:52:47.202,binance,ACH/USDT:USDT,0.023065,2183.0,0.023064,383.0,0.023066,34113.0,0.023067,458.0
1753591967502,04:52:47.502,binance,ACH/USDT:USDT,0.023065,2411.0,0.023064,383.0,0.023066,34113.0,0.023067,458.0
1753591967668,04:52:47.668,binance,ACH/USDT:USDT,0.023065,2411.0,0.023064,383.0,0.023066,34113.0,0.023067,458.0
1753591967802,04:52:47.802,binance,ACH/USDT:USDT,0.023065,2411.0,0.023064,383.0,0.023066,34113.0,0.023067,458.0
1753591967908,04:52:47.908,binance,ACH/USDT:USDT,0.023065,2411.0,0.023064,383.0,0.023066,34113.0,0.023067,458.0
1753591968035,04:52:48.035,binance,ACH/USDT:USDT,0.023065,2411.0,0.023064,383.0,0.023066,31945.0,0.023067,458.0
1753591968173,04:52:48.173,binance,ACH/USDT:USDT,0.023065,2411.0,0.023064,383.0,0.023066,31945.0,0.023067,458.0
1753591968288,04:52:48.288,binance,ACH/USDT:USDT,0.023065,5682.0,0.023064,1251.0,0.023066,31945.0,0.023067,458.0
1753591968406,04:52:48.406,binance,ACH/USDT:USDT,0.023065,5682.0,0.023064,1251.0,0.023066,31945.0,0.023067,458.0
1753591968590,04:52:48.590,binance,ACH/USDT:USDT,0.023065,6359.0,0.023064,1251.0,0.023066,31945.0,0.023067,458.0
1753591968828,04:52:48.828,binance,ACH/USDT:USDT,0.023065,6359.0,0.023064,1251.0,0.023066,17918.0,0.023067,458.0
1753591968934,04:52:48.934,binance,ACH/USDT:USDT,0.023065,6359.0,0.023064,1251.0,0.023066,20086.0,0.023067,458.0
1753591969098,04:52:49.098,binance,ACH/USDT:USDT,0.023065,8226.0,0.023064,1251.0,0.023066,20086.0,0.023067,458.0
1753591969308,04:52:49.308,binance,ACH/USDT:USDT,0.023065,8226.0,0.023064,1251.0,0.023066,20086.0,0.023067,458.0
1753591969440,04:52:49.440,binance,ACH/USDT:USDT,0.023065,8226.0,0.023064,1251.0,0.023066,20086.0,0.023067,458.0
1753591969542,04:52:49.542,binance,ACH/USDT:USDT,0.023065,8226.0,0.023064,1251.0,0.023066,20086.0,0.023067,458.0
1753591969648,04:52:49.648,binance,ACH/USDT:USDT,0.023065,8226.0,0.023064,1251.0,0.023066,20086.0,0.023067,458.0
1753591970002,04:52:50.002,binance,ACH/USDT:USDT,0.023065,8226.0,0.023064,383.0,0.023066,20086.0,0.023067,458.0
1753591970200,04:52:50.200,binance,ACH/USDT:USDT,0.023065,8226.0,0.023064,383.0,0.023066,20086.0,0.023067,458.0
1753591970308,04:52:50.308,binance,ACH/USDT:USDT,0.023065,8226.0,0.023064,383.0,0.023066,20086.0,0.023067,458.0
1753591970416,04:52:50.416,binance,ACH/USDT:USDT,0.023065,8226.0,0.023064,383.0,0.023066,20086.0,0.023067,458.0
1753591970560,04:52:50.560,binance,ACH/USDT:USDT,0.023065,8226.0,0.023064,383.0,0.023066,20723.0,0.023067,458.0
1753591970662,04:52:50.662,binance,ACH/USDT:USDT,0.023065,8226.0,0.023064,383.0,0.023066,20723.0,0.023067,458.0
1753591970766,04:52:50.766,binance,ACH/USDT:USDT,0.023065,8226.0,0.023064,383.0,0.023066,20723.0,0.023067,458.0
1753591971202,04:52:51.202,binance,ACH/USDT:USDT,0.023065,8226.0,0.023064,383.0,0.023066,20723.0,0.023067,458.0
1753591971402,04:52:51.402,binance,ACH/USDT:USDT,0.023065,8226.0,0.023064,383.0,0.023066,20723.0,0.023067,458.0
1753591971547,04:52:51.547,binance,ACH/USDT:USDT,0.023065,8226.0,0.023064,383.0,0.023066,20723.0,0.023067,458.0
1753591971662,04:52:51.662,binance,ACH/USDT:USDT,0.023065,8226.0,0.023064,383.0,0.023066,20723.0,0.023067,458.0
1753591971880,04:52:51.880,binance,ACH/USDT:USDT,0.023065,8226.0,0.023064,383.0,0.023066,20723.0,0.023067,458.0
1753591972028,04:52:52.028,binance,ACH/USDT:USDT,0.023065,8226.0,0.023064,383.0,0.023066,20723.0,0.023067,458.0
1753591972132,04:52:52.132,binance,ACH/USDT:USDT,0.023065,10643.0,0.023064,383.0,0.023066,20723.0,0.023067,458.0
