timestamp,time,exchange,symbol,bid1_price,bid1_volume,bid2_price,bid2_volume,ask1_price,ask1_volume,ask2_price,ask2_volume
1753591899222,04:51:39.222,bitmex,ADA/USDT:USDT,0.832,27000.0,0.8319,83000.0,0.8322,405000.0,0.8323,8000.0
1753591899586,04:51:39.586,bitmex,ADA/USDT:USDT,0.8323,27000.0,0.8322,83000.0,0.8324,1000.0,0.8325,88000.0
1753591899635,04:51:39.635,bitmex,ADA/USDT:USDT,0.8323,27000.0,0.8322,83000.0,0.8325,88000.0,0.8326,50000.0
1753591899684,04:51:39.684,bitmex,ADA/USDT:USDT,0.8323,56000.0,0.8322,91000.0,0.8324,27000.0,0.8325,80000.0
1753591899733,04:51:39.733,bitmex,ADA/USDT:USDT,0.8323,56000.0,0.8322,91000.0,0.8324,27000.0,0.8325,80000.0
1753591899882,04:51:39.882,bitmex,ADA/USDT:USDT,0.8325,27000.0,0.8324,27000.0,0.8327,8000.0,0.8328,50000.0
1753591899931,04:51:39.931,bitmex,ADA/USDT:USDT,0.8325,27000.0,0.8324,83000.0,0.8327,8000.0,0.8328,50000.0
1753591899980,04:51:39.980,bitmex,ADA/USDT:USDT,0.8325,27000.0,0.8324,83000.0,0.8327,8000.0,0.8328,50000.0
1753591900029,04:51:40.029,bitmex,ADA/USDT:USDT,0.8325,27000.0,0.8324,83000.0,0.8326,405000.0,0.8327,8000.0
1753591900078,04:51:40.078,bitmex,ADA/USDT:USDT,0.8324,56000.0,0.8321,8000.0,0.8326,405000.0,0.8327,8000.0
1753591900127,04:51:40.127,bitmex,ADA/USDT:USDT,0.8324,56000.0,0.8323,83000.0,0.8326,405000.0,0.8327,8000.0
1753591900176,04:51:40.176,bitmex,ADA/USDT:USDT,0.8323,56000.0,0.8322,71000.0,0.8326,405000.0,0.8327,8000.0
1753591900327,04:51:40.327,bitmex,ADA/USDT:USDT,0.8323,64000.0,0.8322,71000.0,0.8326,405000.0,0.8327,8000.0
1753591900376,04:51:40.376,bitmex,ADA/USDT:USDT,0.8323,64000.0,0.8322,71000.0,0.8326,405000.0,0.8327,8000.0
1753591900441,04:51:40.441,bitmex,ADA/USDT:USDT,0.8323,64000.0,0.8322,71000.0,0.8326,405000.0,0.8327,8000.0
1753591900617,04:51:40.617,bitmex,ADA/USDT:USDT,0.8323,64000.0,0.8322,71000.0,0.8326,405000.0,0.8327,8000.0
1753591900666,04:51:40.666,bitmex,ADA/USDT:USDT,0.8323,64000.0,0.8322,71000.0,0.8326,405000.0,0.8327,8000.0
1753591900715,04:51:40.715,bitmex,ADA/USDT:USDT,0.8323,64000.0,0.8322,71000.0,0.8326,405000.0,0.8327,8000.0
1753591901159,04:51:41.159,bitmex,ADA/USDT:USDT,0.8323,64000.0,0.8322,71000.0,0.8326,405000.0,0.8327,8000.0
1753591901320,04:51:41.320,bitmex,ADA/USDT:USDT,0.8323,64000.0,0.8322,71000.0,0.8326,405000.0,0.8327,8000.0
1753591901370,04:51:41.370,bitmex,ADA/USDT:USDT,0.8323,64000.0,0.8322,71000.0,0.8326,405000.0,0.8327,8000.0
1753591902659,04:51:42.659,bitmex,ADA/USDT:USDT,0.8323,64000.0,0.8322,71000.0,0.8326,405000.0,0.8327,8000.0
1753591902708,04:51:42.708,bitmex,ADA/USDT:USDT,0.8323,64000.0,0.8322,71000.0,0.8326,405000.0,0.8327,8000.0
1753591902830,04:51:42.830,bitmex,ADA/USDT:USDT,0.8325,27000.0,0.8323,64000.0,0.8326,405000.0,0.8327,8000.0
1753591902879,04:51:42.879,bitmex,ADA/USDT:USDT,0.8325,27000.0,0.8324,91000.0,0.8326,405000.0,0.8327,8000.0
1753591902928,04:51:42.928,bitmex,ADA/USDT:USDT,0.8325,27000.0,0.8324,91000.0,0.8326,405000.0,0.8327,8000.0
1753591903043,04:51:43.043,bitmex,ADA/USDT:USDT,0.8325,27000.0,0.8324,83000.0,0.8326,405000.0,0.8327,8000.0
1753591903093,04:51:43.093,bitmex,ADA/USDT:USDT,0.8324,56000.0,0.8323,91000.0,0.8325,27000.0,0.8326,405000.0
1753591903173,04:51:43.173,bitmex,ADA/USDT:USDT,0.8324,56000.0,0.8323,91000.0,0.8326,405000.0,0.8327,8000.0
1753591903222,04:51:43.222,bitmex,ADA/USDT:USDT,0.8324,56000.0,0.8323,91000.0,0.8326,405000.0,0.8327,8000.0
1753591903271,04:51:43.271,bitmex,ADA/USDT:USDT,0.8324,56000.0,0.8323,91000.0,0.8326,405000.0,0.8327,8000.0
1753591903673,04:51:43.673,bitmex,ADA/USDT:USDT,0.8325,27000.0,0.8324,56000.0,0.8326,405000.0,0.8327,8000.0
1753591903722,04:51:43.722,bitmex,ADA/USDT:USDT,0.8325,35000.0,0.8324,64000.0,0.8326,405000.0,0.8328,49000.0
1753591903771,04:51:43.771,bitmex,ADA/USDT:USDT,0.8326,56000.0,0.8325,91000.0,0.8327,27000.0,0.8328,49000.0
1753591903820,04:51:43.820,bitmex,ADA/USDT:USDT,0.8326,56000.0,0.8325,91000.0,0.8327,27000.0,0.8328,49000.0
1753591903869,04:51:43.869,bitmex,ADA/USDT:USDT,0.8326,56000.0,0.8325,91000.0,0.8327,431000.0,0.833,9000.0
1753591904223,04:51:44.223,bitmex,ADA/USDT:USDT,0.8326,56000.0,0.8325,83000.0,0.8327,431000.0,0.833,9000.0
1753591904412,04:51:44.412,bitmex,ADA/USDT:USDT,0.8326,56000.0,0.8325,83000.0,0.8327,431000.0,0.833,9000.0
1753591904588,04:51:44.588,bitmex,ADA/USDT:USDT,0.8326,56000.0,0.8325,83000.0,0.8327,431000.0,0.833,9000.0
1753591904638,04:51:44.638,bitmex,ADA/USDT:USDT,0.8326,56000.0,0.8325,83000.0,0.8327,431000.0,0.833,9000.0
1753591904778,04:51:44.778,bitmex,ADA/USDT:USDT,0.8326,56000.0,0.8325,83000.0,0.8327,431000.0,0.833,9000.0
1753591904827,04:51:44.827,bitmex,ADA/USDT:USDT,0.8326,56000.0,0.8325,83000.0,0.8327,431000.0,0.833,9000.0
1753591905044,04:51:45.044,bitmex,ADA/USDT:USDT,0.8326,56000.0,0.8325,83000.0,0.8327,404000.0,0.833,9000.0
1753591905176,04:51:45.176,bitmex,ADA/USDT:USDT,0.8326,27000.0,0.8325,83000.0,0.8327,404000.0,0.833,9000.0
1753591905225,04:51:45.225,bitmex,ADA/USDT:USDT,0.8325,56000.0,0.8324,91000.0,0.8327,404000.0,0.833,9000.0
1753591905274,04:51:45.274,bitmex,ADA/USDT:USDT,0.8325,56000.0,0.8324,91000.0,0.8327,404000.0,0.833,9000.0
1753591905588,04:51:45.588,bitmex,ADA/USDT:USDT,0.8325,56000.0,0.8324,91000.0,0.8327,404000.0,0.833,9000.0
1753591905638,04:51:45.638,bitmex,ADA/USDT:USDT,0.8325,56000.0,0.8324,91000.0,0.8327,404000.0,0.833,9000.0
1753591905863,04:51:45.863,bitmex,ADA/USDT:USDT,0.8325,56000.0,0.8324,91000.0,0.8327,404000.0,0.833,9000.0
1753591905913,04:51:45.913,bitmex,ADA/USDT:USDT,0.8325,56000.0,0.8324,91000.0,0.8327,404000.0,0.833,9000.0
1753591906539,04:51:46.539,bitmex,ADA/USDT:USDT,0.8325,56000.0,0.8324,91000.0,0.8327,404000.0,0.833,9000.0
1753591906589,04:51:46.589,bitmex,ADA/USDT:USDT,0.8325,56000.0,0.8324,91000.0,0.8327,404000.0,0.833,9000.0
1753591907830,04:51:47.830,bitmex,ADA/USDT:USDT,0.8325,56000.0,0.8324,91000.0,0.8327,404000.0,0.833,9000.0
1753591908605,04:51:48.605,bitmex,ADA/USDT:USDT,0.8325,56000.0,0.8324,91000.0,0.8327,404000.0,0.833,9000.0
1753591908655,04:51:48.655,bitmex,ADA/USDT:USDT,0.8325,56000.0,0.8324,91000.0,0.8327,404000.0,0.833,9000.0
1753591908815,04:51:48.815,bitmex,ADA/USDT:USDT,0.8325,56000.0,0.8324,91000.0,0.8327,404000.0,0.833,9000.0
1753591908865,04:51:48.865,bitmex,ADA/USDT:USDT,0.8325,56000.0,0.8324,91000.0,0.8327,404000.0,0.833,9000.0
1753591909786,04:51:49.786,bitmex,ADA/USDT:USDT,0.8325,56000.0,0.8324,91000.0,0.8327,404000.0,0.833,9000.0
1753591910217,04:51:50.217,bitmex,ADA/USDT:USDT,0.8325,56000.0,0.8324,91000.0,0.8327,404000.0,0.833,9000.0
1753591910267,04:51:50.267,bitmex,ADA/USDT:USDT,0.8325,56000.0,0.8324,91000.0,0.8327,404000.0,0.833,9000.0
1753591910771,04:51:50.771,bitmex,ADA/USDT:USDT,0.8325,56000.0,0.8324,91000.0,0.8327,404000.0,0.833,9000.0
1753591910821,04:51:50.821,bitmex,ADA/USDT:USDT,0.8325,56000.0,0.8324,91000.0,0.8327,404000.0,0.833,9000.0
1753591911758,04:51:51.758,bitmex,ADA/USDT:USDT,0.8325,27000.0,0.8324,91000.0,0.8327,404000.0,0.833,9000.0
1753591911808,04:51:51.808,bitmex,ADA/USDT:USDT,0.8323,56000.0,0.8322,83000.0,0.8326,8000.0,0.8327,404000.0
1753591911857,04:51:51.857,bitmex,ADA/USDT:USDT,0.8323,56000.0,0.8322,83000.0,0.8326,8000.0,0.8327,404000.0
1753591911906,04:51:51.906,bitmex,ADA/USDT:USDT,0.8323,56000.0,0.8322,83000.0,0.8326,8000.0,0.8327,404000.0
1753591911962,04:51:51.962,bitmex,ADA/USDT:USDT,0.8323,64000.0,0.8322,83000.0,0.8326,8000.0,0.8327,404000.0
1753591912012,04:51:52.012,bitmex,ADA/USDT:USDT,0.8325,27000.0,0.8324,83000.0,0.8327,404000.0,0.833,9000.0
1753591912090,04:51:52.090,bitmex,ADA/USDT:USDT,0.8325,27000.0,0.8324,83000.0,0.8327,404000.0,0.833,9000.0
1753591912140,04:51:52.140,bitmex,ADA/USDT:USDT,0.8326,27000.0,0.8325,91000.0,0.8329,8000.0,0.833,9000.0
1753591912189,04:51:52.189,bitmex,ADA/USDT:USDT,0.8326,27000.0,0.8325,91000.0,0.8329,8000.0,0.833,9000.0
1753591912238,04:51:52.238,bitmex,ADA/USDT:USDT,0.8326,27000.0,0.8325,91000.0,0.8327,404000.0,0.8329,8000.0
1753591912409,04:51:52.409,bitmex,ADA/USDT:USDT,0.8326,27000.0,0.8325,91000.0,0.8327,404000.0,0.8329,8000.0
1753591912459,04:51:52.459,bitmex,ADA/USDT:USDT,0.8326,27000.0,0.8325,91000.0,0.8327,404000.0,0.8329,8000.0
1753591912685,04:51:52.685,bitmex,ADA/USDT:USDT,0.8326,27000.0,0.8325,91000.0,0.8327,404000.0,0.8329,8000.0
1753591912735,04:51:52.735,bitmex,ADA/USDT:USDT,0.8326,27000.0,0.8325,91000.0,0.8327,404000.0,0.8329,8000.0
1753591913339,04:51:53.339,bitmex,ADA/USDT:USDT,0.8326,27000.0,0.8325,91000.0,0.8327,404000.0,0.8329,8000.0
1753591913585,04:51:53.585,bitmex,ADA/USDT:USDT,0.8326,27000.0,0.8325,91000.0,0.8327,404000.0,0.8329,8000.0
1753591913635,04:51:53.635,bitmex,ADA/USDT:USDT,0.8326,27000.0,0.8325,91000.0,0.8327,404000.0,0.8329,8000.0
1753591913889,04:51:53.889,bitmex,ADA/USDT:USDT,0.8326,27000.0,0.8325,91000.0,0.8327,404000.0,0.8329,8000.0
1753591914369,04:51:54.369,bitmex,ADA/USDT:USDT,0.8326,27000.0,0.8325,91000.0,0.8327,404000.0,0.8329,8000.0
1753591914634,04:51:54.634,bitmex,ADA/USDT:USDT,0.8326,27000.0,0.8325,91000.0,0.8327,404000.0,0.8329,8000.0
1753591914700,04:51:54.700,bitmex,ADA/USDT:USDT,0.8326,27000.0,0.8325,91000.0,0.8327,404000.0,0.8329,8000.0
1753591914749,04:51:54.749,bitmex,ADA/USDT:USDT,0.8326,27000.0,0.8325,91000.0,0.8327,404000.0,0.8329,8000.0
1753591914814,04:51:54.814,bitmex,ADA/USDT:USDT,0.8326,27000.0,0.8325,83000.0,0.8327,404000.0,0.8329,8000.0
1753591914864,04:51:54.864,bitmex,ADA/USDT:USDT,0.8325,56000.0,0.8324,83000.0,0.8326,27000.0,0.8327,404000.0
1753591915726,04:51:55.726,bitmex,ADA/USDT:USDT,0.8325,56000.0,0.8324,83000.0,0.8326,27000.0,0.8327,404000.0
1753591916043,04:51:56.043,bitmex,ADA/USDT:USDT,0.8325,27000.0,0.8324,83000.0,0.8326,27000.0,0.8327,404000.0
1753591916092,04:51:56.092,bitmex,ADA/USDT:USDT,0.8324,56000.0,0.8323,79000.0,0.8326,27000.0,0.8327,404000.0
1753591916141,04:51:56.141,bitmex,ADA/USDT:USDT,0.8324,56000.0,0.8323,79000.0,0.8326,27000.0,0.8327,404000.0
1753591916377,04:51:56.377,bitmex,ADA/USDT:USDT,0.8324,56000.0,0.8323,79000.0,0.8326,27000.0,0.8327,404000.0
1753591916486,04:51:56.486,bitmex,ADA/USDT:USDT,0.8324,56000.0,0.8323,79000.0,0.8326,27000.0,0.8327,404000.0
1753591916536,04:51:56.536,bitmex,ADA/USDT:USDT,0.8324,56000.0,0.8323,79000.0,0.8326,27000.0,0.8327,404000.0
1753591916644,04:51:56.644,bitmex,ADA/USDT:USDT,0.8324,56000.0,0.8323,79000.0,0.8326,27000.0,0.8327,404000.0
1753591916693,04:51:56.693,bitmex,ADA/USDT:USDT,0.8324,56000.0,0.8323,79000.0,0.8326,27000.0,0.8327,404000.0
1753591916742,04:51:56.742,bitmex,ADA/USDT:USDT,0.8324,56000.0,0.8323,79000.0,0.8326,35000.0,0.8327,404000.0
1753591916852,04:51:56.852,bitmex,ADA/USDT:USDT,0.8324,56000.0,0.8323,79000.0,0.8326,35000.0,0.8327,404000.0
1753591917010,04:51:57.010,bitmex,ADA/USDT:USDT,0.8324,56000.0,0.8323,79000.0,0.8326,35000.0,0.8327,404000.0
1753591917187,04:51:57.187,bitmex,ADA/USDT:USDT,0.8324,56000.0,0.8323,79000.0,0.8326,35000.0,0.8327,404000.0
1753591917236,04:51:57.236,bitmex,ADA/USDT:USDT,0.8324,56000.0,0.8323,79000.0,0.8326,35000.0,0.8327,404000.0
1753591917741,04:51:57.741,bitmex,ADA/USDT:USDT,0.8324,56000.0,0.8323,79000.0,0.8326,35000.0,0.8327,404000.0
1753591917790,04:51:57.790,bitmex,ADA/USDT:USDT,0.8324,56000.0,0.8323,79000.0,0.8326,35000.0,0.8327,404000.0
1753591918080,04:51:58.080,bitmex,ADA/USDT:USDT,0.8324,56000.0,0.8323,79000.0,0.8326,27000.0,0.8327,404000.0
1753591918417,04:51:58.417,bitmex,ADA/USDT:USDT,0.8324,56000.0,0.8323,79000.0,0.8326,27000.0,0.8327,404000.0
1753591918467,04:51:58.467,bitmex,ADA/USDT:USDT,0.8324,56000.0,0.8323,79000.0,0.8326,27000.0,0.8327,404000.0
1753591919062,04:51:59.062,bitmex,ADA/USDT:USDT,0.8324,56000.0,0.8323,79000.0,0.8326,35000.0,0.8327,404000.0
1753591920431,04:52:00.431,bitmex,ADA/USDT:USDT,0.8324,56000.0,0.8323,71000.0,0.8326,35000.0,0.8327,404000.0
1753591920480,04:52:00.480,bitmex,ADA/USDT:USDT,0.8323,56000.0,0.8322,83000.0,0.8326,35000.0,0.8327,404000.0
1753591920529,04:52:00.529,bitmex,ADA/USDT:USDT,0.8323,56000.0,0.8322,83000.0,0.8325,8000.0,0.8326,35000.0
1753591920578,04:52:00.578,bitmex,ADA/USDT:USDT,0.8323,56000.0,0.8322,83000.0,0.8325,8000.0,0.8326,35000.0
1753591920751,04:52:00.751,bitmex,ADA/USDT:USDT,0.8323,56000.0,0.8322,83000.0,0.8325,8000.0,0.8326,35000.0
1753591920801,04:52:00.801,bitmex,ADA/USDT:USDT,0.8323,56000.0,0.8322,83000.0,0.8325,8000.0,0.8326,35000.0
1753591920942,04:52:00.942,bitmex,ADA/USDT:USDT,0.8323,56000.0,0.8322,83000.0,0.8325,8000.0,0.8326,35000.0
1753591921190,04:52:01.190,bitmex,ADA/USDT:USDT,0.8323,56000.0,0.8322,83000.0,0.8326,35000.0,0.8327,404000.0
1753591921240,04:52:01.240,bitmex,ADA/USDT:USDT,0.8324,27000.0,0.8323,56000.0,0.8326,35000.0,0.8327,404000.0
1753591921289,04:52:01.289,bitmex,ADA/USDT:USDT,0.8324,27000.0,0.8323,56000.0,0.8326,35000.0,0.8327,404000.0
1753591921338,04:52:01.338,bitmex,ADA/USDT:USDT,0.8324,27000.0,0.8323,56000.0,0.8326,35000.0,0.8327,404000.0
1753591921499,04:52:01.499,bitmex,ADA/USDT:USDT,0.8324,27000.0,0.8323,56000.0,0.8326,35000.0,0.8327,404000.0
1753591921548,04:52:01.548,bitmex,ADA/USDT:USDT,0.8325,27000.0,0.8324,91000.0,0.8327,404000.0,0.8328,50000.0
1753591921598,04:52:01.598,bitmex,ADA/USDT:USDT,0.8325,27000.0,0.8324,91000.0,0.8327,404000.0,0.8328,49000.0
1753591921651,04:52:01.651,bitmex,ADA/USDT:USDT,0.8326,27000.0,0.8325,91000.0,0.8327,404000.0,0.8328,49000.0
1753591921702,04:52:01.702,bitmex,ADA/USDT:USDT,0.8326,27000.0,0.8325,91000.0,0.8327,404000.0,0.8328,8000.0
1753591921809,04:52:01.809,bitmex,ADA/USDT:USDT,0.8326,27000.0,0.8325,91000.0,0.8327,404000.0,0.833,58000.0
1753591921860,04:52:01.860,bitmex,ADA/USDT:USDT,0.8326,27000.0,0.8325,91000.0,0.8327,404000.0,0.8329,8000.0
1753591921910,04:52:01.910,bitmex,ADA/USDT:USDT,0.8326,27000.0,0.8325,91000.0,0.8327,404000.0,0.8329,8000.0
1753591921968,04:52:01.968,bitmex,ADA/USDT:USDT,0.8326,27000.0,0.8325,91000.0,0.8329,8000.0,0.833,58000.0
1753591922017,04:52:02.017,bitmex,ADA/USDT:USDT,0.8327,27000.0,0.8326,83000.0,0.8329,8000.0,0.833,58000.0
1753591922066,04:52:02.066,bitmex,ADA/USDT:USDT,0.8327,27000.0,0.8326,83000.0,0.8328,404000.0,0.8329,8000.0
1753591922116,04:52:02.116,bitmex,ADA/USDT:USDT,0.8327,27000.0,0.8326,83000.0,0.8328,404000.0,0.8329,8000.0
1753591922165,04:52:02.165,bitmex,ADA/USDT:USDT,0.8327,27000.0,0.8326,83000.0,0.8328,404000.0,0.8329,8000.0
1753591922214,04:52:02.214,bitmex,ADA/USDT:USDT,0.8327,27000.0,0.8326,83000.0,0.8328,404000.0,0.8329,8000.0
1753591922263,04:52:02.263,bitmex,ADA/USDT:USDT,0.8326,56000.0,0.8325,8000.0,0.8328,404000.0,0.8329,8000.0
1753591922312,04:52:02.312,bitmex,ADA/USDT:USDT,0.8326,56000.0,0.8325,83000.0,0.8328,404000.0,0.8329,8000.0
1753591922361,04:52:02.361,bitmex,ADA/USDT:USDT,0.8325,56000.0,0.8324,8000.0,0.8328,404000.0,0.8329,8000.0
1753591922410,04:52:02.410,bitmex,ADA/USDT:USDT,0.8325,56000.0,0.8324,91000.0,0.8328,404000.0,0.8329,8000.0
1753591922459,04:52:02.459,bitmex,ADA/USDT:USDT,0.8325,56000.0,0.8324,91000.0,0.8328,404000.0,0.8329,8000.0
1753591922508,04:52:02.508,bitmex,ADA/USDT:USDT,0.8325,56000.0,0.8324,91000.0,0.8327,8000.0,0.8328,404000.0
1753591922580,04:52:02.580,bitmex,ADA/USDT:USDT,0.8325,56000.0,0.8324,91000.0,0.8328,404000.0,0.8329,8000.0
1753591922991,04:52:02.991,bitmex,ADA/USDT:USDT,0.8325,56000.0,0.8324,91000.0,0.8328,404000.0,0.8329,8000.0
1753591923041,04:52:03.041,bitmex,ADA/USDT:USDT,0.8325,56000.0,0.8324,91000.0,0.8328,404000.0,0.8329,8000.0
1753591923090,04:52:03.090,bitmex,ADA/USDT:USDT,0.8325,56000.0,0.8324,91000.0,0.8328,404000.0,0.8329,8000.0
1753591923217,04:52:03.217,bitmex,ADA/USDT:USDT,0.8325,56000.0,0.8324,91000.0,0.8328,404000.0,0.8329,8000.0
1753591923267,04:52:03.267,bitmex,ADA/USDT:USDT,0.8325,56000.0,0.8324,91000.0,0.8328,404000.0,0.8329,8000.0
1753591923330,04:52:03.330,bitmex,ADA/USDT:USDT,0.8325,56000.0,0.8324,91000.0,0.8328,404000.0,0.8329,8000.0
1753591923380,04:52:03.380,bitmex,ADA/USDT:USDT,0.8325,56000.0,0.8324,91000.0,0.8328,404000.0,0.8329,8000.0
1753591923507,04:52:03.507,bitmex,ADA/USDT:USDT,0.8325,56000.0,0.8324,91000.0,0.8328,404000.0,0.8329,8000.0
1753591923626,04:52:03.626,bitmex,ADA/USDT:USDT,0.8325,56000.0,0.8324,91000.0,0.8328,404000.0,0.8329,8000.0
1753591923737,04:52:03.737,bitmex,ADA/USDT:USDT,0.8325,56000.0,0.8324,91000.0,0.8328,404000.0,0.8329,8000.0
1753591923786,04:52:03.786,bitmex,ADA/USDT:USDT,0.8325,56000.0,0.8324,91000.0,0.8328,404000.0,0.8329,8000.0
1753591924030,04:52:04.030,bitmex,ADA/USDT:USDT,0.8325,56000.0,0.8324,91000.0,0.8328,404000.0,0.8329,8000.0
1753591924201,04:52:04.201,bitmex,ADA/USDT:USDT,0.8325,64000.0,0.8324,91000.0,0.8328,404000.0,0.8329,8000.0
1753591924250,04:52:04.250,bitmex,ADA/USDT:USDT,0.8326,8000.0,0.8325,64000.0,0.8328,404000.0,0.8329,8000.0
1753591924299,04:52:04.299,bitmex,ADA/USDT:USDT,0.8327,27000.0,0.8326,91000.0,0.8328,404000.0,0.8329,8000.0
1753591924348,04:52:04.348,bitmex,ADA/USDT:USDT,0.8327,27000.0,0.8326,91000.0,0.8328,404000.0,0.8329,8000.0
1753591924397,04:52:04.397,bitmex,ADA/USDT:USDT,0.8327,27000.0,0.8326,91000.0,0.8328,404000.0,0.8329,8000.0
1753591924446,04:52:04.446,bitmex,ADA/USDT:USDT,0.8326,56000.0,0.8325,91000.0,0.8327,27000.0,0.8328,404000.0
1753591924495,04:52:04.495,bitmex,ADA/USDT:USDT,0.8326,56000.0,0.8325,91000.0,0.8328,404000.0,0.8329,8000.0
1753591924622,04:52:04.622,bitmex,ADA/USDT:USDT,0.8326,56000.0,0.8325,91000.0,0.8329,8000.0,0.833,58000.0
1753591924671,04:52:04.671,bitmex,ADA/USDT:USDT,0.8327,27000.0,0.8326,56000.0,0.8329,8000.0,0.833,58000.0
1753591924720,04:52:04.720,bitmex,ADA/USDT:USDT,0.8327,27000.0,0.8326,56000.0,0.8329,8000.0,0.833,58000.0
1753591924769,04:52:04.769,bitmex,ADA/USDT:USDT,0.8327,27000.0,0.8326,56000.0,0.8328,404000.0,0.8329,8000.0
1753591924897,04:52:04.897,bitmex,ADA/USDT:USDT,0.8327,27000.0,0.8326,56000.0,0.8328,404000.0,0.8329,8000.0
1753591925162,04:52:05.162,bitmex,ADA/USDT:USDT,0.8327,27000.0,0.8326,56000.0,0.8328,404000.0,0.8329,8000.0
1753591925338,04:52:05.338,bitmex,ADA/USDT:USDT,0.8327,27000.0,0.8326,56000.0,0.8328,404000.0,0.8329,8000.0
1753591925504,04:52:05.504,bitmex,ADA/USDT:USDT,0.8327,27000.0,0.8326,56000.0,0.8328,404000.0,0.8329,8000.0
1753591925553,04:52:05.553,bitmex,ADA/USDT:USDT,0.8327,27000.0,0.8326,56000.0,0.8328,404000.0,0.8329,8000.0
1753591925602,04:52:05.602,bitmex,ADA/USDT:USDT,0.8327,27000.0,0.8326,56000.0,0.8328,404000.0,0.8329,8000.0
1753591926041,04:52:06.041,bitmex,ADA/USDT:USDT,0.8326,56000.0,0.8325,8000.0,0.8328,404000.0,0.8329,8000.0
1753591926090,04:52:06.090,bitmex,ADA/USDT:USDT,0.8326,56000.0,0.8325,8000.0,0.8328,404000.0,0.8329,8000.0
1753591926139,04:52:06.139,bitmex,ADA/USDT:USDT,0.8326,56000.0,0.8325,91000.0,0.8328,404000.0,0.8329,8000.0
1753591926188,04:52:06.188,bitmex,ADA/USDT:USDT,0.8326,56000.0,0.8325,91000.0,0.8328,404000.0,0.8329,8000.0
1753591926237,04:52:06.237,bitmex,ADA/USDT:USDT,0.8326,56000.0,0.8325,91000.0,0.8328,404000.0,0.8329,8000.0
1753591926588,04:52:06.588,bitmex,ADA/USDT:USDT,0.8326,56000.0,0.8325,91000.0,0.8328,404000.0,0.8329,8000.0
1753591926637,04:52:06.637,bitmex,ADA/USDT:USDT,0.8326,56000.0,0.8325,91000.0,0.8328,404000.0,0.8329,8000.0
1753591926686,04:52:06.686,bitmex,ADA/USDT:USDT,0.8326,56000.0,0.8325,91000.0,0.8328,404000.0,0.8329,8000.0
1753591926942,04:52:06.942,bitmex,ADA/USDT:USDT,0.8326,56000.0,0.8325,91000.0,0.8328,404000.0,0.8329,8000.0
1753591926997,04:52:06.997,bitmex,ADA/USDT:USDT,0.8327,27000.0,0.8326,56000.0,0.8328,404000.0,0.8329,8000.0
1753591927047,04:52:07.047,bitmex,ADA/USDT:USDT,0.8327,27000.0,0.8326,56000.0,0.8328,404000.0,0.8329,8000.0
1753591927096,04:52:07.096,bitmex,ADA/USDT:USDT,0.8327,27000.0,0.8326,56000.0,0.8328,404000.0,0.8329,8000.0
1753591927437,04:52:07.437,bitmex,ADA/USDT:USDT,0.8327,27000.0,0.8326,56000.0,0.8328,404000.0,0.8329,8000.0
1753591927487,04:52:07.487,bitmex,ADA/USDT:USDT,0.8326,56000.0,0.8325,8000.0,0.8327,27000.0,0.8328,404000.0
1753591927536,04:52:07.536,bitmex,ADA/USDT:USDT,0.8326,56000.0,0.8325,91000.0,0.8327,27000.0,0.8328,404000.0
1753591927872,04:52:07.872,bitmex,ADA/USDT:USDT,0.8326,56000.0,0.8325,91000.0,0.8328,404000.0,0.8329,8000.0
1753591927922,04:52:07.922,bitmex,ADA/USDT:USDT,0.8327,27000.0,0.8326,56000.0,0.8328,404000.0,0.8329,8000.0
1753591927971,04:52:07.971,bitmex,ADA/USDT:USDT,0.8327,27000.0,0.8326,56000.0,0.8328,404000.0,0.8329,8000.0
1753591928021,04:52:08.021,bitmex,ADA/USDT:USDT,0.8327,27000.0,0.8326,56000.0,0.8328,404000.0,0.8329,8000.0
1753591928070,04:52:08.070,bitmex,ADA/USDT:USDT,0.8327,27000.0,0.8326,56000.0,0.8328,404000.0,0.8329,8000.0
1753591928237,04:52:08.237,bitmex,ADA/USDT:USDT,0.8327,27000.0,0.8326,56000.0,0.8328,404000.0,0.8329,8000.0
1753591928287,04:52:08.287,bitmex,ADA/USDT:USDT,0.8327,27000.0,0.8326,56000.0,0.8328,404000.0,0.8329,8000.0
1753591928379,04:52:08.379,bitmex,ADA/USDT:USDT,0.8327,27000.0,0.8326,56000.0,0.8328,404000.0,0.8329,8000.0
1753591929053,04:52:09.053,bitmex,ADA/USDT:USDT,0.8327,27000.0,0.8326,56000.0,0.8328,404000.0,0.8329,8000.0
1753591929102,04:52:09.102,bitmex,ADA/USDT:USDT,0.8327,35000.0,0.8326,56000.0,0.8328,404000.0,0.833,57000.0
1753591929151,04:52:09.151,bitmex,ADA/USDT:USDT,0.8327,35000.0,0.8326,56000.0,0.8328,404000.0,0.833,57000.0
1753591929225,04:52:09.225,bitmex,ADA/USDT:USDT,0.8327,35000.0,0.8326,56000.0,0.8328,404000.0,0.833,57000.0
1753591929275,04:52:09.275,bitmex,ADA/USDT:USDT,0.8327,35000.0,0.8326,56000.0,0.8328,404000.0,0.833,57000.0
1753591929324,04:52:09.324,bitmex,ADA/USDT:USDT,0.8327,35000.0,0.8326,56000.0,0.8328,404000.0,0.833,57000.0
1753591929405,04:52:09.405,bitmex,ADA/USDT:USDT,0.8327,27000.0,0.8326,56000.0,0.8328,404000.0,0.833,57000.0
1753591929454,04:52:09.454,bitmex,ADA/USDT:USDT,0.8327,27000.0,0.8326,56000.0,0.8328,404000.0,0.833,57000.0
1753591929503,04:52:09.503,bitmex,ADA/USDT:USDT,0.8327,27000.0,0.8326,56000.0,0.8328,404000.0,0.8329,8000.0
1753591929572,04:52:09.572,bitmex,ADA/USDT:USDT,0.8327,27000.0,0.8326,56000.0,0.8328,404000.0,0.833,57000.0
1753591929783,04:52:09.783,bitmex,ADA/USDT:USDT,0.8327,27000.0,0.8326,56000.0,0.8328,404000.0,0.8329,8000.0
1753591929866,04:52:09.866,bitmex,ADA/USDT:USDT,0.8327,27000.0,0.8326,56000.0,0.8328,404000.0,0.833,57000.0
1753591929915,04:52:09.915,bitmex,ADA/USDT:USDT,0.8327,27000.0,0.8326,56000.0,0.8328,404000.0,0.833,8000.0
1753591929988,04:52:09.988,bitmex,ADA/USDT:USDT,0.8327,27000.0,0.8326,56000.0,0.8328,404000.0,0.833,8000.0
1753591930988,04:52:10.988,bitmex,ADA/USDT:USDT,0.8327,27000.0,0.8326,56000.0,0.8328,404000.0,0.833,8000.0
1753591931037,04:52:11.037,bitmex,ADA/USDT:USDT,0.8327,27000.0,0.8326,56000.0,0.8328,404000.0,0.833,8000.0
1753591931120,04:52:11.120,bitmex,ADA/USDT:USDT,0.8327,35000.0,0.8326,56000.0,0.8328,404000.0,0.833,8000.0
1753591931217,04:52:11.217,bitmex,ADA/USDT:USDT,0.8327,27000.0,0.8326,56000.0,0.8328,404000.0,0.833,8000.0
1753591931635,04:52:11.635,bitmex,ADA/USDT:USDT,0.8327,27000.0,0.8326,56000.0,0.8328,404000.0,0.833,8000.0
1753591931849,04:52:11.849,bitmex,ADA/USDT:USDT,0.8326,56000.0,0.8324,8000.0,0.8328,404000.0,0.833,8000.0
1753591931899,04:52:11.899,bitmex,ADA/USDT:USDT,0.8326,56000.0,0.8325,84000.0,0.8328,404000.0,0.833,8000.0
1753591931948,04:52:11.948,bitmex,ADA/USDT:USDT,0.8327,27000.0,0.8326,56000.0,0.8328,404000.0,0.833,8000.0
1753591931997,04:52:11.997,bitmex,ADA/USDT:USDT,0.8327,27000.0,0.8326,64000.0,0.8328,404000.0,0.833,8000.0
1753591932046,04:52:12.046,bitmex,ADA/USDT:USDT,0.8327,27000.0,0.8326,64000.0,0.8328,404000.0,0.833,8000.0
1753591932099,04:52:12.099,bitmex,ADA/USDT:USDT,0.8327,27000.0,0.8326,64000.0,0.8328,404000.0,0.833,8000.0
1753591932148,04:52:12.148,bitmex,ADA/USDT:USDT,0.8327,27000.0,0.8326,56000.0,0.8328,404000.0,0.833,8000.0
1753591932818,04:52:12.818,bitmex,ADA/USDT:USDT,0.8327,27000.0,0.8326,56000.0,0.8328,404000.0,0.833,8000.0
1753591932868,04:52:12.868,bitmex,ADA/USDT:USDT,0.8327,27000.0,0.8326,56000.0,0.8328,404000.0,0.833,8000.0
1753591934302,04:52:14.302,bitmex,ADA/USDT:USDT,0.8327,27000.0,0.8326,56000.0,0.8328,404000.0,0.833,8000.0
1753591934470,04:52:14.470,bitmex,ADA/USDT:USDT,0.8327,27000.0,0.8326,56000.0,0.8328,404000.0,0.833,8000.0
1753591934613,04:52:14.613,bitmex,ADA/USDT:USDT,0.8327,27000.0,0.8326,56000.0,0.8328,404000.0,0.833,8000.0
1753591934822,04:52:14.822,bitmex,ADA/USDT:USDT,0.8327,27000.0,0.8326,56000.0,0.8328,404000.0,0.833,8000.0
1753591935006,04:52:15.006,bitmex,ADA/USDT:USDT,0.8327,27000.0,0.8326,56000.0,0.8328,404000.0,0.833,8000.0
1753591935055,04:52:15.055,bitmex,ADA/USDT:USDT,0.8327,27000.0,0.8326,56000.0,0.8328,404000.0,0.833,8000.0
1753591935132,04:52:15.132,bitmex,ADA/USDT:USDT,0.8327,27000.0,0.8326,56000.0,0.8328,404000.0,0.833,8000.0
1753591935246,04:52:15.246,bitmex,ADA/USDT:USDT,0.8327,27000.0,0.8326,56000.0,0.8328,404000.0,0.833,8000.0
1753591935296,04:52:15.296,bitmex,ADA/USDT:USDT,0.8327,27000.0,0.8326,56000.0,0.833,8000.0,0.8332,58000.0
1753591935345,04:52:15.345,bitmex,ADA/USDT:USDT,0.8327,27000.0,0.8326,56000.0,0.833,8000.0,0.8332,58000.0
1753591935394,04:52:15.394,bitmex,ADA/USDT:USDT,0.8327,27000.0,0.8326,56000.0,0.8329,404000.0,0.833,8000.0
1753591935607,04:52:15.607,bitmex,ADA/USDT:USDT,0.8327,27000.0,0.8326,56000.0,0.8329,404000.0,0.833,8000.0
1753591935656,04:52:15.656,bitmex,ADA/USDT:USDT,0.8327,27000.0,0.8326,56000.0,0.8329,404000.0,0.833,8000.0
1753591936410,04:52:16.410,bitmex,ADA/USDT:USDT,0.8327,27000.0,0.8326,56000.0,0.8329,404000.0,0.833,8000.0
1753591936679,04:52:16.679,bitmex,ADA/USDT:USDT,0.8327,27000.0,0.8326,56000.0,0.8329,404000.0,0.833,8000.0
1753591936905,04:52:16.905,bitmex,ADA/USDT:USDT,0.8327,27000.0,0.8326,56000.0,0.8329,404000.0,0.833,8000.0
1753591936954,04:52:16.954,bitmex,ADA/USDT:USDT,0.8327,27000.0,0.8326,56000.0,0.8329,404000.0,0.833,8000.0
1753591937483,04:52:17.483,bitmex,ADA/USDT:USDT,0.8327,27000.0,0.8326,56000.0,0.8329,404000.0,0.833,8000.0
1753591937532,04:52:17.532,bitmex,ADA/USDT:USDT,0.8327,27000.0,0.8326,56000.0,0.8329,404000.0,0.833,8000.0
1753591937618,04:52:17.618,bitmex,ADA/USDT:USDT,0.8327,27000.0,0.8326,56000.0,0.8329,404000.0,0.833,8000.0
1753591937667,04:52:17.667,bitmex,ADA/USDT:USDT,0.8327,27000.0,0.8326,56000.0,0.8329,404000.0,0.833,8000.0
1753591938126,04:52:18.126,bitmex,ADA/USDT:USDT,0.8327,27000.0,0.8326,56000.0,0.8329,404000.0,0.833,8000.0
1753591938176,04:52:18.176,bitmex,ADA/USDT:USDT,0.8327,27000.0,0.8326,56000.0,0.8329,404000.0,0.833,8000.0
1753591938786,04:52:18.786,bitmex,ADA/USDT:USDT,0.8327,27000.0,0.8326,56000.0,0.8329,404000.0,0.833,8000.0
1753591938835,04:52:18.835,bitmex,ADA/USDT:USDT,0.8327,27000.0,0.8326,56000.0,0.8329,404000.0,0.833,8000.0
1753591939193,04:52:19.193,bitmex,ADA/USDT:USDT,0.8327,27000.0,0.8326,56000.0,0.8329,404000.0,0.833,8000.0
1753591939242,04:52:19.242,bitmex,ADA/USDT:USDT,0.8327,27000.0,0.8326,56000.0,0.8329,404000.0,0.833,8000.0
1753591939806,04:52:19.806,bitmex,ADA/USDT:USDT,0.8327,27000.0,0.8326,56000.0,0.8329,404000.0,0.833,8000.0
1753591939856,04:52:19.856,bitmex,ADA/USDT:USDT,0.8327,27000.0,0.8326,56000.0,0.8329,404000.0,0.833,8000.0
1753591940739,04:52:20.739,bitmex,ADA/USDT:USDT,0.8327,27000.0,0.8326,56000.0,0.8329,404000.0,0.833,8000.0
1753591940788,04:52:20.788,bitmex,ADA/USDT:USDT,0.8328,27000.0,0.8327,84000.0,0.8329,404000.0,0.833,8000.0
1753591940873,04:52:20.873,bitmex,ADA/USDT:USDT,0.8328,27000.0,0.8327,84000.0,0.8329,404000.0,0.833,8000.0
1753591941087,04:52:21.087,bitmex,ADA/USDT:USDT,0.8328,27000.0,0.8327,84000.0,0.8329,404000.0,0.833,8000.0
1753591941138,04:52:21.138,bitmex,ADA/USDT:USDT,0.8328,27000.0,0.8327,84000.0,0.8329,404000.0,0.833,8000.0
1753591941187,04:52:21.187,bitmex,ADA/USDT:USDT,0.8328,27000.0,0.8327,84000.0,0.8329,404000.0,0.833,8000.0
1753591941507,04:52:21.507,bitmex,ADA/USDT:USDT,0.8328,27000.0,0.8327,84000.0,0.8329,404000.0,0.833,8000.0
1753591941739,04:52:21.739,bitmex,ADA/USDT:USDT,0.8328,27000.0,0.8327,84000.0,0.8329,404000.0,0.833,8000.0
1753591942024,04:52:22.024,bitmex,ADA/USDT:USDT,0.8328,27000.0,0.8327,84000.0,0.8329,404000.0,0.833,8000.0
1753591942418,04:52:22.418,bitmex,ADA/USDT:USDT,0.8328,27000.0,0.8327,84000.0,0.8329,404000.0,0.833,8000.0
1753591942468,04:52:22.468,bitmex,ADA/USDT:USDT,0.8328,27000.0,0.8327,84000.0,0.8329,404000.0,0.833,8000.0
1753591942787,04:52:22.787,bitmex,ADA/USDT:USDT,0.8328,27000.0,0.8327,84000.0,0.8329,404000.0,0.833,8000.0
1753591943174,04:52:23.174,bitmex,ADA/USDT:USDT,0.8328,27000.0,0.8327,84000.0,0.8329,404000.0,0.833,8000.0
1753591943223,04:52:23.223,bitmex,ADA/USDT:USDT,0.8328,35000.0,0.8327,84000.0,0.8329,404000.0,0.8331,8000.0
1753591943272,04:52:23.272,bitmex,ADA/USDT:USDT,0.8328,35000.0,0.8327,84000.0,0.8329,404000.0,0.8331,8000.0
1753591943321,04:52:23.321,bitmex,ADA/USDT:USDT,0.8328,35000.0,0.8327,84000.0,0.8329,404000.0,0.8331,8000.0
1753591943370,04:52:23.370,bitmex,ADA/USDT:USDT,0.8328,35000.0,0.8327,84000.0,0.8329,404000.0,0.8331,8000.0
1753591943419,04:52:23.419,bitmex,ADA/USDT:USDT,0.8328,35000.0,0.8327,84000.0,0.8329,404000.0,0.8332,57000.0
1753591943505,04:52:23.505,bitmex,ADA/USDT:USDT,0.8328,35000.0,0.8327,84000.0,0.8329,404000.0,0.8331,8000.0
1753591943572,04:52:23.572,bitmex,ADA/USDT:USDT,0.8328,27000.0,0.8327,84000.0,0.8329,404000.0,0.8331,8000.0
1753591943622,04:52:23.622,bitmex,ADA/USDT:USDT,0.8328,27000.0,0.8327,84000.0,0.8329,404000.0,0.8331,8000.0
1753591943757,04:52:23.757,bitmex,ADA/USDT:USDT,0.8328,27000.0,0.8327,84000.0,0.8329,404000.0,0.8331,8000.0
1753591943937,04:52:23.937,bitmex,ADA/USDT:USDT,0.8328,27000.0,0.8327,84000.0,0.8329,404000.0,0.8331,8000.0
1753591944011,04:52:24.011,bitmex,ADA/USDT:USDT,0.8328,27000.0,0.8327,84000.0,0.8329,404000.0,0.8331,8000.0
1753591944090,04:52:24.090,bitmex,ADA/USDT:USDT,0.8328,27000.0,0.8327,84000.0,0.8329,404000.0,0.8331,8000.0
1753591944140,04:52:24.140,bitmex,ADA/USDT:USDT,0.8328,27000.0,0.8327,84000.0,0.8329,404000.0,0.8331,8000.0
1753591944960,04:52:24.960,bitmex,ADA/USDT:USDT,0.8328,35000.0,0.8327,84000.0,0.8329,404000.0,0.8331,8000.0
1753591945009,04:52:25.009,bitmex,ADA/USDT:USDT,0.8329,56000.0,0.8328,35000.0,0.833,40000.0,0.8332,8000.0
1753591945058,04:52:25.058,bitmex,ADA/USDT:USDT,0.8329,56000.0,0.8328,35000.0,0.833,40000.0,0.8332,8000.0
1753591945107,04:52:25.107,bitmex,ADA/USDT:USDT,0.8329,56000.0,0.8328,35000.0,0.833,40000.0,0.8332,8000.0
1753591945156,04:52:25.156,bitmex,ADA/USDT:USDT,0.8329,56000.0,0.8328,35000.0,0.833,444000.0,0.8332,8000.0
1753591945205,04:52:25.205,bitmex,ADA/USDT:USDT,0.8329,56000.0,0.8328,35000.0,0.833,444000.0,0.8332,8000.0
1753591945254,04:52:25.254,bitmex,ADA/USDT:USDT,0.8329,56000.0,0.8328,35000.0,0.833,444000.0,0.8332,8000.0
1753591945342,04:52:25.342,bitmex,ADA/USDT:USDT,0.8329,56000.0,0.8328,35000.0,0.833,444000.0,0.8332,8000.0
1753591945426,04:52:25.426,bitmex,ADA/USDT:USDT,0.8329,56000.0,0.8328,35000.0,0.833,444000.0,0.8332,8000.0
1753591945521,04:52:25.521,bitmex,ADA/USDT:USDT,0.8329,56000.0,0.8328,35000.0,0.833,444000.0,0.8332,8000.0
1753591945571,04:52:25.571,bitmex,ADA/USDT:USDT,0.8329,56000.0,0.8328,35000.0,0.833,444000.0,0.8332,8000.0
1753591945695,04:52:25.695,bitmex,ADA/USDT:USDT,0.8329,56000.0,0.8328,35000.0,0.833,444000.0,0.8332,8000.0
1753591946533,04:52:26.533,bitmex,ADA/USDT:USDT,0.8329,56000.0,0.8328,27000.0,0.833,444000.0,0.8332,8000.0
1753591946583,04:52:26.583,bitmex,ADA/USDT:USDT,0.8326,27000.0,0.8325,8000.0,0.8329,8000.0,0.833,444000.0
1753591946632,04:52:26.632,bitmex,ADA/USDT:USDT,0.8326,35000.0,0.8325,92000.0,0.8329,8000.0,0.833,404000.0
1753591946788,04:52:26.788,bitmex,ADA/USDT:USDT,0.8326,35000.0,0.8325,92000.0,0.8329,8000.0,0.833,404000.0
1753591947004,04:52:27.004,bitmex,ADA/USDT:USDT,0.8326,35000.0,0.8325,92000.0,0.8329,8000.0,0.833,404000.0
1753591947439,04:52:27.439,bitmex,ADA/USDT:USDT,0.8326,35000.0,0.8325,92000.0,0.8329,8000.0,0.833,404000.0
1753591947701,04:52:27.701,bitmex,ADA/USDT:USDT,0.8326,35000.0,0.8325,92000.0,0.8329,8000.0,0.833,404000.0
1753591948090,04:52:28.090,bitmex,ADA/USDT:USDT,0.8326,35000.0,0.8325,92000.0,0.8329,8000.0,0.833,404000.0
1753591948139,04:52:28.139,bitmex,ADA/USDT:USDT,0.8326,35000.0,0.8325,92000.0,0.8329,8000.0,0.833,404000.0
1753591948350,04:52:28.350,bitmex,ADA/USDT:USDT,0.8326,35000.0,0.8325,92000.0,0.8329,8000.0,0.833,404000.0
1753591948618,04:52:28.618,bitmex,ADA/USDT:USDT,0.8326,35000.0,0.8325,92000.0,0.8329,8000.0,0.833,404000.0
1753591948667,04:52:28.667,bitmex,ADA/USDT:USDT,0.8326,35000.0,0.8325,92000.0,0.8329,8000.0,0.833,404000.0
1753591949138,04:52:29.138,bitmex,ADA/USDT:USDT,0.8326,35000.0,0.8325,92000.0,0.8329,8000.0,0.833,404000.0
1753591949187,04:52:29.187,bitmex,ADA/USDT:USDT,0.8326,35000.0,0.8325,92000.0,0.8329,8000.0,0.833,404000.0
1753591949236,04:52:29.236,bitmex,ADA/USDT:USDT,0.8326,27000.0,0.8325,92000.0,0.8329,8000.0,0.833,404000.0
1753591949858,04:52:29.858,bitmex,ADA/USDT:USDT,0.8326,27000.0,0.8325,92000.0,0.8329,8000.0,0.833,404000.0
1753591949907,04:52:29.907,bitmex,ADA/USDT:USDT,0.8326,27000.0,0.8325,84000.0,0.8329,8000.0,0.833,404000.0
1753591949956,04:52:29.956,bitmex,ADA/USDT:USDT,0.8326,27000.0,0.8325,84000.0,0.8329,8000.0,0.833,404000.0
1753591950006,04:52:30.006,bitmex,ADA/USDT:USDT,0.8323,8000.0,0.8322,147000.0,0.8329,8000.0,0.833,404000.0
1753591950056,04:52:30.056,bitmex,ADA/USDT:USDT,0.8323,8000.0,0.8322,147000.0,0.8329,8000.0,0.833,405000.0
1753591950105,04:52:30.105,bitmex,ADA/USDT:USDT,0.8323,8000.0,0.8322,147000.0,0.8329,8000.0,0.833,405000.0
1753591950154,04:52:30.154,bitmex,ADA/USDT:USDT,0.8323,8000.0,0.8322,147000.0,0.8329,8000.0,0.833,405000.0
1753591950276,04:52:30.276,bitmex,ADA/USDT:USDT,0.8323,8000.0,0.8322,147000.0,0.8329,8000.0,0.833,1000.0
1753591950546,04:52:30.546,bitmex,ADA/USDT:USDT,0.8326,27000.0,0.8325,92000.0,0.8327,404000.0,0.8329,8000.0
1753591950822,04:52:30.822,bitmex,ADA/USDT:USDT,0.8326,27000.0,0.8325,92000.0,0.8327,404000.0,0.8329,8000.0
1753591951059,04:52:31.059,bitmex,ADA/USDT:USDT,0.8326,27000.0,0.8325,84000.0,0.8327,404000.0,0.8329,8000.0
1753591951124,04:52:31.124,bitmex,ADA/USDT:USDT,0.8326,27000.0,0.8325,84000.0,0.8327,404000.0,0.8329,8000.0
1753591951173,04:52:31.173,bitmex,ADA/USDT:USDT,0.8326,27000.0,0.8325,84000.0,0.8327,404000.0,0.8329,8000.0
1753591951247,04:52:31.247,bitmex,ADA/USDT:USDT,0.8326,27000.0,0.8325,84000.0,0.8327,404000.0,0.8329,8000.0
1753591951296,04:52:31.296,bitmex,ADA/USDT:USDT,0.8325,56000.0,0.8324,92000.0,0.8327,404000.0,0.8329,8000.0
1753591951375,04:52:31.375,bitmex,ADA/USDT:USDT,0.8325,56000.0,0.8324,92000.0,0.8327,404000.0,0.8329,8000.0
1753591951667,04:52:31.667,bitmex,ADA/USDT:USDT,0.8325,56000.0,0.8324,92000.0,0.8327,404000.0,0.8329,8000.0
1753591951825,04:52:31.825,bitmex,ADA/USDT:USDT,0.8326,27000.0,0.8325,56000.0,0.8327,404000.0,0.8329,8000.0
1753591951874,04:52:31.874,bitmex,ADA/USDT:USDT,0.8326,27000.0,0.8325,56000.0,0.8327,404000.0,0.8329,8000.0
1753591951923,04:52:31.923,bitmex,ADA/USDT:USDT,0.8326,27000.0,0.8325,56000.0,0.8327,404000.0,0.8329,8000.0
1753591951972,04:52:31.972,bitmex,ADA/USDT:USDT,0.8326,27000.0,0.8325,56000.0,0.8327,404000.0,0.8329,8000.0
1753591952021,04:52:32.021,bitmex,ADA/USDT:USDT,0.8326,27000.0,0.8325,56000.0,0.8327,404000.0,0.8329,8000.0
1753591952099,04:52:32.099,bitmex,ADA/USDT:USDT,0.8326,27000.0,0.8325,56000.0,0.8327,404000.0,0.8329,8000.0
1753591952148,04:52:32.148,bitmex,ADA/USDT:USDT,0.8326,27000.0,0.8325,56000.0,0.8327,404000.0,0.8329,8000.0
1753591952455,04:52:32.455,bitmex,ADA/USDT:USDT,0.8326,27000.0,0.8325,56000.0,0.8327,404000.0,0.8329,8000.0
1753591952505,04:52:32.505,bitmex,ADA/USDT:USDT,0.8326,27000.0,0.8325,56000.0,0.8327,404000.0,0.8329,8000.0
1753591952701,04:52:32.701,bitmex,ADA/USDT:USDT,0.8325,56000.0,0.8323,8000.0,0.8327,404000.0,0.8329,8000.0
1753591952750,04:52:32.750,bitmex,ADA/USDT:USDT,0.8325,56000.0,0.8324,84000.0,0.8327,404000.0,0.8329,8000.0
1753591952839,04:52:32.839,bitmex,ADA/USDT:USDT,0.8325,56000.0,0.8324,84000.0,0.8327,404000.0,0.8329,8000.0
1753591953418,04:52:33.418,bitmex,ADA/USDT:USDT,0.8325,56000.0,0.8324,84000.0,0.8327,404000.0,0.8329,8000.0
1753591953468,04:52:33.468,bitmex,ADA/USDT:USDT,0.8325,56000.0,0.8324,84000.0,0.8327,404000.0,0.8329,8000.0
1753591954188,04:52:34.188,bitmex,ADA/USDT:USDT,0.8325,56000.0,0.8324,84000.0,0.8327,404000.0,0.8329,8000.0
1753591954238,04:52:34.238,bitmex,ADA/USDT:USDT,0.8325,56000.0,0.8324,84000.0,0.8327,404000.0,0.8329,8000.0
1753591954588,04:52:34.588,bitmex,ADA/USDT:USDT,0.8325,56000.0,0.8324,84000.0,0.8327,404000.0,0.8329,8000.0
1753591954638,04:52:34.638,bitmex,ADA/USDT:USDT,0.8325,56000.0,0.8324,84000.0,0.8327,404000.0,0.8329,8000.0
1753591955037,04:52:35.037,bitmex,ADA/USDT:USDT,0.8325,56000.0,0.8324,84000.0,0.8327,404000.0,0.8329,8000.0
1753591955087,04:52:35.087,bitmex,ADA/USDT:USDT,0.8326,27000.0,0.8325,56000.0,0.8327,404000.0,0.8329,8000.0
1753591955136,04:52:35.136,bitmex,ADA/USDT:USDT,0.8326,27000.0,0.8325,56000.0,0.8327,404000.0,0.8329,8000.0
1753591955268,04:52:35.268,bitmex,ADA/USDT:USDT,0.8326,27000.0,0.8325,56000.0,0.8327,404000.0,0.8329,8000.0
1753591955579,04:52:35.579,bitmex,ADA/USDT:USDT,0.8326,27000.0,0.8325,56000.0,0.8327,404000.0,0.8329,8000.0
1753591955629,04:52:35.629,bitmex,ADA/USDT:USDT,0.8326,27000.0,0.8325,56000.0,0.8327,404000.0,0.8329,8000.0
1753591955940,04:52:35.940,bitmex,ADA/USDT:USDT,0.8326,27000.0,0.8325,56000.0,0.8327,404000.0,0.8329,8000.0
1753591955989,04:52:35.989,bitmex,ADA/USDT:USDT,0.8326,27000.0,0.8325,56000.0,0.8327,404000.0,0.8329,8000.0
1753591956989,04:52:36.989,bitmex,ADA/USDT:USDT,0.8326,27000.0,0.8325,56000.0,0.8327,404000.0,0.8329,8000.0
1753591957038,04:52:37.038,bitmex,ADA/USDT:USDT,0.8326,27000.0,0.8325,56000.0,0.8327,404000.0,0.8329,8000.0
1753591957147,04:52:37.147,bitmex,ADA/USDT:USDT,0.8326,27000.0,0.8325,56000.0,0.8327,404000.0,0.8329,8000.0
1753591958219,04:52:38.219,bitmex,ADA/USDT:USDT,0.8326,27000.0,0.8325,56000.0,0.8327,404000.0,0.8329,8000.0
1753591958269,04:52:38.269,bitmex,ADA/USDT:USDT,0.8326,27000.0,0.8325,56000.0,0.8327,404000.0,0.8329,8000.0
1753591958322,04:52:38.322,bitmex,ADA/USDT:USDT,0.8325,56000.0,0.8323,8000.0,0.8326,27000.0,0.8327,404000.0
1753591958371,04:52:38.371,bitmex,ADA/USDT:USDT,0.8326,27000.0,0.8325,56000.0,0.8327,404000.0,0.8329,8000.0
1753591958521,04:52:38.521,bitmex,ADA/USDT:USDT,0.8326,27000.0,0.8325,56000.0,0.8327,404000.0,0.8329,8000.0
1753591958571,04:52:38.571,bitmex,ADA/USDT:USDT,0.8326,27000.0,0.8325,56000.0,0.8327,404000.0,0.8329,8000.0
1753591959738,04:52:39.738,bitmex,ADA/USDT:USDT,0.8326,27000.0,0.8325,56000.0,0.8327,404000.0,0.8329,8000.0
1753591959788,04:52:39.788,bitmex,ADA/USDT:USDT,0.8326,35000.0,0.8325,56000.0,0.8327,404000.0,0.833,8000.0
1753591959839,04:52:39.839,bitmex,ADA/USDT:USDT,0.8328,27000.0,0.8327,84000.0,0.833,8000.0,0.8331,50000.0
1753591959888,04:52:39.888,bitmex,ADA/USDT:USDT,0.8328,27000.0,0.8327,84000.0,0.8329,404000.0,0.833,8000.0
1753591959937,04:52:39.937,bitmex,ADA/USDT:USDT,0.8328,27000.0,0.8327,84000.0,0.8329,404000.0,0.833,8000.0
1753591959989,04:52:39.989,bitmex,ADA/USDT:USDT,0.8328,27000.0,0.8327,84000.0,0.8329,404000.0,0.833,8000.0
1753591960039,04:52:40.039,bitmex,ADA/USDT:USDT,0.8328,27000.0,0.8327,84000.0,0.8329,404000.0,0.833,8000.0
1753591960088,04:52:40.088,bitmex,ADA/USDT:USDT,0.8328,27000.0,0.8327,84000.0,0.8329,404000.0,0.833,8000.0
1753591960137,04:52:40.137,bitmex,ADA/USDT:USDT,0.8328,27000.0,0.8327,84000.0,0.8329,404000.0,0.833,8000.0
1753591960577,04:52:40.577,bitmex,ADA/USDT:USDT,0.8328,27000.0,0.8327,84000.0,0.8329,404000.0,0.833,8000.0
1753591960841,04:52:40.841,bitmex,ADA/USDT:USDT,0.8328,27000.0,0.8327,84000.0,0.8329,404000.0,0.833,8000.0
1753591961238,04:52:41.238,bitmex,ADA/USDT:USDT,0.8328,27000.0,0.8327,84000.0,0.8329,404000.0,0.833,8000.0
1753591961288,04:52:41.288,bitmex,ADA/USDT:USDT,0.8327,56000.0,0.8322,8000.0,0.8328,27000.0,0.8329,404000.0
1753591961337,04:52:41.337,bitmex,ADA/USDT:USDT,0.8327,56000.0,0.8326,84000.0,0.8328,27000.0,0.8329,404000.0
1753591961386,04:52:41.386,bitmex,ADA/USDT:USDT,0.8326,56000.0,0.8325,84000.0,0.8328,27000.0,0.8329,404000.0
1753591961585,04:52:41.585,bitmex,ADA/USDT:USDT,0.8326,56000.0,0.8325,84000.0,0.8328,27000.0,0.8329,404000.0
1753591961634,04:52:41.634,bitmex,ADA/USDT:USDT,0.8326,56000.0,0.8325,84000.0,0.8328,35000.0,0.8329,404000.0
1753591961723,04:52:41.723,bitmex,ADA/USDT:USDT,0.8326,56000.0,0.8325,84000.0,0.8328,27000.0,0.8329,404000.0
1753591961981,04:52:41.981,bitmex,ADA/USDT:USDT,0.8326,56000.0,0.8325,84000.0,0.8328,27000.0,0.8329,404000.0
1753591962030,04:52:42.030,bitmex,ADA/USDT:USDT,0.8327,27000.0,0.8326,56000.0,0.8329,404000.0,0.833,8000.0
1753591962360,04:52:42.360,bitmex,ADA/USDT:USDT,0.8327,27000.0,0.8326,56000.0,0.8329,404000.0,0.833,8000.0
1753591962537,04:52:42.537,bitmex,ADA/USDT:USDT,0.8327,27000.0,0.8326,56000.0,0.8329,404000.0,0.833,8000.0
1753591962586,04:52:42.586,bitmex,ADA/USDT:USDT,0.8327,27000.0,0.8326,56000.0,0.8329,404000.0,0.833,8000.0
1753591963019,04:52:43.019,bitmex,ADA/USDT:USDT,0.8327,27000.0,0.8326,56000.0,0.8329,404000.0,0.833,8000.0
1753591963069,04:52:43.069,bitmex,ADA/USDT:USDT,0.8327,27000.0,0.8326,56000.0,0.8329,404000.0,0.833,8000.0
1753591963239,04:52:43.239,bitmex,ADA/USDT:USDT,0.8327,27000.0,0.8326,56000.0,0.8329,404000.0,0.833,8000.0
1753591963289,04:52:43.289,bitmex,ADA/USDT:USDT,0.8327,27000.0,0.8326,56000.0,0.8329,404000.0,0.833,8000.0
1753591963937,04:52:43.937,bitmex,ADA/USDT:USDT,0.8327,27000.0,0.8326,56000.0,0.8329,404000.0,0.833,8000.0
1753591963987,04:52:43.987,bitmex,ADA/USDT:USDT,0.8327,27000.0,0.8326,56000.0,0.8329,404000.0,0.833,8000.0
1753591964260,04:52:44.260,bitmex,ADA/USDT:USDT,0.8327,27000.0,0.8326,56000.0,0.8329,404000.0,0.833,8000.0
1753591965349,04:52:45.349,bitmex,ADA/USDT:USDT,0.8328,27000.0,0.8327,27000.0,0.8329,404000.0,0.833,8000.0
1753591965399,04:52:45.399,bitmex,ADA/USDT:USDT,0.8328,27000.0,0.8327,92000.0,0.8329,404000.0,0.833,8000.0
1753591965448,04:52:45.448,bitmex,ADA/USDT:USDT,0.8328,27000.0,0.8327,92000.0,0.8329,404000.0,0.833,8000.0
1753591966288,04:52:46.288,bitmex,ADA/USDT:USDT,0.8328,27000.0,0.8327,92000.0,0.8329,404000.0,0.833,8000.0
1753591966337,04:52:46.337,bitmex,ADA/USDT:USDT,0.8328,27000.0,0.8327,92000.0,0.8329,404000.0,0.833,8000.0
1753591967263,04:52:47.263,bitmex,ADA/USDT:USDT,0.8328,27000.0,0.8327,92000.0,0.8329,404000.0,0.833,8000.0
1753591967312,04:52:47.312,bitmex,ADA/USDT:USDT,0.8328,27000.0,0.8327,92000.0,0.8329,404000.0,0.833,8000.0
1753591967367,04:52:47.367,bitmex,ADA/USDT:USDT,0.8328,27000.0,0.8327,92000.0,0.8329,404000.0,0.833,8000.0
1753591967819,04:52:47.819,bitmex,ADA/USDT:USDT,0.8328,27000.0,0.8327,92000.0,0.8329,404000.0,0.833,8000.0
1753591967869,04:52:47.869,bitmex,ADA/USDT:USDT,0.8328,27000.0,0.8327,92000.0,0.8329,404000.0,0.833,8000.0
1753591968066,04:52:48.066,bitmex,ADA/USDT:USDT,0.8328,27000.0,0.8327,92000.0,0.8329,404000.0,0.833,8000.0
1753591968115,04:52:48.115,bitmex,ADA/USDT:USDT,0.8328,27000.0,0.8327,92000.0,0.8329,404000.0,0.833,8000.0
1753591968164,04:52:48.164,bitmex,ADA/USDT:USDT,0.8328,27000.0,0.8327,92000.0,0.8329,404000.0,0.8331,49000.0
1753591968291,04:52:48.291,bitmex,ADA/USDT:USDT,0.8328,27000.0,0.8327,92000.0,0.8329,404000.0,0.833,8000.0
1753591968353,04:52:48.353,bitmex,ADA/USDT:USDT,0.8328,27000.0,0.8327,92000.0,0.8329,404000.0,0.833,8000.0
1753591968402,04:52:48.402,bitmex,ADA/USDT:USDT,0.8328,27000.0,0.8327,92000.0,0.8329,404000.0,0.833,8000.0
1753591968487,04:52:48.487,bitmex,ADA/USDT:USDT,0.8328,27000.0,0.8327,92000.0,0.8329,404000.0,0.8331,49000.0
1753591968557,04:52:48.557,bitmex,ADA/USDT:USDT,0.8328,35000.0,0.8327,92000.0,0.8329,404000.0,0.8331,49000.0
1753591968606,04:52:48.606,bitmex,ADA/USDT:USDT,0.8328,35000.0,0.8327,92000.0,0.8329,404000.0,0.8331,49000.0
1753591968664,04:52:48.664,bitmex,ADA/USDT:USDT,0.8328,35000.0,0.8327,92000.0,0.8329,404000.0,0.8331,49000.0
1753591968965,04:52:48.965,bitmex,ADA/USDT:USDT,0.8328,35000.0,0.8327,92000.0,0.8329,404000.0,0.8331,49000.0
1753591969014,04:52:49.014,bitmex,ADA/USDT:USDT,0.8328,35000.0,0.8327,92000.0,0.8329,404000.0,0.8331,49000.0
1753591969089,04:52:49.089,bitmex,ADA/USDT:USDT,0.8328,35000.0,0.8327,92000.0,0.8329,404000.0,0.8331,49000.0
1753591969178,04:52:49.178,bitmex,ADA/USDT:USDT,0.8328,35000.0,0.8327,92000.0,0.8329,404000.0,0.8333,8000.0
1753591969227,04:52:49.227,bitmex,ADA/USDT:USDT,0.8328,35000.0,0.8327,92000.0,0.8329,404000.0,0.8333,8000.0
1753591969543,04:52:49.543,bitmex,ADA/USDT:USDT,0.8328,35000.0,0.8327,92000.0,0.8329,404000.0,0.8333,8000.0
1753591969831,04:52:49.831,bitmex,ADA/USDT:USDT,0.8328,35000.0,0.8327,92000.0,0.8329,404000.0,0.8333,8000.0
1753591969880,04:52:49.880,bitmex,ADA/USDT:USDT,0.8328,35000.0,0.8327,92000.0,0.8329,404000.0,0.8333,8000.0
1753591970088,04:52:50.088,bitmex,ADA/USDT:USDT,0.8328,35000.0,0.8327,92000.0,0.8329,404000.0,0.8333,8000.0
1753591970137,04:52:50.137,bitmex,ADA/USDT:USDT,0.8328,35000.0,0.8327,92000.0,0.8329,404000.0,0.8333,8000.0
1753591970318,04:52:50.318,bitmex,ADA/USDT:USDT,0.8328,35000.0,0.8327,92000.0,0.8329,404000.0,0.8333,8000.0
1753591970367,04:52:50.367,bitmex,ADA/USDT:USDT,0.8328,35000.0,0.8327,92000.0,0.8329,404000.0,0.8333,8000.0
1753591971136,04:52:51.136,bitmex,ADA/USDT:USDT,0.8328,35000.0,0.8327,92000.0,0.8329,404000.0,0.8333,8000.0
1753591971185,04:52:51.185,bitmex,ADA/USDT:USDT,0.8328,35000.0,0.8327,92000.0,0.8329,404000.0,0.8333,8000.0
