timestamp,time,exchange,symbol,bid1_price,bid1_volume,bid2_price,bid2_volume,ask1_price,ask1_volume,ask2_price,ask2_volume
1753591883629,04:51:23.629,binance,AAVE/USDT:USDT,296.51,9.8,296.5,4.9,296.52,15.9,296.53,0.6
1753591883730,04:51:23.730,binance,AAVE/USDT:USDT,296.51,9.8,296.5,4.9,296.52,15.9,296.53,0.6
1753591883832,04:51:23.832,binance,AAVE/USDT:USDT,296.51,9.8,296.5,4.9,296.52,15.9,296.53,0.6
1753591883935,04:51:23.935,binance,AAVE/USDT:USDT,296.51,8.0,296.5,4.9,296.52,15.9,296.53,0.6
1753591884087,04:51:24.087,binance,AAVE/USDT:USDT,296.51,8.0,296.5,4.9,296.52,15.9,296.53,1.4
1753591884190,04:51:24.190,binance,AAVE/USDT:USDT,296.51,7.8,296.5,4.9,296.52,15.9,296.53,1.4
1753591884293,04:51:24.293,binance,AAVE/USDT:USDT,296.51,7.8,296.5,4.9,296.52,14.4,296.53,0.6
1753591884396,04:51:24.396,binance,AAVE/USDT:USDT,296.51,7.8,296.5,4.9,296.52,14.4,296.53,0.6
1753591885021,04:51:25.021,binance,AAVE/USDT:USDT,296.51,13.6,296.5,25.0,296.52,3.1,296.53,0.6
1753591885124,04:51:25.124,binance,AAVE/USDT:USDT,296.51,13.6,296.5,25.0,296.52,9.2,296.53,0.6
1753591885225,04:51:25.225,binance,AAVE/USDT:USDT,296.51,11.9,296.5,4.5,296.52,10.3,296.53,1.4
1753591885327,04:51:25.327,binance,AAVE/USDT:USDT,296.51,11.9,296.5,4.5,296.52,10.4,296.53,0.6
1753591885431,04:51:25.431,binance,AAVE/USDT:USDT,296.51,12.0,296.5,4.5,296.52,11.1,296.53,0.6
1753591885555,04:51:25.555,binance,AAVE/USDT:USDT,296.51,12.0,296.5,6.5,296.52,11.1,296.53,0.6
1753591885658,04:51:25.658,binance,AAVE/USDT:USDT,296.51,12.0,296.5,6.5,296.52,11.1,296.53,0.6
1753591885761,04:51:25.761,binance,AAVE/USDT:USDT,296.51,12.0,296.5,6.5,296.52,11.1,296.53,0.6
1753591885865,04:51:25.865,binance,AAVE/USDT:USDT,296.51,12.0,296.5,6.5,296.52,11.1,296.53,0.6
1753591885968,04:51:25.968,binance,AAVE/USDT:USDT,296.51,12.0,296.5,6.5,296.52,11.1,296.53,0.6
1753591886293,04:51:26.293,binance,AAVE/USDT:USDT,296.51,2.4,296.5,6.5,296.52,14.6,296.53,12.4
1753591886441,04:51:26.441,binance,AAVE/USDT:USDT,296.51,2.4,296.5,6.5,296.52,14.6,296.53,12.4
1753591886601,04:51:26.601,binance,AAVE/USDT:USDT,296.51,2.4,296.5,6.5,296.52,14.6,296.53,12.4
1753591886702,04:51:26.702,binance,AAVE/USDT:USDT,296.51,2.4,296.5,6.5,296.52,14.6,296.53,12.4
1753591887071,04:51:27.071,binance,AAVE/USDT:USDT,296.51,3.9,296.5,2.2,296.52,18.9,296.53,12.4
1753591887423,04:51:27.423,binance,AAVE/USDT:USDT,296.51,3.9,296.5,2.2,296.52,18.9,296.53,7.6
1753591887526,04:51:27.526,binance,AAVE/USDT:USDT,296.51,3.9,296.5,2.2,296.52,18.9,296.53,0.6
1753591887631,04:51:27.631,binance,AAVE/USDT:USDT,296.51,4.1,296.5,2.2,296.52,18.9,296.53,0.6
1753591887734,04:51:27.734,binance,AAVE/USDT:USDT,296.51,4.1,296.5,2.2,296.52,18.9,296.53,0.6
1753591887902,04:51:27.902,binance,AAVE/USDT:USDT,296.51,4.1,296.5,2.2,296.52,18.9,296.53,0.6
1753591888678,04:51:28.678,binance,AAVE/USDT:USDT,296.51,4.1,296.5,2.2,296.52,18.9,296.53,0.6
1753591888968,04:51:28.968,binance,AAVE/USDT:USDT,296.51,4.1,296.5,2.2,296.52,18.9,296.53,5.6
1753591889069,04:51:29.069,binance,AAVE/USDT:USDT,296.51,4.1,296.5,2.2,296.52,19.0,296.53,12.5
1753591889172,04:51:29.172,binance,AAVE/USDT:USDT,296.51,3.9,296.5,2.2,296.52,19.0,296.53,17.7
1753591889643,04:51:29.643,binance,AAVE/USDT:USDT,296.51,4.1,296.5,2.2,296.52,19.0,296.53,17.7
1753591889834,04:51:29.834,binance,AAVE/USDT:USDT,296.51,4.1,296.5,2.2,296.52,19.0,296.53,9.5
1753591889936,04:51:29.936,binance,AAVE/USDT:USDT,296.51,5.6,296.5,13.8,296.52,18.9,296.53,0.6
1753591890038,04:51:30.038,binance,AAVE/USDT:USDT,296.51,5.6,296.5,8.3,296.52,18.9,296.53,0.6
1753591890141,04:51:30.141,binance,AAVE/USDT:USDT,296.51,4.1,296.5,8.3,296.52,18.9,296.53,0.6
1753591890317,04:51:30.317,binance,AAVE/USDT:USDT,296.51,4.1,296.5,8.3,296.52,18.9,296.53,0.6
1753591890449,04:51:30.449,binance,AAVE/USDT:USDT,296.51,4.1,296.5,8.3,296.52,18.9,296.53,0.6
1753591890570,04:51:30.570,binance,AAVE/USDT:USDT,296.51,4.1,296.5,8.3,296.52,18.9,296.53,0.6
1753591890673,04:51:30.673,binance,AAVE/USDT:USDT,296.51,5.6,296.5,8.3,296.52,18.9,296.53,0.6
1753591890813,04:51:30.813,binance,AAVE/USDT:USDT,296.51,9.1,296.5,13.5,296.52,14.6,296.53,0.6
1753591890917,04:51:30.917,binance,AAVE/USDT:USDT,296.51,9.1,296.5,13.5,296.52,14.6,296.53,0.6
1753591891023,04:51:31.023,binance,AAVE/USDT:USDT,296.51,9.1,296.5,13.5,296.52,14.6,296.53,0.6
1753591891126,04:51:31.126,binance,AAVE/USDT:USDT,296.51,9.1,296.5,8.3,296.52,14.6,296.53,0.6
1753591891231,04:51:31.231,binance,AAVE/USDT:USDT,296.51,9.1,296.5,8.3,296.52,14.6,296.53,0.6
1753591891334,04:51:31.334,binance,AAVE/USDT:USDT,296.51,10.7,296.5,17.8,296.52,8.5,296.53,0.6
1753591891436,04:51:31.436,binance,AAVE/USDT:USDT,296.51,14.7,296.5,21.8,296.52,8.5,296.53,0.6
1753591891563,04:51:31.563,binance,AAVE/USDT:USDT,296.51,14.7,296.5,21.8,296.52,8.5,296.53,0.6
1753591891666,04:51:31.666,binance,AAVE/USDT:USDT,296.51,14.7,296.5,21.8,296.52,8.5,296.53,0.6
1753591891820,04:51:31.820,binance,AAVE/USDT:USDT,296.51,14.7,296.5,21.8,296.52,8.5,296.53,0.6
1753591891980,04:51:31.980,binance,AAVE/USDT:USDT,296.51,14.7,296.5,21.8,296.52,8.5,296.53,0.6
1753591892084,04:51:32.084,binance,AAVE/USDT:USDT,296.51,14.7,296.5,21.8,296.52,8.5,296.53,0.6
1753591892187,04:51:32.187,binance,AAVE/USDT:USDT,296.51,14.7,296.5,21.8,296.52,8.6,296.53,0.6
1753591892325,04:51:32.325,binance,AAVE/USDT:USDT,296.51,14.7,296.5,21.8,296.52,8.6,296.53,0.6
1753591892428,04:51:32.428,binance,AAVE/USDT:USDT,296.51,14.7,296.5,21.8,296.52,7.9,296.53,0.6
1753591892531,04:51:32.531,binance,AAVE/USDT:USDT,296.51,23.8,296.5,29.9,296.52,6.7,296.53,0.6
1753591892635,04:51:32.635,binance,AAVE/USDT:USDT,296.51,23.8,296.5,29.9,296.52,6.7,296.53,0.6
1753591892752,04:51:32.752,binance,AAVE/USDT:USDT,296.51,23.8,296.5,19.8,296.52,6.7,296.53,0.6
1753591892855,04:51:32.855,binance,AAVE/USDT:USDT,296.51,22.3,296.5,14.2,296.52,6.7,296.53,0.6
1753591892957,04:51:32.957,binance,AAVE/USDT:USDT,296.51,22.3,296.5,14.2,296.52,6.7,296.53,0.6
1753591893061,04:51:33.061,binance,AAVE/USDT:USDT,296.51,22.3,296.5,14.2,296.52,6.7,296.53,0.6
1753591893164,04:51:33.164,binance,AAVE/USDT:USDT,296.51,22.3,296.5,14.2,296.52,6.7,296.53,0.6
1753591893268,04:51:33.268,binance,AAVE/USDT:USDT,296.51,22.3,296.5,14.2,296.52,6.7,296.53,0.6
1753591893618,04:51:33.618,binance,AAVE/USDT:USDT,296.51,22.3,296.5,14.2,296.52,6.7,296.53,0.6
1753591893721,04:51:33.721,binance,AAVE/USDT:USDT,296.51,22.3,296.5,14.2,296.52,6.7,296.53,0.6
1753591893948,04:51:33.948,binance,AAVE/USDT:USDT,296.51,22.3,296.5,14.2,296.52,6.7,296.53,0.6
1753591894333,04:51:34.333,binance,AAVE/USDT:USDT,296.51,22.3,296.5,14.2,296.52,6.7,296.53,0.6
1753591894473,04:51:34.473,binance,AAVE/USDT:USDT,296.51,27.4,296.5,6.5,296.52,6.7,296.53,0.7
1753591894782,04:51:34.782,binance,AAVE/USDT:USDT,296.51,27.5,296.5,6.5,296.52,6.7,296.53,0.7
1753591894965,04:51:34.965,binance,AAVE/USDT:USDT,296.51,27.5,296.5,6.5,296.52,6.7,296.53,0.7
1753591895111,04:51:35.111,binance,AAVE/USDT:USDT,296.51,27.5,296.5,6.5,296.52,6.7,296.53,0.7
1753591895214,04:51:35.214,binance,AAVE/USDT:USDT,296.51,27.5,296.5,6.5,296.52,6.7,296.53,0.7
1753591895317,04:51:35.317,binance,AAVE/USDT:USDT,296.51,25.8,296.5,6.5,296.52,6.7,296.53,0.7
1753591895420,04:51:35.420,binance,AAVE/USDT:USDT,296.51,25.8,296.5,6.5,296.52,6.7,296.53,0.7
1753591895618,04:51:35.618,binance,AAVE/USDT:USDT,296.51,25.8,296.5,6.5,296.52,6.7,296.53,0.7
1753591896107,04:51:36.107,binance,AAVE/USDT:USDT,296.51,18.7,296.5,6.5,296.52,10.5,296.53,4.9
1753591896209,04:51:36.209,binance,AAVE/USDT:USDT,296.51,16.9,296.5,6.5,296.52,10.5,296.53,11.8
1753591896312,04:51:36.312,binance,AAVE/USDT:USDT,296.51,16.9,296.5,6.5,296.52,10.5,296.53,11.8
1753591897017,04:51:37.017,binance,AAVE/USDT:USDT,296.51,17.1,296.5,12.3,296.52,10.3,296.53,0.6
1753591897171,04:51:37.171,binance,AAVE/USDT:USDT,296.51,17.1,296.5,12.3,296.52,10.3,296.53,0.6
1753591897745,04:51:37.745,binance,AAVE/USDT:USDT,296.51,17.1,296.5,6.5,296.52,10.3,296.53,7.2
1753591897865,04:51:37.865,binance,AAVE/USDT:USDT,296.51,17.1,296.5,6.5,296.52,10.3,296.53,7.2
1753591897968,04:51:37.968,binance,AAVE/USDT:USDT,296.51,17.1,296.5,6.5,296.52,10.3,296.53,4.9
1753591898111,04:51:38.111,binance,AAVE/USDT:USDT,296.51,17.1,296.5,6.5,296.52,10.3,296.53,4.9
1753591898330,04:51:38.330,binance,AAVE/USDT:USDT,296.51,17.1,296.5,6.5,296.52,10.3,296.53,0.6
1753591898432,04:51:38.432,binance,AAVE/USDT:USDT,296.51,17.3,296.5,6.5,296.52,10.3,296.53,0.6
1753591898550,04:51:38.550,binance,AAVE/USDT:USDT,296.51,17.4,296.5,17.5,296.52,10.3,296.53,0.6
1753591898656,04:51:38.656,binance,AAVE/USDT:USDT,296.51,17.6,296.5,17.5,296.52,10.3,296.53,0.6
1753591898762,04:51:38.762,binance,AAVE/USDT:USDT,296.51,17.6,296.5,25.4,296.52,10.3,296.53,0.6
1753591898867,04:51:38.867,binance,AAVE/USDT:USDT,296.51,17.6,296.5,25.4,296.52,10.3,296.53,0.6
1753591899364,04:51:39.364,binance,AAVE/USDT:USDT,296.51,18.9,296.5,25.4,296.52,10.3,296.53,0.6
1753591899545,04:51:39.545,binance,AAVE/USDT:USDT,296.52,55.9,296.51,22.6,296.53,3.0,296.54,0.5
1753591899646,04:51:39.646,binance,AAVE/USDT:USDT,296.54,45.6,296.53,31.8,296.55,2.6,296.56,2.3
1753591899752,04:51:39.752,binance,AAVE/USDT:USDT,296.56,33.9,296.55,29.1,296.57,2.6,296.58,2.3
1753591899854,04:51:39.854,binance,AAVE/USDT:USDT,296.56,31.4,296.55,23.9,296.57,2.6,296.58,2.3
1753591899956,04:51:39.956,binance,AAVE/USDT:USDT,296.56,31.4,296.55,23.9,296.57,2.6,296.58,2.3
1753591900163,04:51:40.163,binance,AAVE/USDT:USDT,296.56,30.0,296.55,19.9,296.57,8.6,296.58,2.3
1753591900301,04:51:40.301,binance,AAVE/USDT:USDT,296.56,28.5,296.55,19.9,296.57,6.3,296.58,2.3
1753591900402,04:51:40.402,binance,AAVE/USDT:USDT,296.56,28.5,296.55,19.9,296.57,6.6,296.58,2.3
1753591900510,04:51:40.510,binance,AAVE/USDT:USDT,296.56,43.0,296.55,19.9,296.57,6.6,296.58,2.3
1753591900612,04:51:40.612,binance,AAVE/USDT:USDT,296.56,43.0,296.55,19.9,296.57,1.7,296.58,2.3
1753591900715,04:51:40.715,binance,AAVE/USDT:USDT,296.56,43.0,296.55,19.9,296.57,1.7,296.58,2.3
1753591900818,04:51:40.818,binance,AAVE/USDT:USDT,296.56,43.0,296.55,19.9,296.57,1.7,296.58,2.3
1753591900921,04:51:40.921,binance,AAVE/USDT:USDT,296.56,43.0,296.55,19.9,296.57,1.7,296.58,2.3
1753591901034,04:51:41.034,binance,AAVE/USDT:USDT,296.56,42.7,296.55,19.9,296.57,1.4,296.58,2.3
1753591901139,04:51:41.139,binance,AAVE/USDT:USDT,296.56,42.7,296.55,19.9,296.57,1.4,296.58,2.3
1753591901241,04:51:41.241,binance,AAVE/USDT:USDT,296.56,42.7,296.55,19.9,296.57,6.6,296.58,2.3
1753591901349,04:51:41.349,binance,AAVE/USDT:USDT,296.56,42.7,296.55,19.9,296.57,6.7,296.58,2.3
1753591901452,04:51:41.452,binance,AAVE/USDT:USDT,296.56,42.7,296.55,19.9,296.57,6.7,296.58,6.5
1753591901555,04:51:41.555,binance,AAVE/USDT:USDT,296.56,42.7,296.55,19.9,296.57,6.7,296.58,6.5
1753591901658,04:51:41.658,binance,AAVE/USDT:USDT,296.56,42.7,296.55,19.9,296.57,6.7,296.58,2.3
1753591901826,04:51:41.826,binance,AAVE/USDT:USDT,296.56,42.7,296.55,20.3,296.57,6.7,296.58,2.3
1753591901929,04:51:41.929,binance,AAVE/USDT:USDT,296.56,42.7,296.55,20.3,296.57,6.7,296.58,2.3
1753591902032,04:51:42.032,binance,AAVE/USDT:USDT,296.56,42.7,296.55,20.3,296.57,6.3,296.58,2.3
1753591902136,04:51:42.136,binance,AAVE/USDT:USDT,296.56,42.7,296.55,20.3,296.57,6.3,296.58,2.3
1753591902472,04:51:42.472,binance,AAVE/USDT:USDT,296.56,42.7,296.55,20.3,296.57,6.4,296.58,0.3
1753591902576,04:51:42.576,binance,AAVE/USDT:USDT,296.56,42.7,296.55,20.3,296.57,6.4,296.58,0.3
1753591902679,04:51:42.679,binance,AAVE/USDT:USDT,296.56,42.7,296.55,20.3,296.57,6.4,296.58,0.3
1753591902781,04:51:42.781,binance,AAVE/USDT:USDT,296.56,42.7,296.55,20.3,296.57,6.4,296.58,0.3
1753591902898,04:51:42.898,binance,AAVE/USDT:USDT,296.56,42.7,296.55,20.3,296.57,4.9,296.58,0.3
1753591903000,04:51:43.000,binance,AAVE/USDT:USDT,296.56,42.7,296.55,20.3,296.57,11.0,296.58,0.3
1753591903101,04:51:43.101,binance,AAVE/USDT:USDT,296.56,42.7,296.55,20.3,296.57,11.0,296.58,0.3
1753591903204,04:51:43.204,binance,AAVE/USDT:USDT,296.56,42.7,296.55,20.3,296.57,7.6,296.58,0.3
1753591903305,04:51:43.305,binance,AAVE/USDT:USDT,296.56,42.7,296.55,20.3,296.57,7.6,296.58,0.3
1753591903478,04:51:43.478,binance,AAVE/USDT:USDT,296.56,42.7,296.55,20.3,296.57,7.6,296.58,0.3
1753591903582,04:51:43.582,binance,AAVE/USDT:USDT,296.56,42.7,296.55,20.3,296.57,3.1,296.58,0.3
1753591903685,04:51:43.685,binance,AAVE/USDT:USDT,296.56,42.7,296.55,20.3,296.57,3.1,296.58,0.3
1753591903910,04:51:43.910,binance,AAVE/USDT:USDT,296.59,19.7,296.58,10.5,296.6,3.3,296.61,3.2
1753591904013,04:51:44.013,binance,AAVE/USDT:USDT,296.6,33.3,296.59,9.7,296.61,12.5,296.62,0.2
1753591904123,04:51:44.123,binance,AAVE/USDT:USDT,296.6,30.2,296.59,9.7,296.61,13.6,296.62,0.2
1753591904225,04:51:44.225,binance,AAVE/USDT:USDT,296.6,28.7,296.59,9.7,296.61,13.6,296.62,0.2
1753591904327,04:51:44.327,binance,AAVE/USDT:USDT,296.6,30.3,296.59,9.7,296.61,13.6,296.62,0.2
1753591904430,04:51:44.430,binance,AAVE/USDT:USDT,296.6,30.3,296.59,9.7,296.61,13.6,296.62,0.2
1753591904533,04:51:44.533,binance,AAVE/USDT:USDT,296.6,30.3,296.59,9.7,296.61,13.6,296.62,0.2
1753591904664,04:51:44.664,binance,AAVE/USDT:USDT,296.6,30.3,296.59,9.7,296.61,13.6,296.62,0.2
1753591904767,04:51:44.767,binance,AAVE/USDT:USDT,296.6,30.3,296.59,9.7,296.61,13.6,296.62,0.2
1753591904889,04:51:44.889,binance,AAVE/USDT:USDT,296.6,28.5,296.59,9.7,296.61,13.6,296.62,0.2
1753591904992,04:51:44.992,binance,AAVE/USDT:USDT,296.6,28.5,296.59,9.7,296.61,13.6,296.62,0.2
1753591905111,04:51:45.111,binance,AAVE/USDT:USDT,296.6,7.3,296.59,9.7,296.61,11.2,296.62,0.2
1753591905213,04:51:45.213,binance,AAVE/USDT:USDT,296.6,7.3,296.59,9.7,296.61,10.1,296.62,0.2
1753591905316,04:51:45.316,binance,AAVE/USDT:USDT,296.6,7.3,296.59,9.7,296.61,10.1,296.62,0.2
1753591905419,04:51:45.419,binance,AAVE/USDT:USDT,296.6,7.3,296.59,9.7,296.61,10.1,296.62,0.2
1753591905521,04:51:45.521,binance,AAVE/USDT:USDT,296.6,7.3,296.59,9.7,296.61,10.1,296.62,0.2
1753591905630,04:51:45.630,binance,AAVE/USDT:USDT,296.6,7.3,296.59,9.7,296.61,10.1,296.62,4.4
1753591905766,04:51:45.766,binance,AAVE/USDT:USDT,296.6,7.3,296.59,9.7,296.61,10.1,296.62,4.4
1753591905907,04:51:45.907,binance,AAVE/USDT:USDT,296.6,7.5,296.59,9.7,296.61,10.1,296.62,4.4
1753591906013,04:51:46.013,binance,AAVE/USDT:USDT,296.6,7.5,296.59,9.7,296.61,10.1,296.62,4.4
1753591906116,04:51:46.116,binance,AAVE/USDT:USDT,296.6,7.5,296.59,9.7,296.61,10.1,296.62,4.4
1753591906405,04:51:46.405,binance,AAVE/USDT:USDT,296.6,7.5,296.59,9.6,296.61,10.1,296.62,0.2
1753591906508,04:51:46.508,binance,AAVE/USDT:USDT,296.6,7.5,296.59,9.6,296.61,10.1,296.62,0.2
1753591906637,04:51:46.637,binance,AAVE/USDT:USDT,296.6,11.0,296.59,9.6,296.61,10.1,296.62,0.2
1753591906743,04:51:46.743,binance,AAVE/USDT:USDT,296.6,11.0,296.59,9.6,296.61,10.1,296.62,0.2
1753591906844,04:51:46.844,binance,AAVE/USDT:USDT,296.6,11.0,296.59,9.6,296.61,10.1,296.62,0.2
1753591906946,04:51:46.946,binance,AAVE/USDT:USDT,296.6,11.0,296.59,9.6,296.61,10.1,296.62,0.2
1753591907048,04:51:47.048,binance,AAVE/USDT:USDT,296.6,11.0,296.59,9.6,296.61,10.1,296.62,0.2
1753591907156,04:51:47.156,binance,AAVE/USDT:USDT,296.6,11.0,296.59,9.6,296.61,10.1,296.62,0.2
1753591907258,04:51:47.258,binance,AAVE/USDT:USDT,296.6,11.0,296.59,9.6,296.61,10.1,296.62,0.2
1753591907363,04:51:47.363,binance,AAVE/USDT:USDT,296.6,11.0,296.59,9.6,296.61,10.1,296.62,0.2
1753591907471,04:51:47.471,binance,AAVE/USDT:USDT,296.6,9.3,296.59,9.6,296.61,10.1,296.62,0.2
1753591907575,04:51:47.575,binance,AAVE/USDT:USDT,296.6,9.3,296.59,9.6,296.61,10.1,296.62,0.2
1753591907679,04:51:47.679,binance,AAVE/USDT:USDT,296.6,9.3,296.59,9.6,296.61,10.1,296.62,0.2
1753591907782,04:51:47.782,binance,AAVE/USDT:USDT,296.6,9.3,296.59,10.0,296.61,10.1,296.62,0.2
1753591907884,04:51:47.884,binance,AAVE/USDT:USDT,296.6,9.3,296.59,10.0,296.61,10.1,296.62,0.2
1753591907995,04:51:47.995,binance,AAVE/USDT:USDT,296.6,9.3,296.59,10.0,296.61,10.1,296.62,0.2
1753591908109,04:51:48.109,binance,AAVE/USDT:USDT,296.6,12.6,296.59,10.0,296.61,7.2,296.62,0.2
1753591908212,04:51:48.212,binance,AAVE/USDT:USDT,296.6,12.6,296.59,10.0,296.61,7.2,296.62,0.2
1753591908314,04:51:48.314,binance,AAVE/USDT:USDT,296.6,25.6,296.59,10.0,296.61,7.2,296.62,0.2
1753591908518,04:51:48.518,binance,AAVE/USDT:USDT,296.6,26.1,296.59,9.8,296.61,7.2,296.62,0.2
1753591908681,04:51:48.681,binance,AAVE/USDT:USDT,296.6,26.3,296.59,9.8,296.61,7.4,296.62,0.2
1753591908785,04:51:48.785,binance,AAVE/USDT:USDT,296.6,26.3,296.59,9.8,296.61,7.4,296.62,0.2
1753591908993,04:51:48.993,binance,AAVE/USDT:USDT,296.6,26.3,296.59,9.8,296.61,7.4,296.62,0.2
1753591909095,04:51:49.095,binance,AAVE/USDT:USDT,296.6,26.3,296.59,9.8,296.61,7.4,296.62,0.2
1753591909244,04:51:49.244,binance,AAVE/USDT:USDT,296.6,26.3,296.59,9.8,296.61,7.4,296.62,0.2
1753591909347,04:51:49.347,binance,AAVE/USDT:USDT,296.6,23.7,296.59,9.8,296.61,9.6,296.62,0.2
1753591909453,04:51:49.453,binance,AAVE/USDT:USDT,296.6,23.8,296.59,9.8,296.61,9.6,296.62,4.4
1753591909685,04:51:49.685,binance,AAVE/USDT:USDT,296.6,23.8,296.59,9.8,296.61,9.6,296.62,0.2
1753591909833,04:51:49.833,binance,AAVE/USDT:USDT,296.6,23.8,296.59,9.8,296.61,8.9,296.62,0.2
1753591909977,04:51:49.977,binance,AAVE/USDT:USDT,296.6,23.8,296.59,9.8,296.61,9.3,296.62,0.2
1753591910111,04:51:50.111,binance,AAVE/USDT:USDT,296.6,23.8,296.59,9.8,296.61,9.3,296.62,0.2
1753591910213,04:51:50.213,binance,AAVE/USDT:USDT,296.6,23.8,296.59,9.8,296.61,9.3,296.62,0.2
1753591910365,04:51:50.365,binance,AAVE/USDT:USDT,296.6,23.8,296.59,9.8,296.61,10.8,296.62,0.2
1753591910467,04:51:50.467,binance,AAVE/USDT:USDT,296.6,22.0,296.59,9.8,296.61,10.8,296.62,4.4
1753591910618,04:51:50.618,binance,AAVE/USDT:USDT,296.6,22.0,296.59,9.8,296.61,10.8,296.62,4.4
1753591910721,04:51:50.721,binance,AAVE/USDT:USDT,296.6,22.0,296.59,9.8,296.61,10.8,296.62,4.4
1753591910867,04:51:50.867,binance,AAVE/USDT:USDT,296.6,22.0,296.59,9.8,296.61,10.8,296.62,4.4
1753591910968,04:51:50.968,binance,AAVE/USDT:USDT,296.6,22.0,296.59,9.8,296.61,10.8,296.62,4.4
1753591911123,04:51:51.123,binance,AAVE/USDT:USDT,296.6,22.0,296.59,9.8,296.61,11.6,296.62,4.4
1753591911338,04:51:51.338,binance,AAVE/USDT:USDT,296.6,22.0,296.59,9.8,296.61,11.6,296.62,4.4
1753591911442,04:51:51.442,binance,AAVE/USDT:USDT,296.6,22.2,296.59,9.8,296.61,11.6,296.62,4.5
1753591911545,04:51:51.545,binance,AAVE/USDT:USDT,296.6,22.4,296.59,9.8,296.61,11.6,296.62,4.5
1753591911653,04:51:51.653,binance,AAVE/USDT:USDT,296.6,22.6,296.59,9.8,296.61,11.6,296.62,8.5
1753591911754,04:51:51.754,binance,AAVE/USDT:USDT,296.6,18.3,296.59,0.6,296.61,12.4,296.62,15.1
1753591911856,04:51:51.856,binance,AAVE/USDT:USDT,296.6,18.2,296.59,0.6,296.61,12.4,296.62,15.1
1753591911965,04:51:51.965,binance,AAVE/USDT:USDT,296.6,18.3,296.59,0.6,296.61,11.6,296.62,15.1
1753591912068,04:51:52.068,binance,AAVE/USDT:USDT,296.6,18.3,296.59,1.4,296.61,3.7,296.62,0.2
1753591912169,04:51:52.169,binance,AAVE/USDT:USDT,296.6,22.6,296.59,0.6,296.61,9.8,296.62,0.2
1753591912273,04:51:52.273,binance,AAVE/USDT:USDT,296.6,22.6,296.59,1.4,296.61,3.7,296.62,0.2
1753591912414,04:51:52.414,binance,AAVE/USDT:USDT,296.6,22.6,296.59,9.5,296.61,3.7,296.62,0.2
1753591912524,04:51:52.524,binance,AAVE/USDT:USDT,296.6,22.6,296.59,9.5,296.61,3.7,296.62,0.2
1753591912627,04:51:52.627,binance,AAVE/USDT:USDT,296.6,22.6,296.59,9.5,296.61,3.7,296.62,0.2
1753591912730,04:51:52.730,binance,AAVE/USDT:USDT,296.6,22.6,296.59,9.5,296.61,3.7,296.62,0.2
1753591912833,04:51:52.833,binance,AAVE/USDT:USDT,296.6,22.6,296.59,0.6,296.61,5.9,296.62,0.2
1753591912936,04:51:52.936,binance,AAVE/USDT:USDT,296.6,22.6,296.59,0.6,296.61,5.9,296.62,0.2
1753591913056,04:51:53.056,binance,AAVE/USDT:USDT,296.6,22.6,296.59,8.7,296.61,5.9,296.62,0.2
1753591913172,04:51:53.172,binance,AAVE/USDT:USDT,296.6,22.6,296.59,8.7,296.61,5.8,296.62,0.2
1753591913275,04:51:53.275,binance,AAVE/USDT:USDT,296.6,22.6,296.59,0.6,296.61,5.9,296.62,0.2
1753591913378,04:51:53.378,binance,AAVE/USDT:USDT,296.6,25.9,296.59,0.6,296.61,14.6,296.62,0.2
1753591913483,04:51:53.483,binance,AAVE/USDT:USDT,296.6,26.4,296.59,0.6,296.61,14.6,296.62,0.2
1753591913588,04:51:53.588,binance,AAVE/USDT:USDT,296.6,24.7,296.59,0.6,296.61,14.6,296.62,0.2
1753591913691,04:51:53.691,binance,AAVE/USDT:USDT,296.6,24.7,296.59,0.6,296.61,14.6,296.62,0.2
1753591913794,04:51:53.794,binance,AAVE/USDT:USDT,296.6,24.7,296.59,0.6,296.61,14.6,296.62,0.2
1753591913897,04:51:53.897,binance,AAVE/USDT:USDT,296.6,27.9,296.59,0.6,296.61,9.8,296.62,0.2
1753591914029,04:51:54.029,binance,AAVE/USDT:USDT,296.6,27.9,296.59,0.6,296.61,9.8,296.62,0.2
1753591914144,04:51:54.144,binance,AAVE/USDT:USDT,296.6,27.9,296.59,0.6,296.61,10.7,296.62,0.2
1753591914580,04:51:54.580,binance,AAVE/USDT:USDT,296.6,27.9,296.59,0.6,296.61,10.7,296.62,0.2
1753591914684,04:51:54.684,binance,AAVE/USDT:USDT,296.6,27.9,296.59,0.6,296.61,10.7,296.62,0.2
1753591914798,04:51:54.798,binance,AAVE/USDT:USDT,296.6,27.9,296.59,0.6,296.61,10.7,296.62,0.2
1753591915348,04:51:55.348,binance,AAVE/USDT:USDT,296.6,26.4,296.59,0.6,296.61,10.2,296.62,0.2
1753591915450,04:51:55.450,binance,AAVE/USDT:USDT,296.6,26.4,296.59,0.6,296.61,10.3,296.62,0.2
1753591915571,04:51:55.571,binance,AAVE/USDT:USDT,296.6,26.4,296.59,0.6,296.61,10.3,296.62,0.2
1753591915778,04:51:55.778,binance,AAVE/USDT:USDT,296.6,26.7,296.59,0.6,296.61,10.5,296.62,0.4
1753591915881,04:51:55.881,binance,AAVE/USDT:USDT,296.6,26.7,296.59,0.6,296.61,10.5,296.62,0.4
1753591915983,04:51:55.983,binance,AAVE/USDT:USDT,296.6,26.7,296.59,0.6,296.61,10.5,296.62,0.4
1753591916191,04:51:56.191,binance,AAVE/USDT:USDT,296.6,26.7,296.59,0.6,296.61,10.5,296.62,0.4
1753591916294,04:51:56.294,binance,AAVE/USDT:USDT,296.6,26.7,296.59,0.6,296.61,10.5,296.62,0.4
1753591916402,04:51:56.402,binance,AAVE/USDT:USDT,296.6,28.6,296.59,0.6,296.61,10.5,296.62,0.4
1753591916505,04:51:56.505,binance,AAVE/USDT:USDT,296.6,28.7,296.59,0.6,296.61,10.5,296.62,0.4
1753591916609,04:51:56.609,binance,AAVE/USDT:USDT,296.6,28.7,296.59,0.6,296.61,10.5,296.62,0.4
1753591916710,04:51:56.710,binance,AAVE/USDT:USDT,296.6,28.7,296.59,0.6,296.61,10.5,296.62,0.4
1753591916815,04:51:56.815,binance,AAVE/USDT:USDT,296.6,28.7,296.59,0.6,296.61,10.5,296.62,0.4
1753591917021,04:51:57.021,binance,AAVE/USDT:USDT,296.6,28.7,296.59,0.6,296.61,10.5,296.62,0.4
1753591917127,04:51:57.127,binance,AAVE/USDT:USDT,296.6,28.7,296.59,0.6,296.61,10.5,296.62,0.4
1753591917246,04:51:57.246,binance,AAVE/USDT:USDT,296.6,28.7,296.59,0.6,296.61,10.5,296.62,0.4
1753591917349,04:51:57.349,binance,AAVE/USDT:USDT,296.6,28.7,296.59,0.6,296.61,10.5,296.62,0.4
1753591917451,04:51:57.451,binance,AAVE/USDT:USDT,296.6,29.8,296.59,0.6,296.61,10.5,296.62,0.4
1753591917665,04:51:57.665,binance,AAVE/USDT:USDT,296.6,30.4,296.59,5.8,296.61,10.5,296.62,0.4
1753591917769,04:51:57.769,binance,AAVE/USDT:USDT,296.6,30.4,296.59,5.8,296.61,9.4,296.62,0.4
1753591917871,04:51:57.871,binance,AAVE/USDT:USDT,296.6,30.4,296.59,5.8,296.61,7.0,296.62,0.4
1753591917974,04:51:57.974,binance,AAVE/USDT:USDT,296.6,30.4,296.59,5.8,296.61,7.0,296.62,0.4
1753591918218,04:51:58.218,binance,AAVE/USDT:USDT,296.6,30.4,296.59,5.8,296.61,7.0,296.62,0.4
1753591918361,04:51:58.361,binance,AAVE/USDT:USDT,296.6,31.9,296.59,0.6,296.61,7.0,296.62,0.4
1753591918466,04:51:58.466,binance,AAVE/USDT:USDT,296.6,31.8,296.59,0.6,296.61,7.3,296.62,0.4
1753591918570,04:51:58.570,binance,AAVE/USDT:USDT,296.6,31.8,296.59,0.6,296.61,7.3,296.62,0.4
1753591918674,04:51:58.674,binance,AAVE/USDT:USDT,296.6,31.8,296.59,0.6,296.61,7.3,296.62,0.4
1753591918787,04:51:58.787,binance,AAVE/USDT:USDT,296.6,31.8,296.59,0.6,296.61,7.3,296.62,0.4
1753591918932,04:51:58.932,binance,AAVE/USDT:USDT,296.6,31.8,296.59,0.6,296.61,7.3,296.62,0.4
1753591919063,04:51:59.063,binance,AAVE/USDT:USDT,296.6,31.8,296.59,0.6,296.61,7.3,296.62,0.4
1753591919262,04:51:59.262,binance,AAVE/USDT:USDT,296.6,31.8,296.59,0.6,296.61,7.3,296.62,0.4
1753591919553,04:51:59.553,binance,AAVE/USDT:USDT,296.6,31.2,296.59,0.6,296.61,13.2,296.62,0.4
1753591919656,04:51:59.656,binance,AAVE/USDT:USDT,296.6,31.2,296.59,0.6,296.61,13.2,296.62,0.4
1753591920000,04:52:00.000,binance,AAVE/USDT:USDT,296.6,31.2,296.59,5.9,296.61,13.0,296.62,0.4
1753591920203,04:52:00.203,binance,AAVE/USDT:USDT,296.6,31.7,296.59,5.9,296.61,13.0,296.62,0.4
1753591920317,04:52:00.317,binance,AAVE/USDT:USDT,296.6,29.9,296.59,5.9,296.61,13.0,296.62,0.4
1753591920421,04:52:00.421,binance,AAVE/USDT:USDT,296.6,29.9,296.59,0.7,296.61,13.2,296.62,0.4
1753591920524,04:52:00.524,binance,AAVE/USDT:USDT,296.6,29.9,296.59,0.6,296.61,13.2,296.62,0.4
1753591920626,04:52:00.626,binance,AAVE/USDT:USDT,296.6,29.9,296.59,0.6,296.61,13.2,296.62,0.4
1753591920729,04:52:00.729,binance,AAVE/USDT:USDT,296.6,29.9,296.59,0.6,296.61,13.2,296.62,0.4
1753591920832,04:52:00.832,binance,AAVE/USDT:USDT,296.6,29.9,296.59,0.6,296.61,13.2,296.62,0.4
1753591920935,04:52:00.935,binance,AAVE/USDT:USDT,296.6,29.8,296.59,0.6,296.61,13.2,296.62,0.4
1753591921038,04:52:01.038,binance,AAVE/USDT:USDT,296.6,29.8,296.59,0.6,296.61,13.2,296.62,0.4
1753591921140,04:52:01.140,binance,AAVE/USDT:USDT,296.6,29.8,296.59,0.6,296.61,13.2,296.62,0.4
1753591921243,04:52:01.243,binance,AAVE/USDT:USDT,296.6,29.8,296.59,0.6,296.61,13.2,296.62,0.4
1753591921345,04:52:01.345,binance,AAVE/USDT:USDT,296.6,29.9,296.59,0.6,296.61,13.2,296.62,0.4
1753591921447,04:52:01.447,binance,AAVE/USDT:USDT,296.61,7.2,296.6,44.7,296.62,0.4,296.63,5.0
1753591921548,04:52:01.548,binance,AAVE/USDT:USDT,296.64,1.6,296.63,13.4,296.65,3.2,296.66,2.1
1753591921649,04:52:01.649,binance,AAVE/USDT:USDT,296.64,39.2,296.63,28.0,296.65,3.2,296.66,2.0
1753591921750,04:52:01.750,binance,AAVE/USDT:USDT,296.64,34.9,296.63,28.2,296.65,5.7,296.66,2.0
1753591921852,04:52:01.852,binance,AAVE/USDT:USDT,296.67,0.8,296.66,3.4,296.68,2.2,296.69,0.3
1753591921954,04:52:01.954,binance,AAVE/USDT:USDT,296.68,7.9,296.67,53.4,296.69,0.3,296.7,5.9
1753591922055,04:52:02.055,binance,AAVE/USDT:USDT,296.68,51.8,296.67,32.7,296.69,8.6,296.7,5.9
1753591922158,04:52:02.158,binance,AAVE/USDT:USDT,296.68,34.8,296.67,7.8,296.69,10.8,296.7,8.1
1753591922261,04:52:02.261,binance,AAVE/USDT:USDT,296.68,17.1,296.67,0.2,296.69,11.7,296.7,8.9
1753591922364,04:52:02.364,binance,AAVE/USDT:USDT,296.68,17.1,296.65,7.0,296.69,11.7,296.7,8.9
1753591922467,04:52:02.467,binance,AAVE/USDT:USDT,296.64,0.3,296.63,0.1,296.65,20.9,296.66,13.5
1753591922568,04:52:02.568,binance,AAVE/USDT:USDT,296.64,0.1,296.62,0.1,296.65,21.0,296.66,14.2
1753591922675,04:52:02.675,binance,AAVE/USDT:USDT,296.64,0.2,296.62,0.1,296.65,21.0,296.66,19.6
1753591922781,04:52:02.781,binance,AAVE/USDT:USDT,296.64,0.2,296.62,0.1,296.65,21.0,296.66,19.6
1753591922891,04:52:02.891,binance,AAVE/USDT:USDT,296.64,0.4,296.63,0.8,296.65,16.1,296.66,11.9
1753591922993,04:52:02.993,binance,AAVE/USDT:USDT,296.64,0.5,296.63,0.8,296.65,13.0,296.66,11.9
1753591923099,04:52:03.099,binance,AAVE/USDT:USDT,296.64,0.6,296.63,0.8,296.65,13.0,296.66,11.9
1753591923205,04:52:03.205,binance,AAVE/USDT:USDT,296.64,0.6,296.62,0.9,296.65,13.8,296.66,11.9
1753591923308,04:52:03.308,binance,AAVE/USDT:USDT,296.64,0.6,296.62,0.9,296.65,13.8,296.66,17.9
1753591923411,04:52:03.411,binance,AAVE/USDT:USDT,296.64,0.6,296.62,0.1,296.65,13.8,296.66,17.1
1753591923513,04:52:03.513,binance,AAVE/USDT:USDT,296.64,0.6,296.62,0.1,296.65,14.6,296.66,17.9
1753591923614,04:52:03.614,binance,AAVE/USDT:USDT,296.64,0.6,296.62,0.1,296.65,14.6,296.66,23.3
1753591923728,04:52:03.728,binance,AAVE/USDT:USDT,296.64,0.6,296.62,0.1,296.65,14.6,296.66,23.3
1753591923831,04:52:03.831,binance,AAVE/USDT:USDT,296.64,11.3,296.63,6.7,296.65,11.9,296.66,11.9
1753591923933,04:52:03.933,binance,AAVE/USDT:USDT,296.64,9.7,296.63,6.7,296.65,11.9,296.66,11.9
1753591924045,04:52:04.045,binance,AAVE/USDT:USDT,296.64,13.7,296.63,10.7,296.65,11.9,296.66,11.9
1753591924148,04:52:04.148,binance,AAVE/USDT:USDT,296.64,13.7,296.63,9.9,296.65,6.2,296.66,11.9
1753591924269,04:52:04.269,binance,AAVE/USDT:USDT,296.64,13.7,296.63,9.9,296.65,6.2,296.66,11.9
1753591924372,04:52:04.372,binance,AAVE/USDT:USDT,296.66,25.8,296.65,10.7,296.67,8.1,296.68,11.5
1753591924474,04:52:04.474,binance,AAVE/USDT:USDT,296.66,26.0,296.65,10.7,296.67,8.2,296.68,11.5
1753591924578,04:52:04.578,binance,AAVE/USDT:USDT,296.66,26.0,296.65,10.7,296.67,8.2,296.68,11.5
1753591924682,04:52:04.682,binance,AAVE/USDT:USDT,296.66,26.0,296.65,10.7,296.67,8.2,296.68,11.5
1753591924924,04:52:04.924,binance,AAVE/USDT:USDT,296.66,26.0,296.65,11.1,296.67,8.2,296.68,11.5
1753591925026,04:52:05.026,binance,AAVE/USDT:USDT,296.66,27.3,296.65,11.1,296.67,8.2,296.68,11.5
1753591925131,04:52:05.131,binance,AAVE/USDT:USDT,296.66,26.7,296.65,11.1,296.67,8.2,296.68,11.5
1753591925255,04:52:05.255,binance,AAVE/USDT:USDT,296.66,28.8,296.65,11.1,296.67,8.2,296.68,11.5
1753591925392,04:52:05.392,binance,AAVE/USDT:USDT,296.66,28.8,296.65,11.1,296.67,8.2,296.68,11.5
1753591925520,04:52:05.520,binance,AAVE/USDT:USDT,296.66,28.8,296.65,11.1,296.67,2.4,296.68,5.4
1753591925625,04:52:05.625,binance,AAVE/USDT:USDT,296.66,28.8,296.65,11.1,296.67,0.1,296.68,5.4
1753591925727,04:52:05.727,binance,AAVE/USDT:USDT,296.66,28.8,296.65,19.2,296.67,0.1,296.68,5.4
1753591925846,04:52:05.846,binance,AAVE/USDT:USDT,296.66,29.1,296.65,19.2,296.67,0.1,296.68,5.4
1753591925950,04:52:05.950,binance,AAVE/USDT:USDT,296.66,29.1,296.65,19.2,296.67,0.1,296.68,5.4
1753591926052,04:52:06.052,binance,AAVE/USDT:USDT,296.66,27.5,296.65,11.1,296.67,8.8,296.68,5.4
1753591926156,04:52:06.156,binance,AAVE/USDT:USDT,296.66,5.3,296.65,0.4,296.67,9.7,296.68,12.8
1753591926259,04:52:06.259,binance,AAVE/USDT:USDT,296.66,5.3,296.65,0.4,296.67,9.7,296.68,12.8
1753591926361,04:52:06.361,binance,AAVE/USDT:USDT,296.66,5.3,296.65,0.4,296.67,9.7,296.68,12.9
1753591926465,04:52:06.465,binance,AAVE/USDT:USDT,296.66,5.3,296.65,0.4,296.67,9.7,296.68,12.9
1753591926569,04:52:06.569,binance,AAVE/USDT:USDT,296.66,5.3,296.65,0.4,296.67,9.7,296.68,12.9
1753591926685,04:52:06.685,binance,AAVE/USDT:USDT,296.66,5.3,296.65,0.4,296.67,8.9,296.68,12.1
1753591926789,04:52:06.789,binance,AAVE/USDT:USDT,296.66,5.3,296.65,1.2,296.67,8.9,296.68,9.7
1753591927003,04:52:07.003,binance,AAVE/USDT:USDT,296.66,6.9,296.65,7.1,296.67,8.9,296.68,9.7
1753591927105,04:52:07.105,binance,AAVE/USDT:USDT,296.66,5.3,296.65,7.1,296.67,8.9,296.68,9.7
1753591927437,04:52:07.437,binance,AAVE/USDT:USDT,296.66,5.3,296.65,7.1,296.67,8.9,296.68,9.7
1753591927539,04:52:07.539,binance,AAVE/USDT:USDT,296.66,5.7,296.65,7.1,296.67,8.9,296.68,9.7
1753591927679,04:52:07.679,binance,AAVE/USDT:USDT,296.66,5.9,296.65,7.1,296.67,8.9,296.68,9.7
1753591927808,04:52:07.808,binance,AAVE/USDT:USDT,296.66,7.5,296.65,7.1,296.67,5.6,296.68,9.7
1753591927911,04:52:07.911,binance,AAVE/USDT:USDT,296.66,7.5,296.65,7.1,296.67,5.6,296.68,9.7
1753591928018,04:52:08.018,binance,AAVE/USDT:USDT,296.66,11.0,296.65,7.1,296.67,5.6,296.68,9.7
1753591928168,04:52:08.168,binance,AAVE/USDT:USDT,296.66,11.1,296.65,7.1,296.67,5.6,296.68,5.4
1753591928271,04:52:08.271,binance,AAVE/USDT:USDT,296.66,11.1,296.65,7.1,296.67,5.6,296.68,5.4
1753591928407,04:52:08.407,binance,AAVE/USDT:USDT,296.66,11.3,296.65,7.1,296.67,5.6,296.68,5.4
1753591928514,04:52:08.514,binance,AAVE/USDT:USDT,296.66,11.3,296.65,7.1,296.67,5.6,296.68,5.4
1753591928618,04:52:08.618,binance,AAVE/USDT:USDT,296.66,11.5,296.65,7.1,296.67,5.6,296.68,5.4
1753591928722,04:52:08.722,binance,AAVE/USDT:USDT,296.66,11.5,296.65,7.1,296.67,5.6,296.68,5.4
1753591928930,04:52:08.930,binance,AAVE/USDT:USDT,296.66,11.5,296.65,7.1,296.67,5.6,296.68,5.4
1753591929031,04:52:09.031,binance,AAVE/USDT:USDT,296.68,38.1,296.67,29.6,296.69,1.4,296.7,1.0
1753591929134,04:52:09.134,binance,AAVE/USDT:USDT,296.68,38.4,296.67,29.6,296.69,1.5,296.7,1.0
1753591929239,04:52:09.239,binance,AAVE/USDT:USDT,296.68,35.5,296.67,24.2,296.69,1.5,296.7,1.0
1753591929342,04:52:09.342,binance,AAVE/USDT:USDT,296.68,26.2,296.67,18.3,296.69,7.5,296.7,1.0
1753591929444,04:52:09.444,binance,AAVE/USDT:USDT,296.68,26.2,296.67,18.3,296.69,10.6,296.7,1.0
1753591929547,04:52:09.547,binance,AAVE/USDT:USDT,296.68,26.2,296.67,18.3,296.69,10.6,296.7,1.0
1753591929658,04:52:09.658,binance,AAVE/USDT:USDT,296.68,26.2,296.67,18.3,296.69,10.6,296.7,1.0
1753591929759,04:52:09.759,binance,AAVE/USDT:USDT,296.68,14.0,296.67,13.0,296.69,10.6,296.7,6.1
1753591929861,04:52:09.861,binance,AAVE/USDT:USDT,296.68,13.8,296.67,13.0,296.69,10.6,296.7,6.1
1753591929979,04:52:09.979,binance,AAVE/USDT:USDT,296.68,9.5,296.67,13.0,296.69,10.6,296.7,5.3
1753591930083,04:52:10.083,binance,AAVE/USDT:USDT,296.68,9.5,296.67,7.6,296.69,10.6,296.7,5.3
1753591930207,04:52:10.207,binance,AAVE/USDT:USDT,296.68,9.5,296.67,7.6,296.69,10.6,296.7,5.3
1753591930370,04:52:10.370,binance,AAVE/USDT:USDT,296.68,10.3,296.67,13.0,296.69,10.6,296.7,5.3
1753591930473,04:52:10.473,binance,AAVE/USDT:USDT,296.68,10.3,296.67,13.0,296.69,10.6,296.7,5.3
1753591930575,04:52:10.575,binance,AAVE/USDT:USDT,296.68,10.3,296.67,13.0,296.69,10.6,296.7,5.3
1753591930678,04:52:10.678,binance,AAVE/USDT:USDT,296.68,10.3,296.67,13.0,296.69,10.6,296.7,5.3
1753591930837,04:52:10.837,binance,AAVE/USDT:USDT,296.68,10.3,296.67,19.0,296.69,10.3,296.7,5.3
1753591930940,04:52:10.940,binance,AAVE/USDT:USDT,296.68,11.9,296.67,19.0,296.69,4.2,296.7,5.3
1753591931049,04:52:11.049,binance,AAVE/USDT:USDT,296.68,18.6,296.67,19.0,296.69,1.5,296.7,1.0
1753591931150,04:52:11.150,binance,AAVE/USDT:USDT,296.68,20.3,296.67,19.0,296.69,1.6,296.7,1.0
1753591931253,04:52:11.253,binance,AAVE/USDT:USDT,296.68,20.3,296.67,19.0,296.69,1.6,296.7,1.0
1753591931414,04:52:11.414,binance,AAVE/USDT:USDT,296.68,20.3,296.67,19.0,296.69,1.6,296.7,1.0
1753591931531,04:52:11.531,binance,AAVE/USDT:USDT,296.68,14.9,296.67,7.6,296.69,8.0,296.7,1.0
1753591931634,04:52:11.634,binance,AAVE/USDT:USDT,296.68,14.7,296.67,7.6,296.69,8.0,296.7,1.0
1753591931737,04:52:11.737,binance,AAVE/USDT:USDT,296.68,10.4,296.67,7.6,296.69,8.0,296.7,1.0
1753591931841,04:52:11.841,binance,AAVE/USDT:USDT,296.68,10.4,296.67,7.6,296.69,8.0,296.7,1.0
1753591931969,04:52:11.969,binance,AAVE/USDT:USDT,296.68,10.4,296.67,7.6,296.69,10.2,296.7,5.3
1753591932072,04:52:12.072,binance,AAVE/USDT:USDT,296.68,4.3,296.67,7.6,296.69,10.2,296.7,6.1
1753591932175,04:52:12.175,binance,AAVE/USDT:USDT,296.68,4.3,296.67,7.6,296.69,10.2,296.7,5.3
1753591932277,04:52:12.277,binance,AAVE/USDT:USDT,296.68,4.3,296.67,7.6,296.69,10.2,296.7,5.3
1753591932382,04:52:12.382,binance,AAVE/USDT:USDT,296.68,4.3,296.67,7.6,296.69,10.2,296.7,5.3
1753591932588,04:52:12.588,binance,AAVE/USDT:USDT,296.68,4.3,296.67,7.6,296.69,10.7,296.7,6.1
1753591932806,04:52:12.806,binance,AAVE/USDT:USDT,296.68,5.9,296.67,7.0,296.69,14.2,296.7,5.3
1753591932926,04:52:12.926,binance,AAVE/USDT:USDT,296.68,5.9,296.67,7.0,296.69,14.2,296.7,5.3
1753591933028,04:52:13.028,binance,AAVE/USDT:USDT,296.68,4.3,296.67,6.1,296.69,14.2,296.7,5.3
1753591933130,04:52:13.130,binance,AAVE/USDT:USDT,296.68,4.4,296.67,6.1,296.69,14.2,296.7,5.3
1753591933233,04:52:13.233,binance,AAVE/USDT:USDT,296.68,4.4,296.67,6.1,296.69,14.2,296.7,5.3
1753591933344,04:52:13.344,binance,AAVE/USDT:USDT,296.68,4.4,296.67,6.1,296.69,14.2,296.7,5.3
1753591933500,04:52:13.500,binance,AAVE/USDT:USDT,296.68,4.6,296.67,17.3,296.69,14.2,296.7,5.3
1753591933904,04:52:13.904,binance,AAVE/USDT:USDT,296.68,4.8,296.67,17.3,296.69,14.2,296.7,5.3
1753591934049,04:52:14.049,binance,AAVE/USDT:USDT,296.68,4.8,296.67,17.7,296.69,14.2,296.7,5.3
1753591934152,04:52:14.152,binance,AAVE/USDT:USDT,296.68,4.8,296.67,17.7,296.69,14.2,296.7,5.3
1753591934348,04:52:14.348,binance,AAVE/USDT:USDT,296.68,4.8,296.67,12.4,296.69,14.2,296.7,5.3
1753591934451,04:52:14.451,binance,AAVE/USDT:USDT,296.68,4.8,296.67,12.4,296.69,14.2,296.7,5.3
1753591934552,04:52:14.552,binance,AAVE/USDT:USDT,296.68,4.8,296.67,12.4,296.69,14.2,296.7,5.3
1753591934656,04:52:14.656,binance,AAVE/USDT:USDT,296.68,4.8,296.67,12.4,296.69,14.2,296.7,5.3
1753591934792,04:52:14.792,binance,AAVE/USDT:USDT,296.68,14.7,296.67,12.4,296.69,8.1,296.7,1.0
1753591934898,04:52:14.898,binance,AAVE/USDT:USDT,296.68,14.8,296.67,12.4,296.69,8.1,296.7,1.0
1753591935004,04:52:15.004,binance,AAVE/USDT:USDT,296.68,14.9,296.67,20.5,296.69,8.1,296.7,1.0
1753591935107,04:52:15.107,binance,AAVE/USDT:USDT,296.68,14.9,296.67,20.5,296.69,8.1,296.7,1.0
1753591935211,04:52:15.211,binance,AAVE/USDT:USDT,296.68,14.9,296.67,20.5,296.69,8.1,296.7,1.0
1753591935326,04:52:15.326,binance,AAVE/USDT:USDT,296.68,14.9,296.67,20.5,296.69,8.1,296.7,1.0
1753591935430,04:52:15.430,binance,AAVE/USDT:USDT,296.68,14.9,296.67,20.5,296.69,8.1,296.7,1.0
1753591935645,04:52:15.645,binance,AAVE/USDT:USDT,296.68,14.9,296.67,14.6,296.69,8.9,296.7,1.0
1753591935748,04:52:15.748,binance,AAVE/USDT:USDT,296.68,13.2,296.67,7.3,296.69,8.9,296.7,1.0
1753591935851,04:52:15.851,binance,AAVE/USDT:USDT,296.68,14.8,296.67,13.2,296.69,8.3,296.7,1.0
1753591935960,04:52:15.960,binance,AAVE/USDT:USDT,296.68,13.2,296.67,6.5,296.69,8.3,296.7,1.0
1753591936063,04:52:16.063,binance,AAVE/USDT:USDT,296.68,13.2,296.67,6.5,296.69,8.3,296.7,1.0
1753591936166,04:52:16.166,binance,AAVE/USDT:USDT,296.68,13.2,296.67,13.2,296.69,8.3,296.7,1.0
1753591936268,04:52:16.268,binance,AAVE/USDT:USDT,296.68,14.8,296.67,13.2,296.69,8.3,296.7,1.0
1753591936554,04:52:16.554,binance,AAVE/USDT:USDT,296.68,14.8,296.67,13.2,296.69,8.3,296.7,1.0
1753591936727,04:52:16.727,binance,AAVE/USDT:USDT,296.68,14.8,296.67,13.2,296.69,8.3,296.7,1.0
1753591936830,04:52:16.830,binance,AAVE/USDT:USDT,296.68,14.8,296.67,13.2,296.69,8.3,296.7,1.0
1753591936931,04:52:16.931,binance,AAVE/USDT:USDT,296.68,14.8,296.67,13.2,296.69,8.3,296.7,1.0
1753591937033,04:52:17.033,binance,AAVE/USDT:USDT,296.68,14.8,296.67,13.2,296.69,8.3,296.7,1.0
1753591937164,04:52:17.164,binance,AAVE/USDT:USDT,296.68,14.8,296.67,13.2,296.69,8.3,296.7,1.0
1753591937267,04:52:17.267,binance,AAVE/USDT:USDT,296.68,14.8,296.67,13.2,296.69,8.4,296.7,1.0
1753591937368,04:52:17.368,binance,AAVE/USDT:USDT,296.68,13.2,296.67,6.5,296.69,8.4,296.7,1.0
1753591937480,04:52:17.480,binance,AAVE/USDT:USDT,296.68,13.2,296.67,6.5,296.69,8.4,296.7,1.0
1753591937625,04:52:17.625,binance,AAVE/USDT:USDT,296.68,13.2,296.67,6.5,296.69,8.4,296.7,1.0
1753591937763,04:52:17.763,binance,AAVE/USDT:USDT,296.68,13.2,296.67,6.5,296.69,8.4,296.7,1.0
1753591937891,04:52:17.891,binance,AAVE/USDT:USDT,296.68,13.2,296.67,6.5,296.69,8.4,296.7,1.0
1753591938014,04:52:18.014,binance,AAVE/USDT:USDT,296.68,13.2,296.67,6.5,296.69,8.4,296.7,1.0
1753591938278,04:52:18.278,binance,AAVE/USDT:USDT,296.68,13.2,296.67,6.5,296.69,8.4,296.7,1.0
1753591938479,04:52:18.479,binance,AAVE/USDT:USDT,296.68,13.2,296.67,6.5,296.69,8.4,296.7,1.0
1753591938608,04:52:18.608,binance,AAVE/USDT:USDT,296.68,13.2,296.67,6.5,296.69,8.4,296.7,1.0
1753591938754,04:52:18.754,binance,AAVE/USDT:USDT,296.68,13.2,296.67,6.5,296.69,8.4,296.7,1.0
1753591938859,04:52:18.859,binance,AAVE/USDT:USDT,296.68,13.2,296.67,6.5,296.69,8.4,296.7,1.0
1753591938974,04:52:18.974,binance,AAVE/USDT:USDT,296.68,13.2,296.67,6.5,296.69,8.4,296.7,1.0
1753591939077,04:52:19.077,binance,AAVE/USDT:USDT,296.68,13.2,296.67,6.5,296.69,8.4,296.7,1.0
1753591939300,04:52:19.300,binance,AAVE/USDT:USDT,296.68,14.8,296.67,12.4,296.69,8.4,296.7,1.0
1753591939437,04:52:19.437,binance,AAVE/USDT:USDT,296.68,14.8,296.67,12.4,296.69,8.4,296.7,1.0
1753591939543,04:52:19.543,binance,AAVE/USDT:USDT,296.68,14.8,296.67,12.4,296.69,8.4,296.7,1.0
1753591939652,04:52:19.652,binance,AAVE/USDT:USDT,296.68,14.8,296.67,12.4,296.69,8.4,296.7,1.0
1753591939755,04:52:19.755,binance,AAVE/USDT:USDT,296.68,9.6,296.67,6.5,296.69,8.4,296.7,1.0
1753591939858,04:52:19.858,binance,AAVE/USDT:USDT,296.68,9.6,296.67,6.5,296.69,8.4,296.7,1.0
1753591939964,04:52:19.964,binance,AAVE/USDT:USDT,296.68,9.6,296.67,6.5,296.69,8.4,296.7,1.0
1753591940079,04:52:20.079,binance,AAVE/USDT:USDT,296.68,9.6,296.67,6.5,296.69,8.4,296.7,1.0
1753591940214,04:52:20.214,binance,AAVE/USDT:USDT,296.68,9.6,296.67,6.5,296.69,8.4,296.7,1.0
1753591940316,04:52:20.316,binance,AAVE/USDT:USDT,296.68,9.6,296.67,6.5,296.69,8.4,296.7,1.0
1753591940423,04:52:20.423,binance,AAVE/USDT:USDT,296.68,13.1,296.67,6.5,296.69,8.4,296.7,1.0
1753591940526,04:52:20.526,binance,AAVE/USDT:USDT,296.68,13.1,296.67,6.5,296.69,8.4,296.7,1.0
1753591940628,04:52:20.628,binance,AAVE/USDT:USDT,296.68,14.7,296.67,7.4,296.69,8.4,296.7,1.0
1753591940731,04:52:20.731,binance,AAVE/USDT:USDT,296.68,14.7,296.67,7.4,296.69,8.4,296.7,1.0
1753591940834,04:52:20.834,binance,AAVE/USDT:USDT,296.68,13.1,296.67,6.6,296.69,8.4,296.7,1.0
1753591940978,04:52:20.978,binance,AAVE/USDT:USDT,296.68,14.7,296.67,7.4,296.69,8.4,296.7,1.0
1753591941080,04:52:21.080,binance,AAVE/USDT:USDT,296.68,14.7,296.67,7.4,296.69,8.4,296.7,1.0
1753591941235,04:52:21.235,binance,AAVE/USDT:USDT,296.68,14.7,296.67,7.4,296.69,8.4,296.7,1.0
1753591941338,04:52:21.338,binance,AAVE/USDT:USDT,296.68,14.7,296.67,7.4,296.69,8.4,296.7,1.0
1753591941443,04:52:21.443,binance,AAVE/USDT:USDT,296.68,14.7,296.67,7.4,296.69,8.4,296.7,1.0
1753591941566,04:52:21.566,binance,AAVE/USDT:USDT,296.68,11.4,296.67,6.5,296.69,8.4,296.7,1.0
1753591941673,04:52:21.673,binance,AAVE/USDT:USDT,296.68,12.8,296.67,6.5,296.69,8.4,296.7,1.0
1753591941799,04:52:21.799,binance,AAVE/USDT:USDT,296.68,12.8,296.67,6.5,296.69,8.4,296.7,1.0
1753591942126,04:52:22.126,binance,AAVE/USDT:USDT,296.68,14.5,296.67,6.5,296.69,9.3,296.7,1.0
1753591942370,04:52:22.370,binance,AAVE/USDT:USDT,296.68,14.5,296.67,6.5,296.69,9.3,296.7,1.0
1753591942472,04:52:22.472,binance,AAVE/USDT:USDT,296.68,14.5,296.67,7.4,296.69,8.6,296.7,1.0
1753591942574,04:52:22.574,binance,AAVE/USDT:USDT,296.68,14.5,296.67,7.4,296.69,8.6,296.7,1.0
1753591942721,04:52:22.721,binance,AAVE/USDT:USDT,296.68,14.5,296.67,7.4,296.69,8.6,296.7,1.0
1753591942839,04:52:22.839,binance,AAVE/USDT:USDT,296.69,38.2,296.68,25.8,296.7,3.2,296.71,0.6
1753591942942,04:52:22.942,binance,AAVE/USDT:USDT,296.7,44.0,296.69,25.4,296.71,3.0,296.72,2.2
1753591943045,04:52:23.045,binance,AAVE/USDT:USDT,296.7,44.1,296.69,25.4,296.71,1.6,296.72,2.2
1753591943152,04:52:23.152,binance,AAVE/USDT:USDT,296.7,44.1,296.69,25.4,296.71,1.7,296.72,2.2
1753591943254,04:52:23.254,binance,AAVE/USDT:USDT,296.72,54.0,296.71,29.3,296.73,0.3,296.74,1.4
1753591943355,04:52:23.355,binance,AAVE/USDT:USDT,296.72,57.3,296.71,43.3,296.73,0.3,296.74,1.4
1753591943456,04:52:23.456,binance,AAVE/USDT:USDT,296.73,43.7,296.72,35.8,296.74,1.4,296.75,1.7
1753591943558,04:52:23.558,binance,AAVE/USDT:USDT,296.73,39.8,296.72,35.8,296.74,2.6,296.75,1.6
1753591943661,04:52:23.661,binance,AAVE/USDT:USDT,296.73,39.8,296.72,36.2,296.74,2.4,296.75,1.6
1753591943766,04:52:23.766,binance,AAVE/USDT:USDT,296.73,39.8,296.72,36.2,296.74,2.4,296.75,1.6
1753591943880,04:52:23.880,binance,AAVE/USDT:USDT,296.73,39.8,296.72,36.2,296.74,2.4,296.75,1.6
1753591943983,04:52:23.983,binance,AAVE/USDT:USDT,296.73,39.8,296.72,36.2,296.74,2.4,296.75,1.6
1753591944088,04:52:24.088,binance,AAVE/USDT:USDT,296.73,38.2,296.72,33.3,296.74,8.5,296.75,1.6
1753591944190,04:52:24.190,binance,AAVE/USDT:USDT,296.73,32.8,296.72,20.6,296.74,10.8,296.75,1.6
1753591944293,04:52:24.293,binance,AAVE/USDT:USDT,296.73,32.8,296.72,31.4,296.74,2.4,296.75,1.6
1753591944396,04:52:24.396,binance,AAVE/USDT:USDT,296.73,32.8,296.72,31.4,296.74,8.4,296.75,1.6
1753591944498,04:52:24.498,binance,AAVE/USDT:USDT,296.73,32.8,296.72,31.4,296.74,2.4,296.75,1.6
1753591944601,04:52:24.601,binance,AAVE/USDT:USDT,296.73,32.8,296.72,26.5,296.74,2.4,296.75,1.6
1753591944702,04:52:24.702,binance,AAVE/USDT:USDT,296.73,32.8,296.72,26.5,296.74,2.4,296.75,1.6
1753591944804,04:52:24.804,binance,AAVE/USDT:USDT,296.73,36.8,296.72,31.4,296.74,2.4,296.75,1.6
1753591944912,04:52:24.912,binance,AAVE/USDT:USDT,296.73,36.8,296.72,31.4,296.74,2.4,296.75,1.6
1753591945116,04:52:25.116,binance,AAVE/USDT:USDT,296.73,36.8,296.72,31.4,296.74,2.4,296.75,1.6
1753591945219,04:52:25.219,binance,AAVE/USDT:USDT,296.74,54.2,296.73,26.4,296.75,1.6,296.76,0.5
1753591945322,04:52:25.322,binance,AAVE/USDT:USDT,296.74,54.3,296.73,18.3,296.75,1.6,296.76,0.5
1753591945427,04:52:25.427,binance,AAVE/USDT:USDT,296.74,54.6,296.73,18.3,296.75,2.7,296.76,0.4
1753591945529,04:52:25.529,binance,AAVE/USDT:USDT,296.74,54.7,296.73,18.3,296.75,2.7,296.76,0.4
1753591945638,04:52:25.638,binance,AAVE/USDT:USDT,296.74,56.1,296.73,18.3,296.75,2.7,296.76,0.4
1753591945743,04:52:25.743,binance,AAVE/USDT:USDT,296.74,56.1,296.73,18.3,296.75,2.7,296.76,0.4
1753591945849,04:52:25.849,binance,AAVE/USDT:USDT,296.74,56.1,296.73,18.3,296.75,2.7,296.76,0.4
1753591945954,04:52:25.954,binance,AAVE/USDT:USDT,296.74,42.3,296.73,14.3,296.75,8.8,296.76,4.4
1753591946056,04:52:26.056,binance,AAVE/USDT:USDT,296.74,17.8,296.73,14.3,296.75,8.8,296.76,0.4
1753591946159,04:52:26.159,binance,AAVE/USDT:USDT,296.74,17.8,296.73,14.3,296.75,8.8,296.76,0.4
1753591946260,04:52:26.260,binance,AAVE/USDT:USDT,296.74,17.8,296.73,14.3,296.75,8.8,296.76,0.4
1753591946367,04:52:26.367,binance,AAVE/USDT:USDT,296.74,17.8,296.73,14.4,296.75,2.7,296.76,0.4
1753591946470,04:52:26.470,binance,AAVE/USDT:USDT,296.74,17.8,296.73,14.4,296.75,8.8,296.76,0.4
1753591946571,04:52:26.571,binance,AAVE/USDT:USDT,296.74,17.8,296.73,14.3,296.75,8.8,296.76,0.4
1753591946689,04:52:26.689,binance,AAVE/USDT:USDT,296.74,16.3,296.73,14.3,296.75,8.8,296.76,0.4
1753591946792,04:52:26.792,binance,AAVE/USDT:USDT,296.74,16.3,296.73,14.3,296.75,8.8,296.76,0.4
1753591946936,04:52:26.936,binance,AAVE/USDT:USDT,296.74,16.3,296.73,14.3,296.75,8.8,296.76,0.4
1753591947100,04:52:27.100,binance,AAVE/USDT:USDT,296.74,16.3,296.73,14.3,296.75,8.8,296.76,0.4
1753591947339,04:52:27.339,binance,AAVE/USDT:USDT,296.74,16.3,296.73,14.3,296.75,7.5,296.76,0.4
1753591947529,04:52:27.529,binance,AAVE/USDT:USDT,296.74,16.3,296.73,14.3,296.75,7.5,296.76,0.4
1753591947631,04:52:27.631,binance,AAVE/USDT:USDT,296.74,16.3,296.73,14.3,296.75,7.5,296.76,0.4
1753591947756,04:52:27.756,binance,AAVE/USDT:USDT,296.74,16.3,296.73,14.3,296.75,7.5,296.76,0.4
1753591947860,04:52:27.860,binance,AAVE/USDT:USDT,296.74,16.3,296.73,14.3,296.75,7.5,296.76,0.4
1753591948004,04:52:28.004,binance,AAVE/USDT:USDT,296.74,16.3,296.73,19.2,296.75,1.4,296.76,0.4
1753591948111,04:52:28.111,binance,AAVE/USDT:USDT,296.74,16.8,296.73,19.3,296.75,7.5,296.76,0.4
1753591948214,04:52:28.214,binance,AAVE/USDT:USDT,296.74,16.3,296.73,14.4,296.75,7.5,296.76,0.4
1753591948317,04:52:28.317,binance,AAVE/USDT:USDT,296.74,16.7,296.73,5.4,296.75,10.8,296.76,8.5
1753591948425,04:52:28.425,binance,AAVE/USDT:USDT,296.74,15.3,296.73,5.4,296.75,7.5,296.76,4.5
1753591948531,04:52:28.531,binance,AAVE/USDT:USDT,296.74,18.8,296.73,5.4,296.75,7.5,296.76,4.5
1753591948633,04:52:28.633,binance,AAVE/USDT:USDT,296.74,18.8,296.73,10.3,296.75,7.5,296.76,4.5
1753591948736,04:52:28.736,binance,AAVE/USDT:USDT,296.74,18.8,296.73,10.3,296.75,7.5,296.76,4.5
1753591948839,04:52:28.839,binance,AAVE/USDT:USDT,296.74,17.1,296.73,10.3,296.75,7.5,296.76,4.5
1753591949056,04:52:29.056,binance,AAVE/USDT:USDT,296.74,17.1,296.73,10.3,296.75,7.5,296.76,4.5
1753591949161,04:52:29.161,binance,AAVE/USDT:USDT,296.74,17.1,296.73,10.3,296.75,7.5,296.76,4.5
1753591949279,04:52:29.279,binance,AAVE/USDT:USDT,296.74,15.3,296.73,5.4,296.75,9.7,296.76,4.5
1753591949383,04:52:29.383,binance,AAVE/USDT:USDT,296.74,15.3,296.72,14.1,296.75,9.7,296.76,8.5
1753591949494,04:52:29.494,binance,AAVE/USDT:USDT,296.74,15.3,296.72,8.0,296.75,9.7,296.76,8.5
1753591949613,04:52:29.613,binance,AAVE/USDT:USDT,296.74,18.8,296.72,9.6,296.75,9.7,296.76,4.5
1753591949714,04:52:29.714,binance,AAVE/USDT:USDT,296.74,18.8,296.72,9.6,296.75,9.7,296.76,4.5
1753591949820,04:52:29.820,binance,AAVE/USDT:USDT,296.74,15.3,296.73,0.8,296.75,9.7,296.76,4.5
1753591949922,04:52:29.922,binance,AAVE/USDT:USDT,296.74,15.3,296.72,3.9,296.75,9.9,296.76,4.5
1753591950028,04:52:30.028,binance,AAVE/USDT:USDT,296.74,15.3,296.72,0.8,296.75,9.9,296.76,8.5
1753591950131,04:52:30.131,binance,AAVE/USDT:USDT,296.74,15.3,296.72,0.8,296.75,9.9,296.76,8.5
1753591950238,04:52:30.238,binance,AAVE/USDT:USDT,296.74,15.3,296.72,1.6,296.75,9.9,296.76,4.5
1753591950766,04:52:30.766,binance,AAVE/USDT:USDT,296.74,16.3,296.72,1.6,296.75,9.9,296.76,4.5
1753591950869,04:52:30.869,binance,AAVE/USDT:USDT,296.74,16.3,296.72,1.6,296.75,9.9,296.76,4.5
1753591950978,04:52:30.978,binance,AAVE/USDT:USDT,296.74,16.3,296.72,1.6,296.75,9.9,296.76,4.5
1753591951096,04:52:31.096,binance,AAVE/USDT:USDT,296.74,22.0,296.73,0.8,296.75,1.5,296.76,0.3
1753591951198,04:52:31.198,binance,AAVE/USDT:USDT,296.74,16.3,296.72,1.6,296.75,13.2,296.76,4.4
1753591951403,04:52:31.403,binance,AAVE/USDT:USDT,296.74,16.3,296.72,1.6,296.75,13.2,296.76,4.4
1753591951506,04:52:31.506,binance,AAVE/USDT:USDT,296.74,16.3,296.72,1.6,296.75,13.2,296.76,4.4
1753591951609,04:52:31.609,binance,AAVE/USDT:USDT,296.74,16.9,296.72,5.7,296.75,13.2,296.76,4.4
1753591951728,04:52:31.728,binance,AAVE/USDT:USDT,296.74,16.9,296.72,5.7,296.75,13.2,296.76,4.4
1753591951831,04:52:31.831,binance,AAVE/USDT:USDT,296.74,16.9,296.72,5.7,296.75,13.2,296.76,4.4
1753591951992,04:52:31.992,binance,AAVE/USDT:USDT,296.74,21.0,296.72,11.3,296.75,7.6,296.76,0.3
1753591952094,04:52:32.094,binance,AAVE/USDT:USDT,296.74,21.0,296.73,0.8,296.75,1.6,296.76,0.3
1753591952197,04:52:32.197,binance,AAVE/USDT:USDT,296.74,21.0,296.73,0.9,296.75,1.6,296.76,0.3
1753591952334,04:52:32.334,binance,AAVE/USDT:USDT,296.74,23.8,296.73,0.1,296.75,12.0,296.76,0.3
1753591952436,04:52:32.436,binance,AAVE/USDT:USDT,296.74,23.8,296.73,0.1,296.75,12.0,296.76,0.3
1753591952597,04:52:32.597,binance,AAVE/USDT:USDT,296.74,23.8,296.73,0.1,296.75,12.0,296.76,0.3
1753591952701,04:52:32.701,binance,AAVE/USDT:USDT,296.74,19.7,296.72,0.8,296.75,12.0,296.76,4.4
1753591952806,04:52:32.806,binance,AAVE/USDT:USDT,296.74,19.7,296.72,0.8,296.75,12.1,296.76,4.4
1753591953014,04:52:33.014,binance,AAVE/USDT:USDT,296.74,19.7,296.72,0.8,296.75,12.1,296.76,4.4
1753591953122,04:52:33.122,binance,AAVE/USDT:USDT,296.74,19.7,296.72,0.9,296.75,12.1,296.76,4.4
1753591953225,04:52:33.225,binance,AAVE/USDT:USDT,296.74,19.7,296.72,0.9,296.75,12.3,296.76,4.4
1753591953338,04:52:33.338,binance,AAVE/USDT:USDT,296.74,19.7,296.72,0.9,296.75,15.6,296.76,4.4
1753591953444,04:52:33.444,binance,AAVE/USDT:USDT,296.74,19.5,296.72,0.8,296.75,15.5,296.76,4.4
1753591953545,04:52:33.545,binance,AAVE/USDT:USDT,296.74,21.7,296.72,0.8,296.75,15.5,296.76,4.4
1753591953653,04:52:33.653,binance,AAVE/USDT:USDT,296.74,21.7,296.72,0.8,296.75,15.5,296.76,4.4
1753591953756,04:52:33.756,binance,AAVE/USDT:USDT,296.74,21.7,296.72,11.1,296.75,15.5,296.76,4.4
1753591953865,04:52:33.865,binance,AAVE/USDT:USDT,296.74,21.7,296.72,11.2,296.75,15.5,296.76,4.4
1753591953971,04:52:33.971,binance,AAVE/USDT:USDT,296.74,21.7,296.72,11.2,296.75,15.5,296.76,4.4
1753591954079,04:52:34.079,binance,AAVE/USDT:USDT,296.74,21.7,296.72,11.2,296.75,15.5,296.76,4.4
1753591954232,04:52:34.232,binance,AAVE/USDT:USDT,296.74,21.7,296.72,11.2,296.75,15.3,296.76,4.4
1753591954337,04:52:34.337,binance,AAVE/USDT:USDT,296.74,21.9,296.72,11.2,296.75,17.3,296.76,4.4
1753591954440,04:52:34.440,binance,AAVE/USDT:USDT,296.74,21.9,296.72,11.2,296.75,17.3,296.76,4.4
1753591954584,04:52:34.584,binance,AAVE/USDT:USDT,296.74,21.9,296.72,0.9,296.75,17.3,296.76,4.4
1753591954689,04:52:34.689,binance,AAVE/USDT:USDT,296.74,21.9,296.72,0.8,296.75,17.3,296.76,4.4
1753591954792,04:52:34.792,binance,AAVE/USDT:USDT,296.74,21.9,296.72,0.8,296.75,17.3,296.76,4.4
1753591954895,04:52:34.895,binance,AAVE/USDT:USDT,296.74,21.9,296.72,0.8,296.75,17.3,296.76,4.4
1753591955036,04:52:35.036,binance,AAVE/USDT:USDT,296.74,21.9,296.72,0.8,296.75,17.3,296.76,4.4
1753591955167,04:52:35.167,binance,AAVE/USDT:USDT,296.74,21.9,296.72,0.8,296.75,17.3,296.76,4.4
1753591955281,04:52:35.281,binance,AAVE/USDT:USDT,296.74,21.9,296.72,0.8,296.75,17.3,296.76,4.4
1753591955401,04:52:35.401,binance,AAVE/USDT:USDT,296.71,0.6,296.7,0.6,296.72,35.5,296.73,34.1
1753591955503,04:52:35.503,binance,AAVE/USDT:USDT,296.71,0.7,296.7,0.6,296.72,36.4,296.73,36.5
1753591955606,04:52:35.606,binance,AAVE/USDT:USDT,296.71,0.7,296.7,0.6,296.72,35.7,296.73,36.5
1753591955709,04:52:35.709,binance,AAVE/USDT:USDT,296.71,0.7,296.7,0.6,296.72,35.7,296.73,32.5
1753591955812,04:52:35.812,binance,AAVE/USDT:USDT,296.71,6.8,296.7,0.5,296.72,35.6,296.73,24.7
1753591955916,04:52:35.916,binance,AAVE/USDT:USDT,296.71,6.8,296.7,1.3,296.72,29.3,296.73,16.9
1753591956019,04:52:36.019,binance,AAVE/USDT:USDT,296.71,6.8,296.7,0.5,296.72,29.3,296.73,16.9
1753591956120,04:52:36.120,binance,AAVE/USDT:USDT,296.71,6.8,296.7,0.5,296.72,29.3,296.73,16.9
1753591956252,04:52:36.252,binance,AAVE/USDT:USDT,296.71,6.8,296.7,0.5,296.72,29.5,296.73,16.9
1753591956357,04:52:36.357,binance,AAVE/USDT:USDT,296.71,0.7,296.7,0.5,296.72,31.1,296.73,22.3
1753591956463,04:52:36.463,binance,AAVE/USDT:USDT,296.71,0.7,296.7,0.5,296.72,29.5,296.73,22.3
1753591956564,04:52:36.564,binance,AAVE/USDT:USDT,296.71,0.7,296.7,0.5,296.72,29.5,296.73,24.7
1753591956667,04:52:36.667,binance,AAVE/USDT:USDT,296.71,0.7,296.7,0.5,296.72,29.5,296.73,24.7
1753591956770,04:52:36.770,binance,AAVE/USDT:USDT,296.71,0.7,296.7,0.5,296.72,29.5,296.73,24.7
1753591956872,04:52:36.872,binance,AAVE/USDT:USDT,296.71,0.7,296.7,0.5,296.72,29.8,296.73,24.7
1753591956987,04:52:36.987,binance,AAVE/USDT:USDT,296.71,0.7,296.7,0.5,296.72,29.8,296.73,24.7
1753591957105,04:52:37.105,binance,AAVE/USDT:USDT,296.71,0.7,296.7,0.5,296.72,29.8,296.73,24.7
1753591957259,04:52:37.259,binance,AAVE/USDT:USDT,296.71,0.5,296.7,0.5,296.72,35.5,296.73,28.8
1753591957362,04:52:37.362,binance,AAVE/USDT:USDT,296.71,0.5,296.7,0.5,296.72,33.9,296.73,28.8
1753591957465,04:52:37.465,binance,AAVE/USDT:USDT,296.71,0.5,296.7,0.5,296.72,33.8,296.73,28.7
1753591957603,04:52:37.603,binance,AAVE/USDT:USDT,296.71,0.5,296.7,0.5,296.72,33.8,296.73,24.7
1753591957714,04:52:37.714,binance,AAVE/USDT:USDT,296.71,0.5,296.7,0.5,296.72,33.8,296.73,24.7
1753591957818,04:52:37.818,binance,AAVE/USDT:USDT,296.71,0.5,296.7,0.5,296.72,33.8,296.73,24.7
1753591957921,04:52:37.921,binance,AAVE/USDT:USDT,296.71,0.5,296.7,0.5,296.72,33.8,296.73,24.7
1753591958025,04:52:38.025,binance,AAVE/USDT:USDT,296.71,0.5,296.7,0.5,296.72,33.8,296.73,24.7
1753591958175,04:52:38.175,binance,AAVE/USDT:USDT,296.7,1.0,296.69,0.7,296.71,45.1,296.72,25.7
1753591958280,04:52:38.280,binance,AAVE/USDT:USDT,296.7,0.8,296.69,0.7,296.71,45.2,296.72,25.7
1753591958384,04:52:38.384,binance,AAVE/USDT:USDT,296.7,0.8,296.69,0.7,296.71,45.2,296.72,25.7
1753591958562,04:52:38.562,binance,AAVE/USDT:USDT,296.7,0.9,296.69,0.7,296.71,45.2,296.72,21.6
1753591958667,04:52:38.667,binance,AAVE/USDT:USDT,296.7,0.9,296.69,0.7,296.71,45.2,296.72,21.6
1753591958772,04:52:38.772,binance,AAVE/USDT:USDT,296.7,8.5,296.69,0.6,296.71,40.6,296.72,17.6
1753591958873,04:52:38.873,binance,AAVE/USDT:USDT,296.7,8.5,296.69,0.6,296.71,17.2,296.72,17.6
1753591958974,04:52:38.974,binance,AAVE/USDT:USDT,296.7,10.3,296.69,1.4,296.71,11.9,296.72,17.6
1753591959077,04:52:39.077,binance,AAVE/USDT:USDT,296.7,12.0,296.69,7.0,296.71,6.2,296.72,17.6
1753591959285,04:52:39.285,binance,AAVE/USDT:USDT,296.7,8.5,296.69,7.0,296.71,6.2,296.72,17.6
1753591959404,04:52:39.404,binance,AAVE/USDT:USDT,296.7,8.5,296.69,1.4,296.71,6.2,296.72,17.6
1753591959508,04:52:39.508,binance,AAVE/USDT:USDT,296.7,7.0,296.69,0.6,296.71,11.1,296.72,17.6
1753591959611,04:52:39.611,binance,AAVE/USDT:USDT,296.7,7.0,296.69,0.6,296.71,11.1,296.72,23.0
1753591959714,04:52:39.714,binance,AAVE/USDT:USDT,296.72,61.1,296.71,20.0,296.73,0.1,296.74,2.6
1753591959817,04:52:39.817,binance,AAVE/USDT:USDT,296.7,0.7,296.69,0.6,296.71,26.7,296.72,19.1
1753591959918,04:52:39.918,binance,AAVE/USDT:USDT,296.7,6.9,296.69,0.6,296.71,24.2,296.72,17.2
1753591960021,04:52:40.021,binance,AAVE/USDT:USDT,296.7,6.9,296.69,0.6,296.71,24.2,296.72,14.9
1753591960123,04:52:40.123,binance,AAVE/USDT:USDT,296.7,6.9,296.69,0.6,296.71,18.6,296.72,14.9
1753591960225,04:52:40.225,binance,AAVE/USDT:USDT,296.7,6.9,296.69,0.6,296.71,18.6,296.72,14.9
1753591960336,04:52:40.336,binance,AAVE/USDT:USDT,296.7,12.0,296.69,1.4,296.71,6.7,296.72,11.8
1753591960438,04:52:40.438,binance,AAVE/USDT:USDT,296.7,12.0,296.69,1.4,296.71,6.7,296.72,11.8
1753591960543,04:52:40.543,binance,AAVE/USDT:USDT,296.7,0.8,296.69,0.6,296.71,14.9,296.72,14.7
1753591960646,04:52:40.646,binance,AAVE/USDT:USDT,296.7,0.8,296.69,0.6,296.71,14.9,296.72,14.7
1753591960749,04:52:40.749,binance,AAVE/USDT:USDT,296.7,0.8,296.69,0.6,296.71,14.9,296.72,14.7
1753591960865,04:52:40.865,binance,AAVE/USDT:USDT,296.7,0.8,296.69,0.6,296.71,14.9,296.72,11.8
1753591960968,04:52:40.968,binance,AAVE/USDT:USDT,296.7,0.8,296.69,0.6,296.71,17.4,296.72,12.6
1753591961071,04:52:41.071,binance,AAVE/USDT:USDT,296.7,0.8,296.69,0.6,296.71,17.5,296.72,12.6
1753591961174,04:52:41.174,binance,AAVE/USDT:USDT,296.7,0.8,296.69,0.6,296.71,17.5,296.72,11.8
1753591961283,04:52:41.283,binance,AAVE/USDT:USDT,296.7,0.8,296.69,0.6,296.71,17.5,296.72,15.5
1753591961386,04:52:41.386,binance,AAVE/USDT:USDT,296.7,1.0,296.69,0.6,296.71,17.5,296.72,15.5
1753591961487,04:52:41.487,binance,AAVE/USDT:USDT,296.69,1.0,296.68,0.4,296.7,47.1,296.71,31.0
1753591961590,04:52:41.590,binance,AAVE/USDT:USDT,296.69,1.0,296.68,0.4,296.7,47.2,296.71,27.0
1753591961694,04:52:41.694,binance,AAVE/USDT:USDT,296.69,1.0,296.68,0.4,296.7,43.2,296.71,27.0
1753591961797,04:52:41.797,binance,AAVE/USDT:USDT,296.69,1.0,296.68,0.4,296.7,43.2,296.71,27.0
1753591961913,04:52:41.913,binance,AAVE/USDT:USDT,296.69,1.0,296.68,0.4,296.7,43.2,296.71,27.0
1753591962017,04:52:42.017,binance,AAVE/USDT:USDT,296.69,1.0,296.68,0.4,296.7,43.2,296.71,27.0
1753591962120,04:52:42.120,binance,AAVE/USDT:USDT,296.69,1.0,296.68,0.4,296.7,43.2,296.71,23.0
1753591962270,04:52:42.270,binance,AAVE/USDT:USDT,296.69,1.0,296.68,0.4,296.7,43.2,296.71,23.0
1753591962373,04:52:42.373,binance,AAVE/USDT:USDT,296.69,20.0,296.68,5.2,296.7,5.6,296.71,17.6
1753591962475,04:52:42.475,binance,AAVE/USDT:USDT,296.69,20.1,296.68,4.5,296.7,5.6,296.71,17.6
1753591962578,04:52:42.578,binance,AAVE/USDT:USDT,296.69,20.1,296.68,4.5,296.7,5.6,296.71,17.6
1753591962759,04:52:42.759,binance,AAVE/USDT:USDT,296.69,20.1,296.68,4.5,296.7,5.6,296.71,17.6
1753591962865,04:52:42.865,binance,AAVE/USDT:USDT,296.69,10.5,296.68,4.5,296.7,7.2,296.71,17.6
1753591962968,04:52:42.968,binance,AAVE/USDT:USDT,296.69,10.5,296.68,4.4,296.7,5.6,296.71,17.6
1753591963070,04:52:43.070,binance,AAVE/USDT:USDT,296.69,10.5,296.68,4.4,296.7,12.1,296.71,11.0
1753591963182,04:52:43.182,binance,AAVE/USDT:USDT,296.69,10.5,296.68,4.4,296.7,12.1,296.71,11.0
1753591963285,04:52:43.285,binance,AAVE/USDT:USDT,296.69,10.5,296.68,4.4,296.7,12.1,296.71,11.0
1753591963387,04:52:43.387,binance,AAVE/USDT:USDT,296.69,14.4,296.68,4.4,296.7,12.1,296.71,11.0
1753591963492,04:52:43.492,binance,AAVE/USDT:USDT,296.69,14.4,296.68,4.4,296.7,12.9,296.71,8.7
1753591963593,04:52:43.593,binance,AAVE/USDT:USDT,296.69,12.7,296.68,8.4,296.7,12.9,296.71,8.7
1753591963695,04:52:43.695,binance,AAVE/USDT:USDT,296.69,16.0,296.68,9.2,296.7,7.8,296.71,8.7
1753591963797,04:52:43.797,binance,AAVE/USDT:USDT,296.69,16.0,296.68,8.4,296.7,7.8,296.71,8.7
1753591963904,04:52:43.904,binance,AAVE/USDT:USDT,296.69,16.0,296.68,16.5,296.7,7.8,296.71,8.7
1753591964007,04:52:44.007,binance,AAVE/USDT:USDT,296.69,16.0,296.68,16.5,296.7,7.8,296.71,8.7
1753591964138,04:52:44.138,binance,AAVE/USDT:USDT,296.69,16.0,296.68,16.5,296.7,7.8,296.71,8.7
1753591964244,04:52:44.244,binance,AAVE/USDT:USDT,296.69,10.9,296.68,8.4,296.7,7.8,296.71,8.7
1753591964350,04:52:44.350,binance,AAVE/USDT:USDT,296.69,10.9,296.68,8.4,296.7,7.8,296.71,8.7
1753591964453,04:52:44.453,binance,AAVE/USDT:USDT,296.69,10.9,296.68,8.4,296.7,7.8,296.71,8.7
1753591964599,04:52:44.599,binance,AAVE/USDT:USDT,296.69,10.9,296.68,8.4,296.7,7.8,296.71,8.7
1753591964710,04:52:44.710,binance,AAVE/USDT:USDT,296.69,10.9,296.68,8.4,296.7,7.8,296.71,8.7
1753591964829,04:52:44.829,binance,AAVE/USDT:USDT,296.69,14.4,296.68,8.4,296.7,7.8,296.71,8.7
1753591965033,04:52:45.033,binance,AAVE/USDT:USDT,296.69,12.7,296.68,8.4,296.7,7.8,296.71,8.7
1753591965198,04:52:45.198,binance,AAVE/USDT:USDT,296.69,12.7,296.68,8.4,296.7,7.8,296.71,8.7
1753591965358,04:52:45.358,binance,AAVE/USDT:USDT,296.69,10.9,296.68,8.4,296.7,7.8,296.71,8.7
1753591965464,04:52:45.464,binance,AAVE/USDT:USDT,296.69,10.9,296.68,8.4,296.7,7.8,296.71,8.7
1753591965570,04:52:45.570,binance,AAVE/USDT:USDT,296.69,10.9,296.68,8.4,296.7,7.8,296.71,8.7
1753591965684,04:52:45.684,binance,AAVE/USDT:USDT,296.69,14.4,296.68,8.5,296.7,7.8,296.71,8.7
1753591965799,04:52:45.799,binance,AAVE/USDT:USDT,296.69,14.4,296.68,8.5,296.7,7.8,296.71,8.7
1753591965953,04:52:45.953,binance,AAVE/USDT:USDT,296.69,14.4,296.68,8.5,296.7,7.8,296.71,8.7
1753591966237,04:52:46.237,binance,AAVE/USDT:USDT,296.7,49.5,296.69,13.8,296.71,2.6,296.72,6.3
1753591966340,04:52:46.340,binance,AAVE/USDT:USDT,296.7,49.6,296.69,13.8,296.71,2.7,296.72,6.3
1753591966442,04:52:46.442,binance,AAVE/USDT:USDT,296.7,49.6,296.69,13.8,296.71,2.7,296.72,6.3
1753591966581,04:52:46.581,binance,AAVE/USDT:USDT,296.7,49.6,296.69,13.8,296.71,2.7,296.72,6.3
1753591966684,04:52:46.684,binance,AAVE/USDT:USDT,296.7,49.6,296.69,13.5,296.71,3.1,296.72,6.3
1753591966826,04:52:46.826,binance,AAVE/USDT:USDT,296.7,49.6,296.69,13.5,296.71,3.1,296.72,6.3
1753591966939,04:52:46.939,binance,AAVE/USDT:USDT,296.7,49.6,296.69,13.5,296.71,3.1,296.72,6.3
1753591967056,04:52:47.056,binance,AAVE/USDT:USDT,296.7,49.8,296.69,13.4,296.71,3.1,296.72,0.2
1753591967162,04:52:47.162,binance,AAVE/USDT:USDT,296.72,50.1,296.71,26.3,296.73,0.1,296.74,0.1
1753591967263,04:52:47.263,binance,AAVE/USDT:USDT,296.72,50.2,296.71,28.7,296.73,0.1,296.74,0.1
1753591967367,04:52:47.367,binance,AAVE/USDT:USDT,296.72,50.2,296.71,28.7,296.73,0.4,296.74,0.1
1753591967478,04:52:47.478,binance,AAVE/USDT:USDT,296.72,50.2,296.71,22.3,296.73,0.5,296.74,0.1
1753591967581,04:52:47.581,binance,AAVE/USDT:USDT,296.72,50.2,296.71,22.2,296.73,0.5,296.74,0.1
1753591967710,04:52:47.710,binance,AAVE/USDT:USDT,296.72,50.2,296.71,22.2,296.73,0.5,296.74,0.1
1753591967823,04:52:47.823,binance,AAVE/USDT:USDT,296.72,50.2,296.71,22.2,296.73,0.5,296.74,0.1
1753591967927,04:52:47.927,binance,AAVE/USDT:USDT,296.72,50.2,296.71,22.6,296.73,0.5,296.74,0.1
1753591968147,04:52:48.147,binance,AAVE/USDT:USDT,296.74,44.5,296.73,25.0,296.75,1.2,296.76,1.4
1753591968251,04:52:48.251,binance,AAVE/USDT:USDT,296.74,44.6,296.73,25.0,296.75,1.3,296.76,1.4
1753591968355,04:52:48.355,binance,AAVE/USDT:USDT,296.74,44.7,296.73,25.0,296.75,1.3,296.76,1.4
1753591968461,04:52:48.461,binance,AAVE/USDT:USDT,296.74,44.7,296.73,25.0,296.75,1.3,296.76,1.4
1753591968566,04:52:48.566,binance,AAVE/USDT:USDT,296.74,44.7,296.73,25.0,296.75,1.3,296.76,1.4
1753591968669,04:52:48.669,binance,AAVE/USDT:USDT,296.74,44.7,296.73,25.0,296.75,1.3,296.76,1.4
1753591968775,04:52:48.775,binance,AAVE/USDT:USDT,296.74,44.7,296.73,25.0,296.75,1.3,296.76,1.4
1753591969015,04:52:49.015,binance,AAVE/USDT:USDT,296.74,47.6,296.73,30.2,296.75,1.1,296.76,1.4
1753591969141,04:52:49.141,binance,AAVE/USDT:USDT,296.74,44.7,296.73,25.0,296.75,1.1,296.76,1.4
1753591969245,04:52:49.245,binance,AAVE/USDT:USDT,296.74,44.7,296.73,25.0,296.75,2.0,296.76,1.4
1753591969347,04:52:49.347,binance,AAVE/USDT:USDT,296.74,44.7,296.73,25.0,296.75,2.0,296.76,1.4
1753591969498,04:52:49.498,binance,AAVE/USDT:USDT,296.74,44.7,296.73,25.0,296.75,2.0,296.76,1.4
1753591969600,04:52:49.600,binance,AAVE/USDT:USDT,296.74,39.3,296.73,25.0,296.75,2.0,296.76,1.4
1753591969707,04:52:49.707,binance,AAVE/USDT:USDT,296.74,39.3,296.73,21.9,296.75,2.0,296.76,1.4
1753591969809,04:52:49.809,binance,AAVE/USDT:USDT,296.74,39.3,296.73,21.9,296.75,2.0,296.76,1.4
1753591969962,04:52:49.962,binance,AAVE/USDT:USDT,296.74,39.3,296.73,21.9,296.75,2.0,296.76,1.4
1753591970067,04:52:50.067,binance,AAVE/USDT:USDT,296.74,39.3,296.73,21.9,296.75,2.0,296.76,1.4
1753591970170,04:52:50.170,binance,AAVE/USDT:USDT,296.74,39.3,296.73,21.9,296.75,2.0,296.76,1.0
1753591970272,04:52:50.272,binance,AAVE/USDT:USDT,296.74,39.3,296.73,21.9,296.75,2.0,296.76,1.0
1753591970375,04:52:50.375,binance,AAVE/USDT:USDT,296.74,39.3,296.73,21.9,296.75,2.0,296.76,1.0
1753591970539,04:52:50.539,binance,AAVE/USDT:USDT,296.74,39.3,296.73,21.9,296.75,2.0,296.76,1.0
1753591970642,04:52:50.642,binance,AAVE/USDT:USDT,296.74,38.7,296.73,21.9,296.75,2.0,296.76,1.0
1753591970756,04:52:50.756,binance,AAVE/USDT:USDT,296.74,38.7,296.73,21.9,296.75,2.0,296.76,1.0
1753591970867,04:52:50.867,binance,AAVE/USDT:USDT,296.74,28.2,296.73,17.9,296.75,8.0,296.76,1.8
1753591970971,04:52:50.971,binance,AAVE/USDT:USDT,296.74,28.2,296.73,17.9,296.75,8.1,296.76,1.0
1753591971074,04:52:51.074,binance,AAVE/USDT:USDT,296.74,28.2,296.73,17.9,296.75,8.1,296.76,1.8
1753591971177,04:52:51.177,binance,AAVE/USDT:USDT,296.74,13.5,296.73,12.5,296.75,10.9,296.76,1.8
1753591971294,04:52:51.294,binance,AAVE/USDT:USDT,296.74,13.5,296.73,12.5,296.75,10.9,296.76,1.0
1753591971397,04:52:51.397,binance,AAVE/USDT:USDT,296.74,22.0,296.73,12.5,296.75,8.1,296.76,1.0
1753591971500,04:52:51.500,binance,AAVE/USDT:USDT,296.74,22.0,296.73,12.5,296.75,8.1,296.76,1.8
1753591971765,04:52:51.765,binance,AAVE/USDT:USDT,296.74,22.0,296.73,12.5,296.75,8.1,296.76,1.8
1753591971868,04:52:51.868,binance,AAVE/USDT:USDT,296.74,22.0,296.73,12.5,296.75,8.1,296.76,1.8
1753591971970,04:52:51.970,binance,AAVE/USDT:USDT,296.74,22.0,296.73,12.5,296.75,8.1,296.76,1.8
1753591972081,04:52:52.081,binance,AAVE/USDT:USDT,296.74,22.0,296.73,12.5,296.75,8.1,296.76,1.8
