timestamp,time,symbol,bid1_price,bid1_volume,bid2_price,bid2_volume,ask1_price,ask1_volume,ask2_price,ask2_volume
1753546954302,16:22:34.302,ACH/USDT:USDT,0.02297,832.0,0.02296,1812.0,0.02298,360.0,0.02299,1437.0
1753546954602,16:22:34.602,ACH/USDT:USDT,0.02297,726.0,0.02296,2907.0,0.02298,337.0,0.02299,1719.0
1753546954902,16:22:34.902,ACH/USDT:USDT,0.02297,726.0,0.02296,2907.0,0.02298,295.0,0.02299,1719.0
1753546955202,16:22:35.202,ACH/USDT:USDT,0.02297,982.0,0.02296,2907.0,0.02298,281.0,0.02299,1719.0
1753546955302,16:22:35.302,ACH/USDT:USDT,0.02297,982.0,0.02296,2907.0,0.02298,189.0,0.02299,1724.0
1753546955802,16:22:35.802,ACH/USDT:USDT,0.02298,571.0,0.02297,1706.0,0.02299,477.0,0.023,1808.0
1753546955902,16:22:35.902,ACH/USDT:USDT,0.02298,284.0,0.02297,2218.0,0.02299,356.0,0.023,2196.0
1753546956102,16:22:36.102,ACH/USDT:USDT,0.02298,284.0,0.02297,2218.0,0.02299,283.0,0.023,2566.0
1753546956202,16:22:36.202,ACH/USDT:USDT,0.02298,284.0,0.02297,2218.0,0.02299,283.0,0.023,2566.0
1753546956302,16:22:36.302,ACH/USDT:USDT,0.02298,284.0,0.02297,2218.0,0.02299,283.0,0.023,2566.0
1753546958702,16:22:38.702,ACH/USDT:USDT,0.02298,542.0,0.02297,2218.0,0.02299,142.0,0.023,1807.0
1753546958902,16:22:38.902,ACH/USDT:USDT,0.02298,542.0,0.02297,2218.0,0.02299,142.0,0.023,1807.0
1753546959002,16:22:39.002,ACH/USDT:USDT,0.02298,542.0,0.02297,2218.0,0.02299,142.0,0.023,1807.0
1753546959402,16:22:39.402,ACH/USDT:USDT,0.02298,544.0,0.02297,2218.0,0.02299,142.0,0.023,1807.0
1753546959602,16:22:39.602,ACH/USDT:USDT,0.02298,544.0,0.02297,2218.0,0.02299,142.0,0.023,1807.0
1753546959702,16:22:39.702,ACH/USDT:USDT,0.02298,544.0,0.02297,2218.0,0.02299,142.0,0.023,1807.0
1753546959902,16:22:39.902,ACH/USDT:USDT,0.02298,544.0,0.02297,2218.0,0.02299,142.0,0.023,1807.0
1753546961102,16:22:41.102,ACH/USDT:USDT,0.02298,663.0,0.02297,1485.0,0.02299,257.0,0.023,1345.0
1753546961202,16:22:41.202,ACH/USDT:USDT,0.02298,550.0,0.02297,1485.0,0.02299,228.0,0.023,1345.0
1753546963002,16:22:43.002,ACH/USDT:USDT,0.02298,292.0,0.02297,1485.0,0.02299,142.0,0.023,1388.0
1753546963102,16:22:43.102,ACH/USDT:USDT,0.02298,146.0,0.02297,1485.0,0.02299,285.0,0.023,1388.0
1753546963802,16:22:43.802,ACH/USDT:USDT,0.02298,3.0,0.02297,1290.0,0.02299,678.0,0.023,2206.0
1753546964102,16:22:44.102,ACH/USDT:USDT,0.02298,3.0,0.02297,1290.0,0.02299,678.0,0.023,2206.0
1753546964202,16:22:44.202,ACH/USDT:USDT,0.02298,3.0,0.02297,1290.0,0.02299,678.0,0.023,2206.0
1753546964902,16:22:44.902,ACH/USDT:USDT,0.02298,3.0,0.02297,1290.0,0.02299,682.0,0.023,2484.0
1753546965002,16:22:45.002,ACH/USDT:USDT,0.02298,3.0,0.02297,1290.0,0.02299,682.0,0.023,2484.0
1753546965302,16:22:45.302,ACH/USDT:USDT,0.02298,3.0,0.02297,1290.0,0.02299,482.0,0.023,2484.0
1753546965602,16:22:45.602,ACH/USDT:USDT,0.02298,3.0,0.02297,1290.0,0.02299,482.0,0.023,2484.0
1753546966402,16:22:46.402,ACH/USDT:USDT,0.02298,3.0,0.02297,1290.0,0.02299,482.0,0.023,2484.0
1753546966502,16:22:46.502,ACH/USDT:USDT,0.02298,3.0,0.02297,1290.0,0.02299,482.0,0.023,2484.0
1753546966602,16:22:46.602,ACH/USDT:USDT,0.02298,3.0,0.02297,1290.0,0.02299,682.0,0.023,2484.0
1753546967202,16:22:47.202,ACH/USDT:USDT,0.02298,3.0,0.02297,1290.0,0.02299,682.0,0.023,2484.0
1753546967502,16:22:47.502,ACH/USDT:USDT,0.02298,60.0,0.02297,1290.0,0.02299,682.0,0.023,2484.0
1753546967602,16:22:47.602,ACH/USDT:USDT,0.02298,60.0,0.02297,1581.0,0.02299,532.0,0.023,2484.0
1753546967902,16:22:47.902,ACH/USDT:USDT,0.02298,60.0,0.02297,1581.0,0.02299,532.0,0.023,2484.0
1753546968002,16:22:48.002,ACH/USDT:USDT,0.02298,60.0,0.02297,1581.0,0.02299,532.0,0.023,2484.0
1753546968102,16:22:48.102,ACH/USDT:USDT,0.02297,409.0,0.02296,2897.0,0.02298,153.0,0.02299,1997.0
1753546968502,16:22:48.502,ACH/USDT:USDT,0.02297,535.0,0.02296,2897.0,0.02298,155.0,0.02299,1998.0
1753546968702,16:22:48.702,ACH/USDT:USDT,0.02297,535.0,0.02296,2897.0,0.02298,155.0,0.02299,1998.0
1753546968802,16:22:48.802,ACH/USDT:USDT,0.02297,535.0,0.02296,2897.0,0.02298,155.0,0.02299,1998.0
1753546969202,16:22:49.202,ACH/USDT:USDT,0.02297,535.0,0.02296,2897.0,0.02298,155.0,0.02299,2002.0
1753546969602,16:22:49.602,ACH/USDT:USDT,0.02297,535.0,0.02296,2897.0,0.02298,158.0,0.02299,1784.0
1753546970002,16:22:50.002,ACH/USDT:USDT,0.02297,535.0,0.02296,2897.0,0.02298,158.0,0.02299,1784.0
1753546970902,16:22:50.902,ACH/USDT:USDT,0.02297,535.0,0.02296,2897.0,0.02298,158.0,0.02299,1784.0
1753546971202,16:22:51.202,ACH/USDT:USDT,0.02297,535.0,0.02296,2897.0,0.02298,158.0,0.02299,1784.0
1753546972502,16:22:52.502,ACH/USDT:USDT,0.02297,724.0,0.02296,2897.0,0.02298,14.0,0.02299,1510.0
1753546973102,16:22:53.102,ACH/USDT:USDT,0.02297,724.0,0.02296,2897.0,0.02298,42.0,0.02299,1510.0
1753546973202,16:22:53.202,ACH/USDT:USDT,0.02297,724.0,0.02296,2897.0,0.02298,34.0,0.02299,1510.0
1753546973302,16:22:53.302,ACH/USDT:USDT,0.02297,724.0,0.02296,2897.0,0.02298,34.0,0.02299,1510.0
1753546973502,16:22:53.502,ACH/USDT:USDT,0.02297,790.0,0.02296,2897.0,0.02298,34.0,0.02299,1510.0
1753546974002,16:22:54.002,ACH/USDT:USDT,0.02297,790.0,0.02296,2897.0,0.02298,34.0,0.02299,1510.0
1753546974202,16:22:54.202,ACH/USDT:USDT,0.02297,833.0,0.02296,2897.0,0.02298,34.0,0.02299,1510.0
1753546974302,16:22:54.302,ACH/USDT:USDT,0.02297,833.0,0.02296,2897.0,0.02298,34.0,0.02299,1510.0
1753546974502,16:22:54.502,ACH/USDT:USDT,0.02297,833.0,0.02296,2897.0,0.02298,34.0,0.02299,1510.0
1753546975502,16:22:55.502,ACH/USDT:USDT,0.02297,833.0,0.02296,2897.0,0.02298,34.0,0.02299,1510.0
1753546976102,16:22:56.102,ACH/USDT:USDT,0.02297,833.0,0.02296,2897.0,0.02298,4.0,0.02299,1219.0
1753546976202,16:22:56.202,ACH/USDT:USDT,0.02297,833.0,0.02296,2897.0,0.02298,30.0,0.02299,1510.0
1753546977502,16:22:57.502,ACH/USDT:USDT,0.02297,1033.0,0.02296,2897.0,0.02298,3.0,0.02299,1510.0
1753546978802,16:22:58.802,ACH/USDT:USDT,0.02297,1034.0,0.02296,2897.0,0.02298,4.0,0.02299,1510.0
1753546979302,16:22:59.302,ACH/USDT:USDT,0.02297,1034.0,0.02296,2897.0,0.02298,3.0,0.02299,1510.0
1753546979402,16:22:59.402,ACH/USDT:USDT,0.02297,1034.0,0.02296,2897.0,0.02298,4.0,0.02299,1510.0
1753546979502,16:22:59.502,ACH/USDT:USDT,0.02297,1034.0,0.02296,2897.0,0.02298,4.0,0.02299,1088.0
1753546979802,16:22:59.802,ACH/USDT:USDT,0.02297,1056.0,0.02296,3438.0,0.02298,3.0,0.02299,740.0
1753546980602,16:23:00.602,ACH/USDT:USDT,0.02297,1011.0,0.02296,3438.0,0.02298,3.0,0.02299,1170.0
1753546981202,16:23:01.202,ACH/USDT:USDT,0.02297,1102.0,0.02296,3439.0,0.02298,3.0,0.02299,1170.0
1753546981602,16:23:01.602,ACH/USDT:USDT,0.02297,1102.0,0.02296,3439.0,0.02298,3.0,0.02299,1170.0
1753546981802,16:23:01.802,ACH/USDT:USDT,0.02297,947.0,0.02296,3439.0,0.02298,35.0,0.02299,1170.0
1753546981902,16:23:01.902,ACH/USDT:USDT,0.02297,1102.0,0.02296,3439.0,0.02298,37.0,0.02299,1170.0
1753546982002,16:23:02.002,ACH/USDT:USDT,0.02297,947.0,0.02296,3439.0,0.02298,37.0,0.02299,1170.0
1753546982202,16:23:02.202,ACH/USDT:USDT,0.02297,331.0,0.02296,1239.0,0.02298,431.0,0.02299,1328.0
1753546982402,16:23:02.402,ACH/USDT:USDT,0.02297,310.0,0.02296,1260.0,0.02298,631.0,0.02299,1528.0
1753546983702,16:23:03.702,ACH/USDT:USDT,0.02297,712.0,0.02296,2449.0,0.02298,293.0,0.02299,1528.0
1753546984802,16:23:04.802,ACH/USDT:USDT,0.02297,712.0,0.02296,2562.0,0.02298,190.0,0.02299,1528.0
1753546986202,16:23:06.202,ACH/USDT:USDT,0.02298,861.0,0.02297,1980.0,0.02299,11.0,0.023,1135.0
1753546986302,16:23:06.302,ACH/USDT:USDT,0.02298,886.0,0.02297,1981.0,0.02299,205.0,0.023,1135.0
1753546986602,16:23:06.602,ACH/USDT:USDT,0.02298,760.0,0.02297,2370.0,0.02299,25.0,0.023,1174.0
1753546987002,16:23:07.002,ACH/USDT:USDT,0.02298,760.0,0.02297,2370.0,0.02299,132.0,0.023,1174.0
1753546987302,16:23:07.302,ACH/USDT:USDT,0.02299,456.0,0.02298,2650.0,0.023,133.0,0.02301,1520.0
1753546987702,16:23:07.702,ACH/USDT:USDT,0.02299,981.0,0.02298,2650.0,0.023,1.0,0.02301,1335.0
1753546987802,16:23:07.802,ACH/USDT:USDT,0.02299,981.0,0.02298,2650.0,0.023,1.0,0.02301,1335.0
1753546987902,16:23:07.902,ACH/USDT:USDT,0.02299,981.0,0.02298,2650.0,0.023,1.0,0.02301,1292.0
1753546988302,16:23:08.302,ACH/USDT:USDT,0.02299,981.0,0.02298,2650.0,0.023,1.0,0.02301,1292.0
1753546988402,16:23:08.402,ACH/USDT:USDT,0.02299,868.0,0.02298,2650.0,0.023,1.0,0.02301,1405.0
1753546989102,16:23:09.102,ACH/USDT:USDT,0.02299,981.0,0.02298,2650.0,0.023,1.0,0.02301,1405.0
1753546991002,16:23:11.002,ACH/USDT:USDT,0.023,436.0,0.02299,1653.0,0.02301,149.0,0.02302,1766.0
1753546991102,16:23:11.102,ACH/USDT:USDT,0.023,707.0,0.02299,1654.0,0.02301,240.0,0.02302,1377.0
1753546991702,16:23:11.702,ACH/USDT:USDT,0.023,862.0,0.02299,2524.0,0.02301,20.0,0.02302,1251.0
1753546992102,16:23:12.102,ACH/USDT:USDT,0.023,862.0,0.02299,2524.0,0.02301,20.0,0.02302,1025.0
1753546992502,16:23:12.502,ACH/USDT:USDT,0.023,862.0,0.02299,2524.0,0.02301,20.0,0.02302,1269.0
1753546992702,16:23:12.702,ACH/USDT:USDT,0.023,862.0,0.02299,2524.0,0.02301,20.0,0.02302,1269.0
1753546993502,16:23:13.502,ACH/USDT:USDT,0.023,915.0,0.02299,2674.0,0.02301,2.0,0.02302,1269.0
1753546994302,16:23:14.302,ACH/USDT:USDT,0.023,915.0,0.02299,3009.0,0.02301,2.0,0.02302,1269.0
1753546994502,16:23:14.502,ACH/USDT:USDT,0.023,915.0,0.02299,3009.0,0.02301,2.0,0.02302,1269.0
1753546994602,16:23:14.602,ACH/USDT:USDT,0.023,915.0,0.02299,3009.0,0.02301,2.0,0.02302,1269.0
1753546995802,16:23:15.802,ACH/USDT:USDT,0.023,802.0,0.02299,2561.0,0.02301,2.0,0.02302,1269.0
1753546996102,16:23:16.102,ACH/USDT:USDT,0.023,802.0,0.02299,2561.0,0.02301,2.0,0.02302,1269.0
1753546997002,16:23:17.002,ACH/USDT:USDT,0.023,717.0,0.02299,2561.0,0.02301,159.0,0.02302,1258.0
1753546997202,16:23:17.202,ACH/USDT:USDT,0.023,915.0,0.02299,2896.0,0.02301,2.0,0.02302,967.0
1753546997302,16:23:17.302,ACH/USDT:USDT,0.023,915.0,0.02299,2896.0,0.02301,2.0,0.02302,976.0
1753546997702,16:23:17.702,ACH/USDT:USDT,0.023,915.0,0.02299,2896.0,0.02301,2.0,0.02302,1267.0
1753546998002,16:23:18.002,ACH/USDT:USDT,0.023,915.0,0.02299,2896.0,0.02301,5.0,0.02302,1267.0
1753546998402,16:23:18.402,ACH/USDT:USDT,0.023,915.0,0.02299,2896.0,0.02301,3.0,0.02302,1267.0
1753546998602,16:23:18.602,ACH/USDT:USDT,0.023,915.0,0.02299,2896.0,0.02301,3.0,0.02302,1267.0
1753546999202,16:23:19.202,ACH/USDT:USDT,0.023,873.0,0.02299,2896.0,0.02301,3.0,0.02302,1267.0
1753546999302,16:23:19.302,ACH/USDT:USDT,0.023,760.0,0.02299,2896.0,0.02301,3.0,0.02302,1267.0
1753546999702,16:23:19.702,ACH/USDT:USDT,0.023,915.0,0.02299,2896.0,0.02301,3.0,0.02302,1267.0
1753547000002,16:23:20.002,ACH/USDT:USDT,0.023,915.0,0.02299,2896.0,0.02301,3.0,0.02302,794.0
1753547000402,16:23:20.402,ACH/USDT:USDT,0.023,1115.0,0.02299,2896.0,0.02301,3.0,0.02302,1095.0
1753547002002,16:23:22.002,ACH/USDT:USDT,0.023,915.0,0.02299,3009.0,0.02301,7.0,0.02302,1095.0
1753547002302,16:23:22.302,ACH/USDT:USDT,0.023,915.0,0.02299,3009.0,0.02301,7.0,0.02302,1095.0
1753547004902,16:23:24.902,ACH/USDT:USDT,0.02301,1068.0,0.023,2661.0,0.02302,42.0,0.02303,1212.0
1753547005202,16:23:25.202,ACH/USDT:USDT,0.02301,261.0,0.023,2570.0,0.02302,398.0,0.02303,1338.0
1753547005502,16:23:25.502,ACH/USDT:USDT,0.02301,143.0,0.023,2650.0,0.02302,535.0,0.02303,1338.0
1753547006302,16:23:26.302,ACH/USDT:USDT,0.02301,143.0,0.023,2650.0,0.02302,535.0,0.02303,1381.0
1753547006602,16:23:26.602,ACH/USDT:USDT,0.02301,143.0,0.023,2537.0,0.02302,535.0,0.02303,1381.0
1753547007002,16:23:27.002,ACH/USDT:USDT,0.02301,143.0,0.023,2042.0,0.02302,402.0,0.02303,1567.0
1753547007302,16:23:27.302,ACH/USDT:USDT,0.02301,143.0,0.023,2042.0,0.02302,402.0,0.02303,1784.0
1753547007402,16:23:27.402,ACH/USDT:USDT,0.02301,29.0,0.023,2042.0,0.02302,402.0,0.02303,1784.0
1753547007702,16:23:27.702,ACH/USDT:USDT,0.023,903.0,0.02299,2746.0,0.02302,918.0,0.02303,1776.0
1753547008402,16:23:28.402,ACH/USDT:USDT,0.023,903.0,0.02299,2746.0,0.02302,910.0,0.02303,1776.0
1753547008802,16:23:28.802,ACH/USDT:USDT,0.023,905.0,0.02299,2730.0,0.02301,21.0,0.02302,1464.0
1753547009402,16:23:29.402,ACH/USDT:USDT,0.023,526.0,0.02299,2709.0,0.02301,281.0,0.02302,1361.0
1753547009502,16:23:29.502,ACH/USDT:USDT,0.023,526.0,0.02299,2709.0,0.02301,281.0,0.02302,1361.0
1753547010202,16:23:30.202,ACH/USDT:USDT,0.023,901.0,0.02299,2580.0,0.02301,33.0,0.02302,1561.0
1753547010802,16:23:30.802,ACH/USDT:USDT,0.023,901.0,0.02299,2580.0,0.02301,75.0,0.02302,1561.0
1753547013502,16:23:33.502,ACH/USDT:USDT,0.023,901.0,0.02299,2580.0,0.02301,75.0,0.02302,1561.0
1753547013802,16:23:33.802,ACH/USDT:USDT,0.023,901.0,0.02299,2580.0,0.02301,178.0,0.02302,1470.0
1753547015002,16:23:35.002,ACH/USDT:USDT,0.023,645.0,0.02299,2580.0,0.02301,267.0,0.02302,1470.0
1753547015302,16:23:35.302,ACH/USDT:USDT,0.023,645.0,0.02299,2580.0,0.02301,267.0,0.02302,1470.0
1753547016402,16:23:36.402,ACH/USDT:USDT,0.023,645.0,0.02299,2580.0,0.02301,268.0,0.02302,1513.0
1753547017002,16:23:37.002,ACH/USDT:USDT,0.023,901.0,0.02299,2580.0,0.02301,141.0,0.02302,1470.0
1753547017502,16:23:37.502,ACH/USDT:USDT,0.023,901.0,0.02299,2569.0,0.02301,26.0,0.02302,1470.0
1753547019002,16:23:39.002,ACH/USDT:USDT,0.023,901.0,0.02299,2569.0,0.02301,131.0,0.02302,1480.0
1753547020102,16:23:40.102,ACH/USDT:USDT,0.023,1099.0,0.02299,2569.0,0.02301,3.0,0.02302,1280.0
1753547020502,16:23:40.502,ACH/USDT:USDT,0.023,983.0,0.02299,2569.0,0.02301,3.0,0.02302,1280.0
1753547020602,16:23:40.602,ACH/USDT:USDT,0.023,983.0,0.02299,2569.0,0.02301,17.0,0.02302,1280.0
1753547021502,16:23:41.502,ACH/USDT:USDT,0.023,983.0,0.02299,2569.0,0.02301,17.0,0.02302,1280.0
1753547023002,16:23:43.002,ACH/USDT:USDT,0.023,1132.0,0.02299,2904.0,0.02301,5.0,0.02302,1280.0
1753547023102,16:23:43.102,ACH/USDT:USDT,0.023,1132.0,0.02299,2904.0,0.02301,5.0,0.02302,1280.0
1753547023302,16:23:43.302,ACH/USDT:USDT,0.023,1132.0,0.02299,2904.0,0.02301,5.0,0.02302,1280.0
1753547023402,16:23:43.402,ACH/USDT:USDT,0.023,1132.0,0.02299,2904.0,0.02301,5.0,0.02302,1280.0
1753547023602,16:23:43.602,ACH/USDT:USDT,0.023,1132.0,0.02299,2904.0,0.02301,5.0,0.02302,1280.0
1753547023802,16:23:43.802,ACH/USDT:USDT,0.023,1019.0,0.02299,2904.0,0.02301,5.0,0.02302,1280.0
1753547023902,16:23:43.902,ACH/USDT:USDT,0.023,1019.0,0.02299,2904.0,0.02301,5.0,0.02302,1280.0
1753547024002,16:23:44.002,ACH/USDT:USDT,0.023,1132.0,0.02299,2904.0,0.02301,5.0,0.02302,1280.0
1753547024602,16:23:44.602,ACH/USDT:USDT,0.023,1132.0,0.02299,2904.0,0.02301,5.0,0.02302,1280.0
1753547024902,16:23:44.902,ACH/USDT:USDT,0.023,734.0,0.02299,2904.0,0.02301,132.0,0.02302,1323.0
1753547025302,16:23:45.302,ACH/USDT:USDT,0.023,734.0,0.02299,2904.0,0.02301,132.0,0.02302,1323.0
1753547028002,16:23:48.002,ACH/USDT:USDT,0.023,792.0,0.02299,2904.0,0.02301,132.0,0.02302,1323.0
1753547028902,16:23:48.902,ACH/USDT:USDT,0.023,905.0,0.02299,2904.0,0.02301,132.0,0.02302,1323.0
1753547029502,16:23:49.502,ACH/USDT:USDT,0.023,905.0,0.02299,2904.0,0.02301,131.0,0.02302,1323.0
1753547031602,16:23:51.602,ACH/USDT:USDT,0.023,375.0,0.02299,2698.0,0.02301,373.0,0.02302,1313.0
1753547032202,16:23:52.202,ACH/USDT:USDT,0.023,221.0,0.02299,2604.0,0.02301,543.0,0.02302,1498.0
1753547032502,16:23:52.502,ACH/USDT:USDT,0.023,106.0,0.02299,1882.0,0.02301,544.0,0.02302,1498.0
1753547032702,16:23:52.702,ACH/USDT:USDT,0.023,82.0,0.02299,1493.0,0.02301,587.0,0.02302,1932.0
1753547033002,16:23:53.002,ACH/USDT:USDT,0.023,82.0,0.02299,1493.0,0.02301,587.0,0.02302,2105.0
1753547033102,16:23:53.102,ACH/USDT:USDT,0.023,82.0,0.02299,1493.0,0.02301,587.0,0.02302,2105.0
1753547033602,16:23:53.602,ACH/USDT:USDT,0.02299,401.0,0.02298,2972.0,0.023,148.0,0.02301,874.0
1753547033802,16:23:53.802,ACH/USDT:USDT,0.02299,520.0,0.02298,2972.0,0.023,157.0,0.02301,930.0
1753547034602,16:23:54.602,ACH/USDT:USDT,0.02299,520.0,0.02298,3015.0,0.023,212.0,0.02301,930.0
1753547034702,16:23:54.702,ACH/USDT:USDT,0.02299,520.0,0.02298,3015.0,0.023,202.0,0.02301,930.0
1753547034802,16:23:54.802,ACH/USDT:USDT,0.02299,520.0,0.02298,3015.0,0.023,160.0,0.02301,941.0
1753547035802,16:23:55.802,ACH/USDT:USDT,0.02299,520.0,0.02298,3015.0,0.023,212.0,0.02301,930.0
1753547037602,16:23:57.602,ACH/USDT:USDT,0.02299,520.0,0.02298,3015.0,0.023,255.0,0.02301,930.0
1753547037802,16:23:57.802,ACH/USDT:USDT,0.02299,520.0,0.02298,3015.0,0.023,213.0,0.02301,930.0
1753547038302,16:23:58.302,ACH/USDT:USDT,0.02299,520.0,0.02298,3015.0,0.023,255.0,0.02301,930.0
1753547038702,16:23:58.702,ACH/USDT:USDT,0.02299,520.0,0.02298,3015.0,0.023,247.0,0.02301,930.0
1753547040102,16:24:00.102,ACH/USDT:USDT,0.02298,376.0,0.02297,2108.0,0.023,747.0,0.02301,930.0
1753547040202,16:24:00.202,ACH/USDT:USDT,0.02298,535.0,0.02297,2333.0,0.02299,200.0,0.023,1216.0
1753547040502,16:24:00.502,ACH/USDT:USDT,0.02299,324.0,0.02298,1714.0,0.023,365.0,0.02301,931.0
1753547040602,16:24:00.602,ACH/USDT:USDT,0.02299,580.0,0.02298,1714.0,0.023,108.0,0.02301,931.0
1753547040702,16:24:00.702,ACH/USDT:USDT,0.02299,580.0,0.02298,1914.0,0.023,108.0,0.02301,931.0
1753547042902,16:24:02.902,ACH/USDT:USDT,0.02299,281.0,0.02298,1914.0,0.023,509.0,0.02301,823.0
1753547044202,16:24:04.202,ACH/USDT:USDT,0.02299,693.0,0.02298,1914.0,0.023,209.0,0.02301,823.0
1753547044902,16:24:04.902,ACH/USDT:USDT,0.02299,580.0,0.02298,1914.0,0.023,209.0,0.02301,633.0
1753547048302,16:24:08.302,ACH/USDT:USDT,0.02299,780.0,0.02298,2001.0,0.023,209.0,0.02301,633.0
1753547048602,16:24:08.602,ACH/USDT:USDT,0.02299,481.0,0.02298,2001.0,0.023,548.0,0.02301,623.0
1753547049802,16:24:09.802,ACH/USDT:USDT,0.02299,482.0,0.02298,2001.0,0.023,407.0,0.02301,623.0
1753547050802,16:24:10.802,ACH/USDT:USDT,0.02299,893.0,0.02298,2001.0,0.023,209.0,0.02301,623.0
1753547052402,16:24:12.402,ACH/USDT:USDT,0.02299,893.0,0.02298,2001.0,0.023,209.0,0.02301,634.0
1753547054502,16:24:14.502,ACH/USDT:USDT,0.02299,780.0,0.02298,2001.0,0.023,209.0,0.02301,634.0
1753547054602,16:24:14.602,ACH/USDT:USDT,0.02299,780.0,0.02298,2001.0,0.023,209.0,0.02301,634.0
1753547055102,16:24:15.102,ACH/USDT:USDT,0.02299,780.0,0.02298,2001.0,0.023,209.0,0.02301,634.0
1753547055202,16:24:15.202,ACH/USDT:USDT,0.02299,482.0,0.02298,2001.0,0.023,518.0,0.02301,634.0
1753547055602,16:24:15.602,ACH/USDT:USDT,0.02299,893.0,0.02298,2001.0,0.023,207.0,0.02301,634.0
1753547055702,16:24:15.702,ACH/USDT:USDT,0.02299,893.0,0.02298,2001.0,0.023,207.0,0.02301,634.0
1753547055802,16:24:15.802,ACH/USDT:USDT,0.02299,893.0,0.02298,2001.0,0.023,207.0,0.02301,634.0
1753547056302,16:24:16.302,ACH/USDT:USDT,0.02299,893.0,0.02298,2001.0,0.023,207.0,0.02301,634.0
1753547058202,16:24:18.202,ACH/USDT:USDT,0.023,992.0,0.02299,2162.0,0.02301,44.0,0.02302,1264.0
1753547058502,16:24:18.502,ACH/USDT:USDT,0.023,1000.0,0.02299,2162.0,0.02301,46.0,0.02302,1264.0
1753547058902,16:24:18.902,ACH/USDT:USDT,0.023,1000.0,0.02299,2162.0,0.02301,46.0,0.02302,1264.0
1753547059402,16:24:19.402,ACH/USDT:USDT,0.023,1001.0,0.02299,2162.0,0.02301,46.0,0.02302,1264.0
1753547059902,16:24:19.902,ACH/USDT:USDT,0.023,1244.0,0.02299,2162.0,0.02301,42.0,0.02302,1264.0
1753547060502,16:24:20.502,ACH/USDT:USDT,0.023,1249.0,0.02299,2162.0,0.02301,42.0,0.02302,1264.0
1753547061302,16:24:21.302,ACH/USDT:USDT,0.023,1249.0,0.02299,2497.0,0.02301,19.0,0.02302,1264.0
1753547061402,16:24:21.402,ACH/USDT:USDT,0.023,1249.0,0.02299,2497.0,0.02301,20.0,0.02302,1264.0
1753547062002,16:24:22.002,ACH/USDT:USDT,0.023,1249.0,0.02299,2497.0,0.02301,20.0,0.02302,1264.0
1753547062302,16:24:22.302,ACH/USDT:USDT,0.023,1249.0,0.02299,2497.0,0.02301,20.0,0.02302,1264.0
1753547062802,16:24:22.802,ACH/USDT:USDT,0.023,1249.0,0.02299,2497.0,0.02301,49.0,0.02302,1264.0
1753547062902,16:24:22.902,ACH/USDT:USDT,0.023,1249.0,0.02299,2497.0,0.02301,20.0,0.02302,1264.0
1753547063202,16:24:23.202,ACH/USDT:USDT,0.023,1249.0,0.02299,2497.0,0.02301,12.0,0.02302,1264.0
1753547063602,16:24:23.602,ACH/USDT:USDT,0.02301,449.0,0.023,1740.0,0.02302,601.0,0.02303,1559.0
1753547063902,16:24:23.902,ACH/USDT:USDT,0.02301,848.0,0.023,1611.0,0.02302,50.0,0.02303,1527.0
1753547064302,16:24:24.302,ACH/USDT:USDT,0.02301,848.0,0.023,1611.0,0.02302,50.0,0.02303,1527.0
1753547065102,16:24:25.102,ACH/USDT:USDT,0.02301,735.0,0.023,1611.0,0.02302,50.0,0.02303,1727.0
1753547065702,16:24:25.702,ACH/USDT:USDT,0.02301,721.0,0.023,1611.0,0.02302,264.0,0.02303,1770.0
1753547065802,16:24:25.802,ACH/USDT:USDT,0.02301,721.0,0.023,1611.0,0.02302,166.0,0.02303,1770.0
1753547066502,16:24:26.502,ACH/USDT:USDT,0.02301,721.0,0.023,1611.0,0.02302,166.0,0.02303,1770.0
1753547066702,16:24:26.702,ACH/USDT:USDT,0.02301,721.0,0.023,1611.0,0.02302,166.0,0.02303,1770.0
1753547066902,16:24:26.902,ACH/USDT:USDT,0.02301,876.0,0.023,1611.0,0.02302,50.0,0.02303,1727.0
1753547067702,16:24:27.702,ACH/USDT:USDT,0.02301,878.0,0.023,1611.0,0.02302,50.0,0.02303,1727.0
1753547068502,16:24:28.502,ACH/USDT:USDT,0.02301,878.0,0.023,1611.0,0.02302,42.0,0.02303,1727.0
1753547068802,16:24:28.802,ACH/USDT:USDT,0.02301,878.0,0.023,1611.0,0.02302,42.0,0.02303,1527.0
1753547069602,16:24:29.602,ACH/USDT:USDT,0.02301,878.0,0.023,1611.0,0.02302,42.0,0.02303,1527.0
1753547069802,16:24:29.802,ACH/USDT:USDT,0.02301,921.0,0.023,1611.0,0.02302,42.0,0.02303,1527.0
1753547070002,16:24:30.002,ACH/USDT:USDT,0.02301,878.0,0.023,1611.0,0.02302,42.0,0.02303,1527.0
1753547070102,16:24:30.102,ACH/USDT:USDT,0.02301,921.0,0.023,1611.0,0.02302,42.0,0.02303,1527.0
1753547070602,16:24:30.602,ACH/USDT:USDT,0.02301,878.0,0.023,1611.0,0.02302,42.0,0.02303,1527.0
1753547071002,16:24:31.002,ACH/USDT:USDT,0.02301,878.0,0.023,1611.0,0.02302,42.0,0.02303,1527.0
1753547071202,16:24:31.202,ACH/USDT:USDT,0.02301,880.0,0.023,2352.0,0.02302,44.0,0.02303,1775.0
1753547072602,16:24:32.602,ACH/USDT:USDT,0.02301,1080.0,0.023,2356.0,0.02302,12.0,0.02303,1527.0
1753547072702,16:24:32.702,ACH/USDT:USDT,0.02301,1123.0,0.023,2356.0,0.02302,12.0,0.02303,1527.0
1753547072802,16:24:32.802,ACH/USDT:USDT,0.02301,1080.0,0.023,2356.0,0.02302,12.0,0.02303,1527.0
1753547073002,16:24:33.002,ACH/USDT:USDT,0.02301,1080.0,0.023,2356.0,0.02302,12.0,0.02303,1527.0
1753547073702,16:24:33.702,ACH/USDT:USDT,0.02302,424.0,0.02301,1635.0,0.02303,1679.0,0.02304,1978.0
1753547073802,16:24:33.802,ACH/USDT:USDT,0.02302,424.0,0.02301,1726.0,0.02303,1439.0,0.02304,1800.0
1753547074302,16:24:34.302,ACH/USDT:USDT,0.02302,466.0,0.02301,2557.0,0.02303,1137.0,0.02304,1550.0
1753547074602,16:24:34.602,ACH/USDT:USDT,0.02302,831.0,0.02301,2557.0,0.02303,65.0,0.02304,1507.0
1753547075902,16:24:35.902,ACH/USDT:USDT,0.02302,718.0,0.02301,2600.0,0.02303,59.0,0.02304,1507.0
1753547076002,16:24:36.002,ACH/USDT:USDT,0.02302,718.0,0.02301,2600.0,0.02303,59.0,0.02304,1507.0
1753547078002,16:24:38.002,ACH/USDT:USDT,0.02302,842.0,0.02301,2935.0,0.02303,31.0,0.02304,1507.0
1753547078202,16:24:38.202,ACH/USDT:USDT,0.02302,842.0,0.02301,2935.0,0.02303,31.0,0.02304,1507.0
1753547078802,16:24:38.802,ACH/USDT:USDT,0.02302,1085.0,0.02301,2935.0,0.02303,23.0,0.02304,1507.0
1753547079102,16:24:39.102,ACH/USDT:USDT,0.02302,1085.0,0.02301,2935.0,0.02303,23.0,0.02304,1507.0
1753547079402,16:24:39.402,ACH/USDT:USDT,0.02302,1042.0,0.02301,2935.0,0.02303,23.0,0.02304,1507.0
1753547079602,16:24:39.602,ACH/USDT:USDT,0.02302,1167.0,0.02301,2935.0,0.02303,23.0,0.02304,1507.0
1753547080202,16:24:40.202,ACH/USDT:USDT,0.02302,1167.0,0.02301,2935.0,0.02303,23.0,0.02304,1507.0
1753547080602,16:24:40.602,ACH/USDT:USDT,0.02302,1167.0,0.02301,2935.0,0.02303,23.0,0.02304,1507.0
1753547081602,16:24:41.602,ACH/USDT:USDT,0.02303,385.0,0.02302,1672.0,0.02304,529.0,0.02305,1737.0
1753547081702,16:24:41.702,ACH/USDT:USDT,0.02303,387.0,0.02302,1672.0,0.02304,531.0,0.02305,1737.0
1753547082602,16:24:42.602,ACH/USDT:USDT,0.02303,387.0,0.02302,1769.0,0.02304,792.0,0.02305,1733.0
1753547084102,16:24:44.102,ACH/USDT:USDT,0.02303,11.0,0.02302,1525.0,0.02304,792.0,0.02305,1961.0
1753547084902,16:24:44.902,ACH/USDT:USDT,0.02303,238.0,0.02302,1816.0,0.02304,661.0,0.02305,1961.0
1753547085002,16:24:45.002,ACH/USDT:USDT,0.02303,238.0,0.02302,1816.0,0.02304,661.0,0.02305,1961.0
1753547085302,16:24:45.302,ACH/USDT:USDT,0.02303,238.0,0.02302,1816.0,0.02304,661.0,0.02305,1961.0
1753547085402,16:24:45.402,ACH/USDT:USDT,0.02303,238.0,0.02302,1816.0,0.02304,661.0,0.02305,1961.0
1753547086102,16:24:46.102,ACH/USDT:USDT,0.02303,357.0,0.02302,1672.0,0.02304,826.0,0.02305,1961.0
1753547086802,16:24:46.802,ACH/USDT:USDT,0.02303,357.0,0.02302,1672.0,0.02304,868.0,0.02305,1961.0
1753547086902,16:24:46.902,ACH/USDT:USDT,0.02303,357.0,0.02302,1672.0,0.02304,868.0,0.02305,1961.0
1753547087802,16:24:47.802,ACH/USDT:USDT,0.02303,237.0,0.02302,1672.0,0.02304,957.0,0.02305,1961.0
1753547088502,16:24:48.502,ACH/USDT:USDT,0.02303,609.0,0.02302,1808.0,0.02304,479.0,0.02305,1961.0
1753547089202,16:24:49.202,ACH/USDT:USDT,0.02303,651.0,0.02302,2444.0,0.02304,366.0,0.02305,1679.0
1753547090302,16:24:50.302,ACH/USDT:USDT,0.02303,767.0,0.02302,2466.0,0.02304,339.0,0.02305,1679.0
1753547091102,16:24:51.102,ACH/USDT:USDT,0.02303,360.0,0.02302,2423.0,0.02304,828.0,0.02305,1570.0
1753547091202,16:24:51.202,ACH/USDT:USDT,0.02303,360.0,0.02302,2423.0,0.02304,828.0,0.02305,1570.0
1753547092202,16:24:52.202,ACH/USDT:USDT,0.02303,360.0,0.02302,2401.0,0.02304,739.0,0.02305,1570.0
1753547092702,16:24:52.702,ACH/USDT:USDT,0.02303,40.0,0.02302,2239.0,0.02304,833.0,0.02305,1570.0
1753547093102,16:24:53.102,ACH/USDT:USDT,0.02303,40.0,0.02302,2261.0,0.02304,833.0,0.02305,1570.0
1753547093402,16:24:53.402,ACH/USDT:USDT,0.02303,40.0,0.02302,2261.0,0.02304,833.0,0.02305,1965.0
1753547093502,16:24:53.502,ACH/USDT:USDT,0.02303,40.0,0.02302,2261.0,0.02304,833.0,0.02305,1965.0
1753547093602,16:24:53.602,ACH/USDT:USDT,0.02303,39.0,0.02302,2261.0,0.02304,833.0,0.02305,1965.0
1753547094002,16:24:54.002,ACH/USDT:USDT,0.02303,39.0,0.02302,2261.0,0.02304,833.0,0.02305,1965.0
1753547094302,16:24:54.302,ACH/USDT:USDT,0.02303,43.0,0.02302,2261.0,0.02304,833.0,0.02305,1965.0
1753547094402,16:24:54.402,ACH/USDT:USDT,0.02303,42.0,0.02302,2261.0,0.02304,833.0,0.02305,1965.0
1753547094602,16:24:54.602,ACH/USDT:USDT,0.02303,42.0,0.02302,2261.0,0.02304,833.0,0.02305,1965.0
1753547095202,16:24:55.202,ACH/USDT:USDT,0.02303,16.0,0.02302,2239.0,0.02304,833.0,0.02305,2294.0
1753547095302,16:24:55.302,ACH/USDT:USDT,0.02303,16.0,0.02302,2239.0,0.02304,833.0,0.02305,2294.0
1753547095402,16:24:55.402,ACH/USDT:USDT,0.02303,16.0,0.02302,1603.0,0.02304,1051.0,0.02305,2294.0
1753547095702,16:24:55.702,ACH/USDT:USDT,0.02303,16.0,0.02302,1603.0,0.02304,1051.0,0.02305,2294.0
1753547096402,16:24:56.402,ACH/USDT:USDT,0.02303,16.0,0.02302,1510.0,0.02304,1051.0,0.02305,2294.0
1753547097602,16:24:57.602,ACH/USDT:USDT,0.02303,16.0,0.02302,1510.0,0.02304,1051.0,0.02305,2656.0
1753547098402,16:24:58.402,ACH/USDT:USDT,0.02303,16.0,0.02302,1510.0,0.02304,1051.0,0.02305,2656.0
1753547098602,16:24:58.602,ACH/USDT:USDT,0.02303,16.0,0.02302,1510.0,0.02304,1051.0,0.02305,2656.0
1753547099102,16:24:59.102,ACH/USDT:USDT,0.02303,16.0,0.02302,1510.0,0.02304,1051.0,0.02305,2656.0
1753547099502,16:24:59.502,ACH/USDT:USDT,0.02303,1070.0,0.02302,1715.0,0.02304,444.0,0.02305,1978.0
1753547099702,16:24:59.702,ACH/USDT:USDT,0.02303,1070.0,0.02302,1715.0,0.02304,486.0,0.02305,1616.0
1753547100002,16:25:00.002,ACH/USDT:USDT,0.02303,1070.0,0.02302,1715.0,0.02304,486.0,0.02305,1616.0
1753547100102,16:25:00.102,ACH/USDT:USDT,0.02303,1070.0,0.02302,1715.0,0.02304,585.0,0.02305,1616.0
1753547100502,16:25:00.502,ACH/USDT:USDT,0.02302,963.0,0.02301,3156.0,0.02303,117.0,0.02304,1683.0
1753547100602,16:25:00.602,ACH/USDT:USDT,0.02302,990.0,0.02301,3156.0,0.02303,145.0,0.02304,1835.0
1753547100902,16:25:00.902,ACH/USDT:USDT,0.02302,990.0,0.02301,3156.0,0.02303,148.0,0.02304,1835.0
1753547102002,16:25:02.002,ACH/USDT:USDT,0.02302,988.0,0.02301,3156.0,0.02304,1382.0,0.02305,1343.0
1753547102602,16:25:02.602,ACH/USDT:USDT,0.02303,233.0,0.02302,1812.0,0.02304,651.0,0.02305,1585.0
1753547102702,16:25:02.702,ACH/USDT:USDT,0.02303,233.0,0.02302,1812.0,0.02304,651.0,0.02305,1585.0
1753547103102,16:25:03.102,ACH/USDT:USDT,0.02303,233.0,0.02302,1812.0,0.02304,651.0,0.02305,1585.0
1753547103502,16:25:03.502,ACH/USDT:USDT,0.02303,606.0,0.02302,1674.0,0.02304,495.0,0.02305,1585.0
1753547104102,16:25:04.102,ACH/USDT:USDT,0.02303,921.0,0.02302,2435.0,0.02304,217.0,0.02305,1252.0
1753547104302,16:25:04.302,ACH/USDT:USDT,0.02303,921.0,0.02302,2435.0,0.02304,217.0,0.02305,1252.0
1753547104702,16:25:04.702,ACH/USDT:USDT,0.02303,311.0,0.02302,2392.0,0.02304,760.0,0.02305,1292.0
1753547104902,16:25:04.902,ACH/USDT:USDT,0.02303,28.0,0.02302,1897.0,0.02304,760.0,0.02305,1492.0
1753547105202,16:25:05.202,ACH/USDT:USDT,0.02302,847.0,0.02301,3104.0,0.02304,1044.0,0.02305,1500.0
1753547105502,16:25:05.502,ACH/USDT:USDT,0.02302,793.0,0.02301,3164.0,0.02303,26.0,0.02304,1537.0
1753547105602,16:25:05.602,ACH/USDT:USDT,0.02302,793.0,0.02301,3164.0,0.02303,26.0,0.02304,1537.0
1753547106102,16:25:06.102,ACH/USDT:USDT,0.02302,793.0,0.02301,3164.0,0.02303,26.0,0.02304,1733.0
1753547106202,16:25:06.202,ACH/USDT:USDT,0.02302,793.0,0.02301,3121.0,0.02303,264.0,0.02304,1400.0
1753547106302,16:25:06.302,ACH/USDT:USDT,0.02302,653.0,0.02301,2990.0,0.02303,359.0,0.02304,1443.0
1753547106502,16:25:06.502,ACH/USDT:USDT,0.02302,287.0,0.02301,2790.0,0.02303,862.0,0.02304,1218.0
1753547106902,16:25:06.902,ACH/USDT:USDT,0.02302,685.0,0.02301,2655.0,0.02303,709.0,0.02304,1222.0
1753547107102,16:25:07.102,ACH/USDT:USDT,0.02302,674.0,0.02301,2655.0,0.02303,709.0,0.02304,1222.0
1753547107402,16:25:07.402,ACH/USDT:USDT,0.02302,674.0,0.02301,2655.0,0.02303,709.0,0.02304,1222.0
1753547107602,16:25:07.602,ACH/USDT:USDT,0.02302,422.0,0.02301,2655.0,0.02303,882.0,0.02304,1222.0
1753547107802,16:25:07.802,ACH/USDT:USDT,0.02302,422.0,0.02301,2655.0,0.02303,882.0,0.02304,1222.0
1753547108302,16:25:08.302,ACH/USDT:USDT,0.02302,276.0,0.02301,2655.0,0.02303,882.0,0.02304,1332.0
1753547108702,16:25:08.702,ACH/USDT:USDT,0.02302,275.0,0.02301,2793.0,0.02303,882.0,0.02304,1332.0
1753547109102,16:25:09.102,ACH/USDT:USDT,0.02302,275.0,0.02301,2793.0,0.02303,882.0,0.02304,1332.0
1753547110602,16:25:10.602,ACH/USDT:USDT,0.02302,275.0,0.02301,2793.0,0.02303,882.0,0.02304,1332.0
1753547111002,16:25:11.002,ACH/USDT:USDT,0.02302,274.0,0.02301,2793.0,0.02303,882.0,0.02304,1332.0
1753547111402,16:25:11.402,ACH/USDT:USDT,0.02302,115.0,0.02301,2502.0,0.02303,878.0,0.02304,1484.0
1753547112002,16:25:12.002,ACH/USDT:USDT,0.02302,115.0,0.02301,2502.0,0.02303,878.0,0.02304,1484.0
1753547112202,16:25:12.202,ACH/USDT:USDT,0.02302,115.0,0.02301,2502.0,0.02303,878.0,0.02304,1484.0
1753547112402,16:25:12.402,ACH/USDT:USDT,0.02302,115.0,0.02301,2502.0,0.02303,878.0,0.02304,1718.0
1753547112602,16:25:12.602,ACH/USDT:USDT,0.02302,115.0,0.02301,2115.0,0.02303,921.0,0.02304,1718.0
1753547112702,16:25:12.702,ACH/USDT:USDT,0.02302,115.0,0.02301,1537.0,0.02303,921.0,0.02304,1718.0
1753547113502,16:25:13.502,ACH/USDT:USDT,0.02301,565.0,0.023,2916.0,0.02302,28.0,0.02303,1435.0
1753547113602,16:25:13.602,ACH/USDT:USDT,0.02301,565.0,0.023,2916.0,0.02302,27.0,0.02303,1435.0
1753547114502,16:25:14.502,ACH/USDT:USDT,0.02301,313.0,0.023,2916.0,0.02302,352.0,0.02303,1435.0
1753547114702,16:25:14.702,ACH/USDT:USDT,0.02301,60.0,0.023,1956.0,0.02302,572.0,0.02303,1439.0
1753547115002,16:25:15.002,ACH/USDT:USDT,0.02301,60.0,0.023,2091.0,0.02302,572.0,0.02303,1967.0
1753547115602,16:25:15.602,ACH/USDT:USDT,0.02301,30.0,0.023,1305.0,0.02302,814.0,0.02303,2234.0
1753547115702,16:25:15.702,ACH/USDT:USDT,0.02301,30.0,0.023,1305.0,0.02302,814.0,0.02303,2234.0
1753547116002,16:25:16.002,ACH/USDT:USDT,0.02301,30.0,0.023,1305.0,0.02302,1014.0,0.02303,2234.0
1753547116302,16:25:16.302,ACH/USDT:USDT,0.02301,30.0,0.023,1305.0,0.02302,1018.0,0.02303,2234.0
1753547116602,16:25:16.602,ACH/USDT:USDT,0.02301,30.0,0.023,1305.0,0.02302,1018.0,0.02303,2234.0
1753547116902,16:25:16.902,ACH/USDT:USDT,0.02301,30.0,0.023,1305.0,0.02302,1018.0,0.02303,2234.0
1753547118502,16:25:18.502,ACH/USDT:USDT,0.02301,30.0,0.023,1305.0,0.02302,819.0,0.02303,2835.0
1753547119402,16:25:19.402,ACH/USDT:USDT,0.02301,30.0,0.023,1305.0,0.02302,819.0,0.02303,2835.0
1753547120002,16:25:20.002,ACH/USDT:USDT,0.02301,30.0,0.023,1305.0,0.02302,811.0,0.02303,2835.0
1753547120102,16:25:20.102,ACH/USDT:USDT,0.02301,30.0,0.023,1305.0,0.02302,811.0,0.02303,2835.0
1753547120502,16:25:20.502,ACH/USDT:USDT,0.02301,30.0,0.023,1305.0,0.02302,811.0,0.02303,2839.0
1753547121802,16:25:21.802,ACH/USDT:USDT,0.02301,30.0,0.023,1305.0,0.02302,1011.0,0.02303,2839.0
1753547121902,16:25:21.902,ACH/USDT:USDT,0.02301,30.0,0.023,1305.0,0.02302,1011.0,0.02303,2839.0
1753547122102,16:25:22.102,ACH/USDT:USDT,0.02301,30.0,0.023,1305.0,0.02302,1011.0,0.02303,2839.0
1753547122502,16:25:22.502,ACH/USDT:USDT,0.02301,30.0,0.023,1305.0,0.02302,1011.0,0.02303,2839.0
1753547123102,16:25:23.102,ACH/USDT:USDT,0.02301,30.0,0.023,1305.0,0.02302,1011.0,0.02303,2839.0
1753547123202,16:25:23.202,ACH/USDT:USDT,0.02301,30.0,0.023,1305.0,0.02302,1011.0,0.02303,2839.0
1753547124902,16:25:24.902,ACH/USDT:USDT,0.02301,30.0,0.023,1305.0,0.02302,1011.0,0.02303,3343.0
1753547126802,16:25:26.802,ACH/USDT:USDT,0.02301,30.0,0.023,1305.0,0.02302,1011.0,0.02303,3343.0
1753547127102,16:25:27.102,ACH/USDT:USDT,0.02301,30.0,0.023,1305.0,0.02302,1011.0,0.02303,3343.0
1753547127202,16:25:27.202,ACH/USDT:USDT,0.02301,30.0,0.023,1305.0,0.02302,1011.0,0.02303,3343.0
1753547128102,16:25:28.102,ACH/USDT:USDT,0.02301,421.0,0.023,1639.0,0.02302,281.0,0.02303,3343.0
1753547128502,16:25:28.502,ACH/USDT:USDT,0.02301,30.0,0.023,1305.0,0.02302,851.0,0.02303,3343.0
1753547128602,16:25:28.602,ACH/USDT:USDT,0.02301,30.0,0.023,1305.0,0.02302,851.0,0.02303,3343.0
1753547128902,16:25:28.902,ACH/USDT:USDT,0.02301,30.0,0.023,1305.0,0.02302,851.0,0.02303,3343.0
1753547129702,16:25:29.702,ACH/USDT:USDT,0.023,161.0,0.02299,2403.0,0.02301,517.0,0.02302,1383.0
1753547129802,16:25:29.802,ACH/USDT:USDT,0.023,16.0,0.02299,2230.0,0.02301,603.0,0.02302,1572.0
1753547130102,16:25:30.102,ACH/USDT:USDT,0.023,14.0,0.02299,2230.0,0.02301,607.0,0.02302,1568.0
1753547130802,16:25:30.802,ACH/USDT:USDT,0.023,14.0,0.02299,2230.0,0.02301,607.0,0.02302,1817.0
1753547131802,16:25:31.802,ACH/USDT:USDT,0.023,14.0,0.02299,1305.0,0.02301,1490.0,0.02302,2010.0
1753547132102,16:25:32.102,ACH/USDT:USDT,0.023,14.0,0.02299,1305.0,0.02301,1490.0,0.02302,2010.0
1753547132402,16:25:32.402,ACH/USDT:USDT,0.023,14.0,0.02299,1305.0,0.02301,1490.0,0.02302,2010.0
1753547132702,16:25:32.702,ACH/USDT:USDT,0.023,14.0,0.02299,1305.0,0.02301,1490.0,0.02302,2010.0
1753547134502,16:25:34.502,ACH/USDT:USDT,0.023,14.0,0.02299,1305.0,0.02301,1483.0,0.02302,2010.0
1753547135502,16:25:35.502,ACH/USDT:USDT,0.023,14.0,0.02299,1305.0,0.02301,1483.0,0.02302,2010.0
1753547136202,16:25:36.202,ACH/USDT:USDT,0.02299,31.0,0.02298,2149.0,0.023,561.0,0.02301,2343.0
1753547136502,16:25:36.502,ACH/USDT:USDT,0.02299,29.0,0.02298,2149.0,0.023,604.0,0.02301,2126.0
1753547137102,16:25:37.102,ACH/USDT:USDT,0.02299,29.0,0.02298,2171.0,0.023,561.0,0.02301,2126.0
1753547137302,16:25:37.302,ACH/USDT:USDT,0.02299,29.0,0.02298,2171.0,0.023,561.0,0.02301,2126.0
1753547137502,16:25:37.502,ACH/USDT:USDT,0.02299,29.0,0.02298,2171.0,0.023,604.0,0.02301,2256.0
1753547137602,16:25:37.602,ACH/USDT:USDT,0.02299,29.0,0.02298,2171.0,0.023,604.0,0.02301,2431.0
1753547138502,16:25:38.502,ACH/USDT:USDT,0.02299,13.0,0.02298,1935.0,0.023,882.0,0.02301,2424.0
1753547139102,16:25:39.102,ACH/USDT:USDT,0.02299,13.0,0.02298,1312.0,0.023,882.0,0.02301,2424.0
1753547139602,16:25:39.602,ACH/USDT:USDT,0.02299,13.0,0.02298,1312.0,0.023,1082.0,0.02301,2424.0
1753547140702,16:25:40.702,ACH/USDT:USDT,0.02299,13.0,0.02298,1311.0,0.023,1086.0,0.02301,2795.0
1753547141402,16:25:41.402,ACH/USDT:USDT,0.02299,13.0,0.02298,1311.0,0.023,1043.0,0.02301,2795.0
1753547141902,16:25:41.902,ACH/USDT:USDT,0.02299,13.0,0.02298,1311.0,0.023,1086.0,0.02301,2795.0
1753547142002,16:25:42.002,ACH/USDT:USDT,0.02299,13.0,0.02298,1311.0,0.023,1086.0,0.02301,2795.0
1753547143002,16:25:43.002,ACH/USDT:USDT,0.02299,13.0,0.02298,1311.0,0.023,882.0,0.02301,2795.0
1753547146502,16:25:46.502,ACH/USDT:USDT,0.02299,13.0,0.02298,1511.0,0.023,884.0,0.02301,2795.0
1753547149902,16:25:49.902,ACH/USDT:USDT,0.02298,146.0,0.02297,2026.0,0.02299,776.0,0.023,1295.0
1753547150302,16:25:50.302,ACH/USDT:USDT,0.02298,146.0,0.02297,2026.0,0.02299,880.0,0.023,1295.0
1753547150502,16:25:50.502,ACH/USDT:USDT,0.02298,293.0,0.02297,1897.0,0.02299,880.0,0.023,1295.0
1753547151202,16:25:51.202,ACH/USDT:USDT,0.02298,293.0,0.02297,1897.0,0.02299,880.0,0.023,1295.0
1753547151302,16:25:51.302,ACH/USDT:USDT,0.02298,293.0,0.02297,1897.0,0.02299,880.0,0.023,1295.0
1753547151402,16:25:51.402,ACH/USDT:USDT,0.02298,293.0,0.02297,1897.0,0.02299,683.0,0.023,1295.0
1753547151902,16:25:51.902,ACH/USDT:USDT,0.02298,146.0,0.02297,1897.0,0.02299,787.0,0.023,1295.0
1753547152202,16:25:52.202,ACH/USDT:USDT,0.02298,146.0,0.02297,2020.0,0.02299,787.0,0.023,1295.0
1753547152802,16:25:52.802,ACH/USDT:USDT,0.02298,146.0,0.02297,2020.0,0.02299,683.0,0.023,1295.0
1753547153402,16:25:53.402,ACH/USDT:USDT,0.02298,275.0,0.02297,1897.0,0.02299,534.0,0.023,1295.0
1753547155502,16:25:55.502,ACH/USDT:USDT,0.02298,686.0,0.02297,1940.0,0.02299,374.0,0.023,1095.0
1753547156402,16:25:56.402,ACH/USDT:USDT,0.02298,571.0,0.02297,1940.0,0.02299,374.0,0.023,1295.0
1753547158202,16:25:58.202,ACH/USDT:USDT,0.02298,571.0,0.02297,1940.0,0.02299,374.0,0.023,1295.0
1753547158402,16:25:58.402,ACH/USDT:USDT,0.02298,686.0,0.02297,1940.0,0.02299,374.0,0.023,1293.0
1753547159202,16:25:59.202,ACH/USDT:USDT,0.02298,571.0,0.02297,1940.0,0.02299,248.0,0.023,1423.0
1753547159402,16:25:59.402,ACH/USDT:USDT,0.02298,571.0,0.02297,1940.0,0.02299,147.0,0.023,1423.0
1753547159502,16:25:59.502,ACH/USDT:USDT,0.02298,528.0,0.02297,1940.0,0.02299,361.0,0.023,1422.0
1753547161402,16:26:01.402,ACH/USDT:USDT,0.02298,278.0,0.02297,1940.0,0.02299,666.0,0.023,1295.0
1753547162002,16:26:02.002,ACH/USDT:USDT,0.02298,281.0,0.02297,1940.0,0.02299,563.0,0.023,1295.0
1753547162502,16:26:02.502,ACH/USDT:USDT,0.02298,531.0,0.02297,1940.0,0.02299,393.0,0.023,1295.0
1753547163402,16:26:03.402,ACH/USDT:USDT,0.02298,893.0,0.02297,2302.0,0.02299,236.0,0.023,1223.0
1753547163502,16:26:03.502,ACH/USDT:USDT,0.02298,578.0,0.02297,2302.0,0.02299,236.0,0.023,1223.0
1753547165302,16:26:05.302,ACH/USDT:USDT,0.02297,554.0,0.02296,2288.0,0.02298,294.0,0.02299,1542.0
1753547165802,16:26:05.802,ACH/USDT:USDT,0.02297,554.0,0.02296,2288.0,0.02298,193.0,0.02299,1542.0
1753547165902,16:26:05.902,ACH/USDT:USDT,0.02297,554.0,0.02296,2288.0,0.02298,193.0,0.02299,1542.0
1753547166102,16:26:06.102,ACH/USDT:USDT,0.02297,550.0,0.02296,2288.0,0.02298,294.0,0.02299,1542.0
1753547166602,16:26:06.602,ACH/USDT:USDT,0.02297,550.0,0.02296,2288.0,0.02298,32.0,0.02299,1542.0
1753547167802,16:26:07.802,ACH/USDT:USDT,0.02297,669.0,0.02296,2288.0,0.02298,32.0,0.02299,1542.0
1753547167902,16:26:07.902,ACH/USDT:USDT,0.02297,713.0,0.02296,2288.0,0.02298,1.0,0.02299,1499.0
1753547168402,16:26:08.402,ACH/USDT:USDT,0.02297,713.0,0.02296,2288.0,0.02298,1.0,0.02299,1499.0
1753547168502,16:26:08.502,ACH/USDT:USDT,0.02297,713.0,0.02296,2288.0,0.02298,1.0,0.02299,1499.0
1753547169702,16:26:09.702,ACH/USDT:USDT,0.02297,711.0,0.02296,2288.0,0.02298,1.0,0.02299,1499.0
1753547170302,16:26:10.302,ACH/USDT:USDT,0.02297,840.0,0.02296,2475.0,0.02298,1.0,0.02299,1066.0
1753547170902,16:26:10.902,ACH/USDT:USDT,0.02297,840.0,0.02296,2475.0,0.02298,1.0,0.02299,1066.0
1753547171202,16:26:11.202,ACH/USDT:USDT,0.02297,840.0,0.02296,2475.0,0.02298,28.0,0.02299,1522.0
1753547172002,16:26:12.002,ACH/USDT:USDT,0.02297,754.0,0.02296,2276.0,0.02298,26.0,0.02299,1522.0
1753547173002,16:26:13.002,ACH/USDT:USDT,0.02297,754.0,0.02296,2276.0,0.02298,1.0,0.02299,1522.0
1753547173302,16:26:13.302,ACH/USDT:USDT,0.02297,754.0,0.02296,2524.0,0.02298,1.0,0.02299,1066.0
1753547175002,16:26:15.002,ACH/USDT:USDT,0.02297,762.0,0.02296,2809.0,0.02298,1.0,0.02299,1066.0
1753547176902,16:26:16.902,ACH/USDT:USDT,0.02297,858.0,0.02296,2723.0,0.02298,1.0,0.02299,1357.0
1753547177602,16:26:17.602,ACH/USDT:USDT,0.02297,762.0,0.02296,2526.0,0.02298,1.0,0.02299,1357.0
1753547179202,16:26:19.202,ACH/USDT:USDT,0.02297,762.0,0.02296,2526.0,0.02298,2.0,0.02299,1354.0
1753547180302,16:26:20.302,ACH/USDT:USDT,0.02297,762.0,0.02296,2811.0,0.02298,2.0,0.02299,1063.0
1753547182102,16:26:22.102,ACH/USDT:USDT,0.02297,647.0,0.02296,2811.0,0.02298,2.0,0.02299,1354.0
