timestamp,time,symbol,bid1_price,bid1_volume,bid2_price,bid2_volume,ask1_price,ask1_volume,ask2_price,ask2_volume
1753546946038,16:22:26.038,ACE/USDT:USDT,0.5773,200.42,0.5771,448.0,0.5776,460.07,0.5777,837.5
1753546946183,16:22:26.183,ACE/USDT:USDT,0.5773,200.42,0.5771,448.0,0.5776,287.86,0.5777,695.94
1753546946349,16:22:26.349,ACE/USDT:USDT,0.5773,200.42,0.5771,448.0,0.5776,296.95,0.5777,695.94
1753546946452,16:22:26.452,ACE/USDT:USDT,0.5773,200.42,0.5771,448.0,0.5776,296.95,0.5777,695.94
1753546946562,16:22:26.562,ACE/USDT:USDT,0.5773,200.42,0.5771,794.27,0.5776,95.68,0.5777,373.16
1753546946677,16:22:26.677,ACE/USDT:USDT,0.5773,200.42,0.5771,794.27,0.5776,95.68,0.5777,373.16
1753546946787,16:22:26.787,ACE/USDT:USDT,0.5773,200.42,0.5771,794.27,0.5776,95.68,0.5777,373.16
1753546947172,16:22:27.172,ACE/USDT:USDT,0.5773,200.42,0.5772,193.58,0.5776,95.68,0.5777,373.16
1753546947502,16:22:27.502,ACE/USDT:USDT,0.5773,200.42,0.5772,319.33,0.5776,95.68,0.5777,373.16
1753546948027,16:22:28.027,ACE/USDT:USDT,0.5773,200.42,0.5772,319.33,0.5776,95.68,0.5777,417.8
1753546948202,16:22:28.202,ACE/USDT:USDT,0.5773,200.42,0.5772,492.5,0.5776,95.68,0.5777,417.8
1753546948702,16:22:28.702,ACE/USDT:USDT,0.5773,200.42,0.5772,492.5,0.5776,95.68,0.5777,417.8
1753546949402,16:22:29.402,ACE/USDT:USDT,0.5773,200.42,0.5772,492.5,0.5776,130.32,0.5777,417.8
1753546949775,16:22:29.775,ACE/USDT:USDT,0.5773,200.42,0.5772,492.5,0.5776,95.68,0.5777,417.8
1753546950575,16:22:30.575,ACE/USDT:USDT,0.5773,200.42,0.5772,366.75,0.5776,95.68,0.5777,417.8
1753546950725,16:22:30.725,ACE/USDT:USDT,0.5773,161.11,0.5772,366.75,0.5776,95.68,0.5777,417.8
1753546950833,16:22:30.833,ACE/USDT:USDT,0.5773,161.11,0.5772,366.75,0.5776,130.32,0.5777,417.8
1753546950945,16:22:30.945,ACE/USDT:USDT,0.5773,161.11,0.5772,366.75,0.5776,130.32,0.5777,417.8
1753546952187,16:22:32.187,ACE/USDT:USDT,0.5772,200.42,0.5771,436.98,0.5775,244.16,0.5776,121.23
1753546952289,16:22:32.289,ACE/USDT:USDT,0.5772,200.42,0.5771,610.18,0.5775,244.16,0.5776,121.23
1753546952398,16:22:32.398,ACE/USDT:USDT,0.5772,200.42,0.5771,610.18,0.5775,244.16,0.5776,121.23
1753546954134,16:22:34.134,ACE/USDT:USDT,0.5772,200.42,0.5771,940.77,0.5775,9.1,0.5776,34.65
1753546954301,16:22:34.301,ACE/USDT:USDT,0.5772,200.42,0.5771,940.77,0.5775,9.1,0.5776,34.65
1753546954702,16:22:34.702,ACE/USDT:USDT,0.5772,200.42,0.5771,940.77,0.5775,9.1,0.5776,34.65
1753546954967,16:22:34.967,ACE/USDT:USDT,0.5774,117.72,0.5773,160.39,0.5776,200.42,0.5777,206.85
1753546955070,16:22:35.070,ACE/USDT:USDT,0.5774,34.64,0.5773,160.39,0.5776,200.42,0.5777,206.85
1753546955225,16:22:35.225,ACE/USDT:USDT,0.5774,34.64,0.5773,160.39,0.5776,200.42,0.5777,206.85
1753546955563,16:22:35.563,ACE/USDT:USDT,0.5772,200.42,0.5771,610.18,0.5776,546.18,0.5777,380.04
1753546955666,16:22:35.666,ACE/USDT:USDT,0.5772,235.06,0.5771,768.26,0.5776,200.42,0.5777,380.04
1753546955833,16:22:35.833,ACE/USDT:USDT,0.5772,235.06,0.5771,768.26,0.5776,200.42,0.5777,380.04
1753546956502,16:22:36.502,ACE/USDT:USDT,0.5772,360.82,0.5771,941.37,0.5776,210.42,0.5777,370.04
1753546957502,16:22:37.502,ACE/USDT:USDT,0.5772,360.82,0.5771,1806.2,0.5776,210.42,0.5777,370.04
1753546958102,16:22:38.102,ACE/USDT:USDT,0.5772,360.82,0.5771,1806.2,0.5776,210.42,0.5777,370.04
1753546958920,16:22:38.920,ACE/USDT:USDT,0.5772,360.82,0.5771,1806.2,0.5776,210.42,0.5777,370.04
1753546959648,16:22:39.648,ACE/USDT:USDT,0.5772,392.43,0.5771,1806.2,0.5776,220.42,0.5777,370.04
1753546959902,16:22:39.902,ACE/USDT:USDT,0.5772,392.43,0.5771,1806.2,0.5776,220.42,0.5777,370.04
1753546960048,16:22:40.048,ACE/USDT:USDT,0.5774,200.42,0.5773,138.59,0.5776,20.0,0.5777,90.88
1753546960156,16:22:40.156,ACE/USDT:USDT,0.5775,144.7,0.5774,200.42,0.5776,10.0,0.5777,101.88
1753546960259,16:22:40.259,ACE/USDT:USDT,0.5774,200.42,0.5773,311.73,0.5776,200.42,0.5778,494.16
1753546960362,16:22:40.362,ACE/USDT:USDT,0.5774,200.42,0.5773,311.73,0.5776,200.42,0.5777,79.23
1753546960698,16:22:40.698,ACE/USDT:USDT,0.5773,138.59,0.5772,23.56,0.5776,200.42,0.5777,446.23
1753546960802,16:22:40.802,ACE/USDT:USDT,0.5773,138.59,0.5772,23.56,0.5776,200.42,0.5777,446.23
1753546960936,16:22:40.936,ACE/USDT:USDT,0.5774,200.42,0.5773,138.59,0.5778,284.1,0.5779,955.3
1753546961037,16:22:41.037,ACE/USDT:USDT,0.5774,235.05,0.5773,138.59,0.5777,200.42,0.5778,284.1
1753546961147,16:22:41.147,ACE/USDT:USDT,0.5774,235.05,0.5773,138.59,0.5777,200.42,0.5778,284.1
1753546961502,16:22:41.502,ACE/USDT:USDT,0.5774,235.05,0.5773,138.59,0.5777,200.42,0.5778,284.1
1753546961651,16:22:41.651,ACE/USDT:USDT,0.5774,235.05,0.5773,138.59,0.5777,200.42,0.5778,284.1
1753546961832,16:22:41.832,ACE/USDT:USDT,0.5774,235.05,0.5773,138.59,0.5777,200.42,0.5778,450.69
1753546962036,16:22:42.036,ACE/USDT:USDT,0.5774,235.05,0.5773,138.59,0.5777,200.42,0.5778,450.69
1753546962283,16:22:42.283,ACE/USDT:USDT,0.5774,235.05,0.5773,138.59,0.5777,200.42,0.5778,450.69
1753546962478,16:22:42.478,ACE/USDT:USDT,0.5774,244.15,0.5773,138.59,0.5777,200.42,0.5778,450.69
1753546962602,16:22:42.602,ACE/USDT:USDT,0.5774,244.15,0.5773,138.59,0.5777,200.42,0.5778,450.69
1753546962737,16:22:42.737,ACE/USDT:USDT,0.5774,244.15,0.5773,138.59,0.5777,200.42,0.5778,284.1
1753546962934,16:22:42.934,ACE/USDT:USDT,0.5774,244.15,0.5773,138.59,0.5777,200.42,0.5778,284.1
1753546963095,16:22:43.095,ACE/USDT:USDT,0.5774,244.15,0.5773,138.59,0.5777,200.42,0.5778,284.1
1753546963198,16:22:43.198,ACE/USDT:USDT,0.5774,244.15,0.5773,138.59,0.5777,200.42,0.5778,284.1
1753546963702,16:22:43.702,ACE/USDT:USDT,0.5774,244.15,0.5773,138.59,0.5777,200.42,0.5778,284.1
1753546963822,16:22:43.822,ACE/USDT:USDT,0.5774,244.15,0.5773,138.59,0.5777,200.42,0.5778,318.72
1753546963924,16:22:43.924,ACE/USDT:USDT,0.5774,244.15,0.5773,138.59,0.5777,200.42,0.5778,152.14
1753546964037,16:22:44.037,ACE/USDT:USDT,0.5774,244.15,0.5773,138.59,0.5777,200.42,0.5778,152.14
1753546964302,16:22:44.302,ACE/USDT:USDT,0.5774,244.15,0.5773,138.59,0.5777,200.42,0.5778,152.14
1753546964451,16:22:44.451,ACE/USDT:USDT,0.5774,244.15,0.5773,138.59,0.5777,209.51,0.5778,152.14
1753546964805,16:22:44.805,ACE/USDT:USDT,0.5774,244.15,0.5773,138.59,0.5777,209.51,0.5778,152.14
1753546965307,16:22:45.307,ACE/USDT:USDT,0.5774,244.15,0.5773,138.59,0.5777,9.09,0.5778,152.14
1753546965410,16:22:45.410,ACE/USDT:USDT,0.5774,244.15,0.5773,138.59,0.5777,9.09,0.5778,152.14
1753546965550,16:22:45.550,ACE/USDT:USDT,0.5774,244.15,0.5773,138.59,0.5777,9.09,0.5778,152.14
1753546965654,16:22:45.654,ACE/USDT:USDT,0.5774,244.15,0.5773,138.59,0.5777,9.09,0.5778,152.14
1753546965785,16:22:45.785,ACE/USDT:USDT,0.5774,244.15,0.5773,138.59,0.5777,9.09,0.5778,152.14
1753546965888,16:22:45.888,ACE/USDT:USDT,0.5774,244.15,0.5773,138.59,0.5777,9.09,0.5778,152.14
1753546966070,16:22:46.070,ACE/USDT:USDT,0.5774,244.15,0.5773,138.59,0.5777,9.09,0.5778,152.14
1753546966502,16:22:46.502,ACE/USDT:USDT,0.5774,244.15,0.5773,437.47,0.5777,9.09,0.5778,152.14
1753546966629,16:22:46.629,ACE/USDT:USDT,0.5774,244.15,0.5773,437.47,0.5777,9.09,0.5778,152.14
1753546966758,16:22:46.758,ACE/USDT:USDT,0.5774,244.15,0.5773,437.47,0.5777,9.09,0.5778,152.14
1753546967102,16:22:47.102,ACE/USDT:USDT,0.5774,244.15,0.5773,437.47,0.5777,9.09,0.5778,152.14
1753546967702,16:22:47.702,ACE/USDT:USDT,0.5774,244.15,0.5773,437.47,0.5777,9.09,0.5778,152.14
1753546968302,16:22:48.302,ACE/USDT:USDT,0.5774,244.15,0.5773,437.47,0.5777,9.09,0.5778,152.14
1753546968902,16:22:48.902,ACE/USDT:USDT,0.5774,244.15,0.5773,437.47,0.5777,9.09,0.5778,152.14
1753546969284,16:22:49.284,ACE/USDT:USDT,0.5774,244.15,0.5773,437.47,0.5777,9.09,0.5778,152.14
1753546969502,16:22:49.502,ACE/USDT:USDT,0.5774,244.15,0.5773,437.47,0.5777,9.09,0.5778,152.14
1753546969915,16:22:49.915,ACE/USDT:USDT,0.5774,244.15,0.5773,437.47,0.5777,9.09,0.5778,152.14
1753546970019,16:22:50.019,ACE/USDT:USDT,0.5774,244.15,0.5773,437.47,0.5777,9.09,0.5778,152.14
1753546970185,16:22:50.185,ACE/USDT:USDT,0.5774,244.15,0.5773,437.47,0.5777,9.09,0.5778,152.14
1753546970316,16:22:50.316,ACE/USDT:USDT,0.5774,244.15,0.5773,437.47,0.5777,9.09,0.5778,152.14
1753546970445,16:22:50.445,ACE/USDT:USDT,0.5774,244.15,0.5773,437.47,0.5777,9.09,0.5778,152.14
1753546970602,16:22:50.602,ACE/USDT:USDT,0.5774,244.15,0.5773,437.47,0.5777,9.09,0.5778,152.14
1753546971203,16:22:51.203,ACE/USDT:USDT,0.5774,244.15,0.5773,437.47,0.5777,9.09,0.5778,152.14
1753546971733,16:22:51.733,ACE/USDT:USDT,0.5774,244.15,0.5773,437.47,0.5777,9.09,0.5778,152.14
1753546972302,16:22:52.302,ACE/USDT:USDT,0.5774,244.15,0.5773,437.47,0.5777,9.09,0.5778,152.14
1753546972903,16:22:52.903,ACE/USDT:USDT,0.5774,244.15,0.5773,437.47,0.5777,9.09,0.5778,152.14
1753546973502,16:22:53.502,ACE/USDT:USDT,0.5774,244.15,0.5773,437.47,0.5777,9.09,0.5778,152.14
1753546973687,16:22:53.687,ACE/USDT:USDT,0.5774,244.15,0.5773,469.06,0.5777,9.09,0.5778,152.14
1753546974102,16:22:54.102,ACE/USDT:USDT,0.5774,244.15,0.5773,469.06,0.5777,9.09,0.5778,152.14
1753546974696,16:22:54.696,ACE/USDT:USDT,0.5774,244.15,0.5773,469.06,0.5777,9.09,0.5778,152.14
1753546974801,16:22:54.801,ACE/USDT:USDT,0.5774,244.15,0.5773,469.06,0.5777,9.09,0.5778,152.14
1753546975295,16:22:55.295,ACE/USDT:USDT,0.5774,244.15,0.5773,469.06,0.5777,9.09,0.5778,152.14
1753546975402,16:22:55.402,ACE/USDT:USDT,0.5774,244.15,0.5773,469.06,0.5777,9.09,0.5778,152.14
1753546975908,16:22:55.908,ACE/USDT:USDT,0.5774,244.15,0.5773,469.06,0.5777,9.09,0.5778,152.14
1753546976074,16:22:56.074,ACE/USDT:USDT,0.5774,244.15,0.5773,469.06,0.5777,9.09,0.5778,152.14
1753546976184,16:22:56.184,ACE/USDT:USDT,0.5774,244.15,0.5773,469.06,0.5777,9.09,0.5778,152.14
1753546976402,16:22:56.402,ACE/USDT:USDT,0.5774,244.15,0.5773,469.06,0.5777,9.09,0.5778,152.14
1753546977002,16:22:57.002,ACE/USDT:USDT,0.5774,244.15,0.5773,469.06,0.5777,9.09,0.5778,152.14
1753546977602,16:22:57.602,ACE/USDT:USDT,0.5774,244.15,0.5773,469.06,0.5777,9.09,0.5778,152.14
1753546978202,16:22:58.202,ACE/USDT:USDT,0.5774,244.15,0.5773,469.06,0.5777,9.09,0.5778,152.14
1753546978802,16:22:58.802,ACE/USDT:USDT,0.5774,244.15,0.5773,469.06,0.5777,9.09,0.5778,152.14
1753546979402,16:22:59.402,ACE/USDT:USDT,0.5774,244.15,0.5773,469.06,0.5777,9.09,0.5778,152.14
1753546979795,16:22:59.795,ACE/USDT:USDT,0.5774,244.15,0.5773,469.06,0.5777,9.09,0.5778,152.14
1753546980307,16:23:00.307,ACE/USDT:USDT,0.5774,244.15,0.5773,469.06,0.5777,9.09,0.5778,152.14
1753546980589,16:23:00.589,ACE/USDT:USDT,0.5774,244.15,0.5773,469.06,0.5777,9.09,0.5778,152.14
1753546980702,16:23:00.702,ACE/USDT:USDT,0.5774,244.15,0.5773,469.06,0.5777,9.09,0.5778,152.14
1753546981202,16:23:01.202,ACE/USDT:USDT,0.5774,244.15,0.5773,469.06,0.5777,9.09,0.5778,152.14
1753546981469,16:23:01.469,ACE/USDT:USDT,0.5774,244.15,0.5773,469.06,0.5777,9.09,0.5778,152.14
1753546981803,16:23:01.803,ACE/USDT:USDT,0.5774,244.15,0.5773,469.06,0.5777,9.09,0.5778,152.14
1753546982131,16:23:02.131,ACE/USDT:USDT,0.5774,244.15,0.5773,330.47,0.5776,138.59,0.5777,205.57
1753546982237,16:23:02.237,ACE/USDT:USDT,0.5774,43.73,0.5773,330.47,0.5776,138.59,0.5777,205.57
1753546982391,16:23:02.391,ACE/USDT:USDT,0.5773,330.47,0.5772,711.94,0.5774,235.05,0.5775,200.42
1753546982522,16:23:02.522,ACE/USDT:USDT,0.5773,298.88,0.5772,542.88,0.5774,235.05,0.5775,200.42
1753546982627,16:23:02.627,ACE/USDT:USDT,0.5771,346.34,0.577,207.48,0.5774,235.05,0.5775,200.42
1753546982748,16:23:02.748,ACE/USDT:USDT,0.5771,530.54,0.577,553.06,0.5774,235.05,0.5775,200.42
1753546982850,16:23:02.850,ACE/USDT:USDT,0.5771,346.4,0.577,785.86,0.5774,244.15,0.5775,200.42
1753546982954,16:23:02.954,ACE/USDT:USDT,0.577,959.09,0.5769,2283.94,0.5774,9.1,0.5775,200.42
1753546983060,16:23:03.060,ACE/USDT:USDT,0.5772,83.08,0.5771,588.2,0.5774,9.1,0.5776,370.53
1753546983186,16:23:03.186,ACE/USDT:USDT,0.5772,83.08,0.5771,588.2,0.5774,9.1,0.5776,380.53
1753546983426,16:23:03.426,ACE/USDT:USDT,0.5772,83.08,0.5771,588.2,0.5774,9.1,0.5776,380.53
1753546983529,16:23:03.529,ACE/USDT:USDT,0.5772,83.08,0.5771,588.2,0.5774,9.1,0.5776,380.53
1753546983703,16:23:03.703,ACE/USDT:USDT,0.5772,83.08,0.5771,588.2,0.5774,9.1,0.5776,380.53
1753546983823,16:23:03.823,ACE/USDT:USDT,0.5772,83.08,0.5771,588.2,0.5774,9.1,0.5776,390.53
1753546984075,16:23:04.075,ACE/USDT:USDT,0.5772,83.08,0.5771,588.2,0.5774,9.1,0.5776,390.53
1753546984205,16:23:04.205,ACE/USDT:USDT,0.5772,83.08,0.5771,588.2,0.5774,9.1,0.5776,390.53
1753546984308,16:23:04.308,ACE/USDT:USDT,0.5772,83.08,0.5771,588.2,0.5774,9.1,0.5776,390.53
1753546984424,16:23:04.424,ACE/USDT:USDT,0.5772,83.08,0.5771,588.2,0.5774,9.1,0.5776,405.05
1753546984544,16:23:04.544,ACE/USDT:USDT,0.5772,83.08,0.5771,588.2,0.5774,9.1,0.5776,405.05
1753546984649,16:23:04.649,ACE/USDT:USDT,0.5772,83.08,0.5771,588.2,0.5774,9.1,0.5776,405.05
1753546984796,16:23:04.796,ACE/USDT:USDT,0.5772,83.08,0.5771,588.2,0.5774,9.1,0.5776,405.05
1753546984904,16:23:04.904,ACE/USDT:USDT,0.5772,83.08,0.5771,588.2,0.5774,9.1,0.5776,405.05
1753546985067,16:23:05.067,ACE/USDT:USDT,0.5772,83.08,0.5771,588.2,0.5774,9.1,0.5776,418.54
1753546985386,16:23:05.386,ACE/USDT:USDT,0.5772,83.08,0.5771,588.2,0.5774,9.1,0.5776,418.54
1753546985491,16:23:05.491,ACE/USDT:USDT,0.5772,83.08,0.5771,588.2,0.5774,9.1,0.5776,418.54
1753546985870,16:23:05.870,ACE/USDT:USDT,0.5772,83.08,0.5771,588.2,0.5774,9.1,0.5776,418.54
1753546986001,16:23:06.001,ACE/USDT:USDT,0.5772,83.08,0.5771,588.2,0.5774,9.1,0.5776,418.54
1753546986244,16:23:06.244,ACE/USDT:USDT,0.5772,83.08,0.5771,588.2,0.5774,9.1,0.5776,279.95
1753546986424,16:23:06.424,ACE/USDT:USDT,0.5772,83.08,0.5771,619.83,0.5774,9.1,0.5776,266.46
1753546986577,16:23:06.577,ACE/USDT:USDT,0.5772,330.53,0.5771,831.28,0.5777,120.83,0.5778,1360.87
1753546986680,16:23:06.680,ACE/USDT:USDT,0.5772,298.92,0.5771,831.28,0.5777,130.83,0.5778,371.43
1753546986789,16:23:06.789,ACE/USDT:USDT,0.5774,83.08,0.5772,472.01,0.5777,304.0,0.5778,1300.59
1753546986898,16:23:06.898,ACE/USDT:USDT,0.5774,83.08,0.5772,483.01,0.5776,200.42,0.5777,183.17
1753546987001,16:23:07.001,ACE/USDT:USDT,0.5774,83.08,0.5772,483.01,0.5776,200.42,0.5777,173.17
1753546987148,16:23:07.148,ACE/USDT:USDT,0.5773,34.64,0.5772,472.01,0.5776,200.42,0.5777,263.99
1753546987254,16:23:07.254,ACE/USDT:USDT,0.5773,34.64,0.5772,472.01,0.5776,200.42,0.5777,263.99
1753546987372,16:23:07.372,ACE/USDT:USDT,0.5773,34.64,0.5772,472.01,0.5776,200.42,0.5777,263.99
1753546987569,16:23:07.569,ACE/USDT:USDT,0.5773,34.64,0.5772,173.09,0.5776,200.42,0.5777,263.99
1753546987682,16:23:07.682,ACE/USDT:USDT,0.5773,34.64,0.5772,173.09,0.5777,283.96,0.5778,1279.08
1753546987784,16:23:07.784,ACE/USDT:USDT,0.5773,34.64,0.5772,173.09,0.5777,293.96,0.5778,371.43
1753546987888,16:23:07.888,ACE/USDT:USDT,0.5773,34.64,0.5772,173.09,0.5777,293.96,0.5778,1279.16
1753546988054,16:23:08.054,ACE/USDT:USDT,0.5773,34.64,0.5772,173.09,0.5777,303.96,0.5778,371.43
1753546988159,16:23:08.159,ACE/USDT:USDT,0.5773,34.64,0.5772,173.09,0.5777,303.96,0.5778,1279.06
1753546988702,16:23:08.702,ACE/USDT:USDT,0.5773,34.64,0.5772,173.09,0.5777,303.96,0.5778,1279.06
1753546989037,16:23:09.037,ACE/USDT:USDT,0.5773,34.64,0.5772,173.09,0.5777,303.96,0.5778,1279.06
1753546989255,16:23:09.255,ACE/USDT:USDT,0.5773,34.64,0.5772,173.09,0.5777,303.96,0.5778,1279.06
1753546989554,16:23:09.554,ACE/USDT:USDT,0.5772,298.85,0.5771,658.09,0.5776,200.42,0.5777,173.17
1753546989660,16:23:09.660,ACE/USDT:USDT,0.5772,330.46,0.5771,658.09,0.5776,200.42,0.5777,173.17
1753546989802,16:23:09.802,ACE/USDT:USDT,0.5772,330.46,0.5771,658.09,0.5776,200.42,0.5777,173.17
1753546990133,16:23:10.133,ACE/USDT:USDT,0.5772,330.46,0.5771,658.09,0.5776,200.42,0.5777,173.17
1753546990315,16:23:10.315,ACE/USDT:USDT,0.5773,563.55,0.5772,298.85,0.5777,20.0,0.5778,371.43
1753546990417,16:23:10.417,ACE/USDT:USDT,0.5773,563.55,0.5772,644.37,0.5777,20.0,0.5778,371.43
1753546990563,16:23:10.563,ACE/USDT:USDT,0.5773,563.55,0.5772,817.53,0.5777,20.0,0.5778,391.4
1753546990794,16:23:10.794,ACE/USDT:USDT,0.5773,335.36,0.5772,817.53,0.5777,20.0,0.5778,391.4
1753546991054,16:23:11.054,ACE/USDT:USDT,0.5773,335.36,0.5772,817.53,0.5777,20.0,0.5778,194.92
1753546991431,16:23:11.431,ACE/USDT:USDT,0.5774,521.42,0.5773,335.36,0.5777,20.0,0.5778,194.92
1753546991537,16:23:11.537,ACE/USDT:USDT,0.5774,556.05,0.5773,369.99,0.5777,20.0,0.5778,185.4
1753546991648,16:23:11.648,ACE/USDT:USDT,0.5774,556.05,0.5773,755.71,0.5777,20.0,0.5778,175.43
1753546991750,16:23:11.750,ACE/USDT:USDT,0.5774,556.05,0.5773,755.71,0.5777,20.0,0.5778,100.82
1753546991995,16:23:11.995,ACE/USDT:USDT,0.5774,296.31,0.5773,755.71,0.5777,20.0,0.5778,100.82
1753546992325,16:23:12.325,ACE/USDT:USDT,0.5774,296.31,0.5773,755.71,0.5777,20.0,0.5778,158.84
1753546992515,16:23:12.515,ACE/USDT:USDT,0.5774,296.31,0.5773,755.71,0.5777,20.0,0.5778,158.84
1753546993102,16:23:13.102,ACE/USDT:USDT,0.5774,296.31,0.5773,755.71,0.5777,20.0,0.5778,158.84
1753546993444,16:23:13.444,ACE/USDT:USDT,0.5774,296.31,0.5773,755.71,0.5777,10.0,0.5778,158.84
1753546993571,16:23:13.571,ACE/USDT:USDT,0.5774,296.31,0.5773,755.71,0.5777,20.0,0.5778,158.84
1753546993685,16:23:13.685,ACE/USDT:USDT,0.5774,296.31,0.5773,755.71,0.5777,20.0,0.5778,158.84
1753546993788,16:23:13.788,ACE/USDT:USDT,0.5774,296.31,0.5773,755.71,0.5777,20.0,0.5778,158.84
1753546993906,16:23:13.906,ACE/USDT:USDT,0.5774,296.31,0.5773,755.71,0.5777,20.0,0.5778,148.84
1753546994202,16:23:14.202,ACE/USDT:USDT,0.5774,296.31,0.5773,755.71,0.5777,20.0,0.5778,148.84
1753546994307,16:23:14.307,ACE/USDT:USDT,0.5774,296.31,0.5773,755.71,0.5777,20.0,0.5778,148.84
1753546994802,16:23:14.802,ACE/USDT:USDT,0.5774,296.31,0.5773,755.71,0.5777,20.0,0.5778,148.84
1753546995340,16:23:15.340,ACE/USDT:USDT,0.5774,176.23,0.5773,755.71,0.5777,20.0,0.5778,58.02
1753546995443,16:23:15.443,ACE/USDT:USDT,0.5774,176.23,0.5773,755.71,0.5777,20.0,0.5778,58.02
1753546995549,16:23:15.549,ACE/USDT:USDT,0.5776,83.08,0.5775,385.38,0.5777,20.0,0.5779,506.63
1753546995653,16:23:15.653,ACE/USDT:USDT,0.5776,83.08,0.5775,385.38,0.5777,20.0,0.5779,506.63
1753546995792,16:23:15.792,ACE/USDT:USDT,0.5776,83.08,0.5775,385.38,0.5777,20.0,0.5779,506.63
1753546995935,16:23:15.935,ACE/USDT:USDT,0.5776,83.08,0.5775,385.38,0.5777,20.0,0.5779,506.63
1753546996576,16:23:16.576,ACE/USDT:USDT,0.5775,350.75,0.5774,301.96,0.5777,10.0,0.5779,506.63
1753546996684,16:23:16.684,ACE/USDT:USDT,0.5775,350.75,0.5774,301.96,0.5777,10.0,0.5779,516.63
1753546996969,16:23:16.969,ACE/USDT:USDT,0.5775,350.75,0.5774,301.96,0.5777,10.0,0.5779,516.63
1753546997071,16:23:17.071,ACE/USDT:USDT,0.5775,350.75,0.5774,301.96,0.5777,10.0,0.5779,516.63
1753546997276,16:23:17.276,ACE/USDT:USDT,0.5775,350.75,0.5774,301.96,0.5777,10.0,0.5779,516.63
1753546997502,16:23:17.502,ACE/USDT:USDT,0.5777,83.08,0.5776,125.7,0.5779,232.39,0.578,276.44
1753546997604,16:23:17.604,ACE/USDT:USDT,0.5778,83.08,0.5776,334.98,0.5779,20.0,0.578,224.57
1753546997707,16:23:17.707,ACE/USDT:USDT,0.5778,83.08,0.5776,220.28,0.5779,20.0,0.578,224.57
1753546997834,16:23:17.834,ACE/USDT:USDT,0.5778,83.08,0.5776,220.28,0.5779,20.0,0.578,224.57
1753546998102,16:23:18.102,ACE/USDT:USDT,0.5777,83.08,0.5776,125.7,0.5779,30.0,0.578,148.84
1753546998206,16:23:18.206,ACE/USDT:USDT,0.5777,83.08,0.5776,125.7,0.5779,30.0,0.578,158.36
1753546998313,16:23:18.313,ACE/USDT:USDT,0.5777,83.08,0.5776,160.32,0.5779,30.0,0.578,158.36
1753546998456,16:23:18.456,ACE/USDT:USDT,0.5777,83.08,0.5776,160.32,0.5779,30.0,0.578,497.07
1753546998558,16:23:18.558,ACE/USDT:USDT,0.5777,83.08,0.5776,34.62,0.5779,30.0,0.578,648.58
1753546998665,16:23:18.665,ACE/USDT:USDT,0.5777,83.08,0.5775,919.67,0.5779,30.0,0.578,668.58
1753546998769,16:23:18.769,ACE/USDT:USDT,0.5777,83.08,0.5775,573.55,0.5779,30.0,0.578,668.58
1753546998922,16:23:18.922,ACE/USDT:USDT,0.5777,83.08,0.5775,573.55,0.5779,30.0,0.578,688.58
1753546999133,16:23:19.133,ACE/USDT:USDT,0.5777,83.08,0.5775,746.62,0.5779,30.0,0.578,688.58
1753546999237,16:23:19.237,ACE/USDT:USDT,0.5777,83.08,0.5775,746.62,0.5779,30.0,0.578,698.58
1753546999554,16:23:19.554,ACE/USDT:USDT,0.5777,83.08,0.5775,919.69,0.5779,30.0,0.578,698.58
1753546999685,16:23:19.685,ACE/USDT:USDT,0.5777,83.08,0.5775,919.69,0.5779,30.0,0.578,698.58
1753547000095,16:23:20.095,ACE/USDT:USDT,0.5777,83.08,0.5775,919.69,0.5779,20.0,0.578,708.58
1753547000235,16:23:20.235,ACE/USDT:USDT,0.5775,908.69,0.5774,442.72,0.5779,20.0,0.578,708.58
1753547000443,16:23:20.443,ACE/USDT:USDT,0.5775,523.19,0.5774,388.48,0.5779,20.0,0.578,218.36
1753547000559,16:23:20.559,ACE/USDT:USDT,0.5775,523.19,0.5774,388.48,0.5779,10.0,0.578,228.36
1753547000687,16:23:20.687,ACE/USDT:USDT,0.5775,523.19,0.5774,561.55,0.5779,10.0,0.578,228.36
1753547000814,16:23:20.814,ACE/USDT:USDT,0.5775,523.19,0.5774,561.55,0.5779,10.0,0.578,314.87
1753547000920,16:23:20.920,ACE/USDT:USDT,0.5775,523.19,0.5774,561.55,0.5779,10.0,0.578,314.87
1753547001034,16:23:21.034,ACE/USDT:USDT,0.5775,557.82,0.5774,561.55,0.5779,20.0,0.578,314.87
1753547001145,16:23:21.145,ACE/USDT:USDT,0.5775,557.82,0.5774,561.55,0.5779,20.0,0.578,228.36
1753547001285,16:23:21.285,ACE/USDT:USDT,0.5775,557.82,0.5774,561.55,0.5779,20.0,0.578,228.36
1753547001544,16:23:21.544,ACE/USDT:USDT,0.5775,683.54,0.5774,772.31,0.5779,10.0,0.578,218.36
1753547001646,16:23:21.646,ACE/USDT:USDT,0.5775,683.54,0.5774,945.38,0.5779,20.0,0.578,208.36
1753547001798,16:23:21.798,ACE/USDT:USDT,0.5775,506.49,0.5774,945.38,0.5779,20.0,0.578,188.36
1753547001924,16:23:21.924,ACE/USDT:USDT,0.5775,506.49,0.5774,734.62,0.5779,40.0,0.578,274.87
1753547002041,16:23:22.041,ACE/USDT:USDT,0.5775,506.49,0.5774,734.62,0.5779,50.0,0.578,188.36
1753547002167,16:23:22.167,ACE/USDT:USDT,0.5775,125.72,0.5774,700.0,0.5778,200.42,0.5779,50.0
1753547002290,16:23:22.290,ACE/USDT:USDT,0.5775,125.72,0.5774,700.0,0.5778,200.42,0.5779,30.0
1753547002403,16:23:22.403,ACE/USDT:USDT,0.5775,125.72,0.5774,700.0,0.5778,200.42,0.5779,30.0
1753547002509,16:23:22.509,ACE/USDT:USDT,0.5775,125.72,0.5774,700.0,0.5778,200.42,0.5779,30.0
1753547003026,16:23:23.026,ACE/USDT:USDT,0.5775,125.72,0.5774,700.0,0.5778,210.42,0.5779,30.0
1753547003152,16:23:23.152,ACE/USDT:USDT,0.5775,125.72,0.5774,734.63,0.5778,220.42,0.5779,30.0
1753547003282,16:23:23.282,ACE/USDT:USDT,0.5775,125.72,0.5774,700.0,0.5778,240.42,0.5779,30.0
1753547003398,16:23:23.398,ACE/USDT:USDT,0.5775,125.72,0.5774,700.0,0.5778,50.0,0.5779,30.0
1753547003525,16:23:23.525,ACE/USDT:USDT,0.5775,125.72,0.5774,700.0,0.5778,50.0,0.5779,30.0
1753547004002,16:23:24.002,ACE/USDT:USDT,0.5775,125.72,0.5774,700.0,0.5778,50.0,0.5779,30.0
1753547004195,16:23:24.195,ACE/USDT:USDT,0.5775,125.72,0.5774,700.0,0.5778,50.0,0.5779,20.0
1753547004552,16:23:24.552,ACE/USDT:USDT,0.5775,186.96,0.5774,904.68,0.5778,50.0,0.5779,20.0
1753547005037,16:23:25.037,ACE/USDT:USDT,0.5775,186.96,0.5774,904.68,0.5778,50.0,0.578,462.93
1753547005195,16:23:25.195,ACE/USDT:USDT,0.5775,186.96,0.5774,904.68,0.5778,50.0,0.578,482.93
1753547005702,16:23:25.702,ACE/USDT:USDT,0.5775,221.59,0.5774,904.68,0.5778,50.0,0.578,482.93
1753547005829,16:23:25.829,ACE/USDT:USDT,0.5775,221.59,0.5774,904.68,0.5778,50.0,0.578,442.93
1753547006302,16:23:26.302,ACE/USDT:USDT,0.5775,221.59,0.5774,904.68,0.5778,50.0,0.578,432.93
1753547006902,16:23:26.902,ACE/USDT:USDT,0.5775,221.59,0.5774,904.68,0.5778,50.0,0.578,432.93
1753547007109,16:23:27.109,ACE/USDT:USDT,0.5775,221.59,0.5774,731.57,0.5778,40.0,0.578,432.93
1753547007218,16:23:27.218,ACE/USDT:USDT,0.5775,61.24,0.5774,766.2,0.5778,50.0,0.578,432.93
1753547007342,16:23:27.342,ACE/USDT:USDT,0.5775,61.24,0.5774,731.57,0.5778,50.0,0.578,452.93
1753547007444,16:23:27.444,ACE/USDT:USDT,0.5775,61.24,0.5774,766.2,0.5778,50.0,0.578,482.93
1753547008002,16:23:28.002,ACE/USDT:USDT,0.5775,61.24,0.5774,766.2,0.5778,50.0,0.578,482.93
1753547008245,16:23:28.245,ACE/USDT:USDT,0.5775,61.24,0.5774,766.2,0.5778,50.0,0.578,482.93
1753547008602,16:23:28.602,ACE/USDT:USDT,0.5775,61.24,0.5774,766.2,0.5778,50.0,0.578,482.93
1753547008869,16:23:28.869,ACE/USDT:USDT,0.5775,61.24,0.5774,766.2,0.5778,50.0,0.578,569.44
1753547009202,16:23:29.202,ACE/USDT:USDT,0.5775,61.24,0.5774,766.2,0.5778,50.0,0.578,569.44
1753547009442,16:23:29.442,ACE/USDT:USDT,0.5775,61.24,0.5774,535.75,0.5777,200.42,0.5778,20.0
1753547009552,16:23:29.552,ACE/USDT:USDT,0.5775,61.24,0.5774,535.75,0.5777,200.42,0.5778,20.0
1753547009710,16:23:29.710,ACE/USDT:USDT,0.5775,61.24,0.5774,331.11,0.5777,200.42,0.5778,20.0
1753547009813,16:23:29.813,ACE/USDT:USDT,0.5775,61.24,0.5774,331.11,0.5777,200.42,0.5778,20.0
1753547009924,16:23:29.924,ACE/USDT:USDT,0.5775,61.24,0.5774,365.74,0.5777,200.42,0.5778,20.0
1753547010295,16:23:30.295,ACE/USDT:USDT,0.5775,61.24,0.5774,365.74,0.5777,200.42,0.5778,10.0
1753547010456,16:23:30.456,ACE/USDT:USDT,0.5775,61.24,0.5774,331.11,0.5777,210.42,0.5779,770.51
1753547010563,16:23:30.563,ACE/USDT:USDT,0.5775,61.24,0.5773,1089.62,0.5777,210.42,0.5779,770.51
1753547010802,16:23:30.802,ACE/USDT:USDT,0.5775,61.24,0.5773,916.49,0.5777,210.42,0.5779,770.51
1753547010934,16:23:30.934,ACE/USDT:USDT,0.5775,61.24,0.5773,1089.62,0.5777,210.42,0.5779,770.51
1753547011395,16:23:31.395,ACE/USDT:USDT,0.5775,61.24,0.5773,1089.62,0.5777,210.42,0.5779,770.51
1753547011617,16:23:31.617,ACE/USDT:USDT,0.5775,61.24,0.5773,1089.62,0.5777,210.42,0.5779,770.51
1753547011728,16:23:31.728,ACE/USDT:USDT,0.5775,61.24,0.5773,1435.78,0.5777,210.42,0.5779,770.51
1753547011913,16:23:31.913,ACE/USDT:USDT,0.5775,61.24,0.5773,1593.83,0.5777,220.42,0.5779,770.51
1753547012065,16:23:32.065,ACE/USDT:USDT,0.5775,61.24,0.5773,1593.83,0.5777,220.42,0.5779,770.51
1753547012498,16:23:32.498,ACE/USDT:USDT,0.5775,61.24,0.5773,1593.83,0.5777,230.42,0.5779,770.51
1753547012602,16:23:32.602,ACE/USDT:USDT,0.5775,61.24,0.5773,1435.78,0.5777,230.42,0.5779,770.51
1753547012822,16:23:32.822,ACE/USDT:USDT,0.5775,144.32,0.5773,1593.83,0.5777,230.42,0.5779,770.51
1753547013380,16:23:33.380,ACE/USDT:USDT,0.5775,144.32,0.5773,1262.7,0.5777,230.42,0.5779,770.51
1753547013566,16:23:33.566,ACE/USDT:USDT,0.5775,144.32,0.5773,916.49,0.5777,230.42,0.5779,770.51
1753547013802,16:23:33.802,ACE/USDT:USDT,0.5775,144.32,0.5773,916.49,0.5777,230.42,0.5779,770.51
1753547014093,16:23:34.093,ACE/USDT:USDT,0.5775,144.32,0.5774,34.63,0.5777,230.42,0.5779,770.51
1753547014346,16:23:34.346,ACE/USDT:USDT,0.5775,70.34,0.5773,1089.62,0.5777,230.42,0.5779,770.51
1753547014552,16:23:34.552,ACE/USDT:USDT,0.5775,70.34,0.5773,916.49,0.5777,230.42,0.5778,166.58
1753547014655,16:23:34.655,ACE/USDT:USDT,0.5775,70.34,0.5773,916.49,0.5777,230.42,0.5778,166.58
1753547014902,16:23:34.902,ACE/USDT:USDT,0.5775,70.34,0.5773,916.49,0.5777,230.42,0.5778,166.58
1753547015086,16:23:35.086,ACE/USDT:USDT,0.5775,70.34,0.5773,916.49,0.5777,230.42,0.5778,166.58
1753547015227,16:23:35.227,ACE/USDT:USDT,0.5774,300.67,0.5773,731.32,0.5777,230.42,0.5778,166.58
1753547015332,16:23:35.332,ACE/USDT:USDT,0.5774,300.67,0.5773,521.45,0.5777,402.62,0.5778,166.58
1753547015433,16:23:35.433,ACE/USDT:USDT,0.5774,300.67,0.5773,521.45,0.5777,230.42,0.5778,166.58
1753547015569,16:23:35.569,ACE/USDT:USDT,0.5774,300.67,0.5773,521.45,0.5777,230.42,0.5778,166.58
1753547015795,16:23:35.795,ACE/USDT:USDT,0.5774,300.67,0.5773,521.45,0.5777,230.42,0.5778,166.58
1753547015975,16:23:35.975,ACE/USDT:USDT,0.5774,300.67,0.5773,521.45,0.5777,230.42,0.5778,166.58
1753547016154,16:23:36.154,ACE/USDT:USDT,0.5774,300.67,0.5773,521.45,0.5777,230.42,0.5778,166.58
1753547016334,16:23:36.334,ACE/USDT:USDT,0.5774,300.67,0.5773,521.45,0.5777,230.42,0.5778,166.58
1753547016502,16:23:36.502,ACE/USDT:USDT,0.5774,300.67,0.5773,521.45,0.5777,230.42,0.5779,770.51
1753547016896,16:23:36.896,ACE/USDT:USDT,0.5774,300.67,0.5773,521.45,0.5777,230.42,0.5779,920.09
1753547017102,16:23:37.102,ACE/USDT:USDT,0.5774,300.67,0.5773,521.45,0.5777,230.42,0.5779,920.09
1753547017487,16:23:37.487,ACE/USDT:USDT,0.5774,300.67,0.5773,521.45,0.5777,230.42,0.5779,770.51
1753547017646,16:23:37.646,ACE/USDT:USDT,0.5774,300.67,0.5773,521.45,0.5777,230.42,0.5779,770.51
1753547018186,16:23:38.186,ACE/USDT:USDT,0.5774,300.67,0.5773,556.08,0.5777,230.42,0.5779,770.51
1753547018300,16:23:38.300,ACE/USDT:USDT,0.5774,300.67,0.5773,556.08,0.5777,200.42,0.5779,770.51
1753547018644,16:23:38.644,ACE/USDT:USDT,0.5774,300.67,0.5773,556.08,0.5777,200.42,0.5779,770.51
1753547018755,16:23:38.755,ACE/USDT:USDT,0.5774,300.67,0.5773,556.08,0.5777,200.42,0.5779,770.51
1753547019302,16:23:39.302,ACE/USDT:USDT,0.5774,335.3,0.5773,556.08,0.5777,200.42,0.5779,770.51
1753547019542,16:23:39.542,ACE/USDT:USDT,0.5774,335.3,0.5773,556.08,0.5777,200.42,0.5779,770.51
1753547019902,16:23:39.902,ACE/USDT:USDT,0.5774,335.3,0.5773,556.08,0.5777,200.42,0.5779,770.51
1753547020095,16:23:40.095,ACE/USDT:USDT,0.5774,34.63,0.5773,729.19,0.5778,200.42,0.5779,437.22
1753547020201,16:23:40.201,ACE/USDT:USDT,0.5774,34.63,0.5773,729.19,0.5778,367.0,0.5779,995.6
1753547020333,16:23:40.333,ACE/USDT:USDT,0.5774,34.63,0.5773,729.19,0.5778,200.42,0.5779,995.6
1753547020475,16:23:40.475,ACE/USDT:USDT,0.5774,34.63,0.5773,729.19,0.5778,200.42,0.5779,995.6
1753547020600,16:23:40.600,ACE/USDT:USDT,0.5776,14.85,0.5774,45.63,0.5778,200.42,0.5779,90.96
1753547020736,16:23:40.736,ACE/USDT:USDT,0.5776,14.85,0.5774,271.04,0.5778,200.42,0.5779,429.71
1753547021003,16:23:41.003,ACE/USDT:USDT,0.5776,49.48,0.5774,271.04,0.5778,200.42,0.5779,429.71
1753547021205,16:23:41.205,ACE/USDT:USDT,0.5776,49.48,0.5774,271.04,0.5778,200.42,0.5779,429.71
1753547021450,16:23:41.450,ACE/USDT:USDT,0.5776,49.48,0.5774,271.04,0.5778,200.42,0.5779,571.24
1753547021551,16:23:41.551,ACE/USDT:USDT,0.5776,14.85,0.5774,271.04,0.5778,546.09,0.5779,527.66
1753547021653,16:23:41.653,ACE/USDT:USDT,0.5776,14.85,0.5774,236.41,0.5778,546.09,0.5779,700.66
1753547021954,16:23:41.954,ACE/USDT:USDT,0.5776,14.85,0.5774,236.41,0.5778,546.09,0.5779,700.66
1753547022244,16:23:42.244,ACE/USDT:USDT,0.5776,14.85,0.5774,236.41,0.5778,555.18,0.5779,700.66
1753547022702,16:23:42.702,ACE/USDT:USDT,0.5776,14.85,0.5774,236.41,0.5778,555.18,0.5779,700.66
1753547023071,16:23:43.071,ACE/USDT:USDT,0.5776,14.85,0.5774,236.41,0.5778,209.51,0.5779,700.66
1753547023176,16:23:43.176,ACE/USDT:USDT,0.5776,14.85,0.5774,409.51,0.5778,209.51,0.5779,527.66
1753547023301,16:23:43.301,ACE/USDT:USDT,0.5776,14.85,0.5774,236.41,0.5778,555.18,0.5779,527.66
1753547023734,16:23:43.734,ACE/USDT:USDT,0.5776,14.85,0.5774,409.51,0.5778,555.18,0.5779,527.66
1753547023837,16:23:43.837,ACE/USDT:USDT,0.5776,14.85,0.5774,236.41,0.5778,555.18,0.5779,527.66
1753547023987,16:23:43.987,ACE/USDT:USDT,0.5776,14.85,0.5774,236.41,0.5778,555.18,0.5779,527.66
1753547024173,16:23:44.173,ACE/USDT:USDT,0.5776,14.85,0.5774,236.41,0.5778,555.18,0.5779,700.66
1753547024402,16:23:44.402,ACE/USDT:USDT,0.5776,14.85,0.5774,236.41,0.5778,555.18,0.5779,700.66
1753547024891,16:23:44.891,ACE/USDT:USDT,0.5776,14.85,0.5774,236.41,0.5778,555.18,0.5779,1046.14
1753547024994,16:23:44.994,ACE/USDT:USDT,0.5776,14.85,0.5774,236.41,0.5778,555.18,0.5779,1046.14
1753547025502,16:23:45.502,ACE/USDT:USDT,0.5776,14.85,0.5774,236.41,0.5778,555.18,0.5779,1391.85
1753547025653,16:23:45.653,ACE/USDT:USDT,0.5776,14.85,0.5774,236.41,0.5778,555.18,0.5779,1564.95
1753547026102,16:23:46.102,ACE/USDT:USDT,0.5776,14.85,0.5774,236.41,0.5778,555.18,0.5779,1219.47
1753547026574,16:23:46.574,ACE/USDT:USDT,0.5776,14.85,0.5774,236.41,0.5778,555.18,0.5779,873.76
1753547026677,16:23:46.677,ACE/USDT:USDT,0.5776,14.85,0.5774,236.41,0.5778,555.18,0.5779,873.76
1753547026802,16:23:46.802,ACE/USDT:USDT,0.5776,14.85,0.5774,236.41,0.5778,555.18,0.5779,873.76
1753547027202,16:23:47.202,ACE/USDT:USDT,0.5776,14.85,0.5774,236.41,0.5778,555.18,0.5779,873.76
1753547027802,16:23:47.802,ACE/USDT:USDT,0.5776,14.85,0.5774,236.41,0.5778,555.18,0.5779,873.76
1753547028233,16:23:48.233,ACE/USDT:USDT,0.5776,49.48,0.5774,236.41,0.5778,555.18,0.5779,873.76
1753547028345,16:23:48.345,ACE/USDT:USDT,0.5776,49.48,0.5774,236.41,0.5778,555.18,0.5779,873.76
1753547028568,16:23:48.568,ACE/USDT:USDT,0.5776,49.48,0.5774,236.41,0.5778,555.18,0.5779,700.66
1753547028885,16:23:48.885,ACE/USDT:USDT,0.5776,49.48,0.5774,236.41,0.5778,555.18,0.5779,700.66
1753547029034,16:23:49.034,ACE/USDT:USDT,0.5776,49.48,0.5774,236.41,0.5778,555.18,0.5779,700.66
1753547029395,16:23:49.395,ACE/USDT:USDT,0.5776,49.48,0.5774,236.41,0.5778,555.18,0.5779,700.66
1753547029502,16:23:49.502,ACE/USDT:USDT,0.5776,49.48,0.5774,236.41,0.5778,555.18,0.5779,873.76
1753547029897,16:23:49.897,ACE/USDT:USDT,0.5776,14.85,0.5774,236.41,0.5778,555.18,0.5779,1046.14
1753547030102,16:23:50.102,ACE/USDT:USDT,0.5776,14.85,0.5774,236.41,0.5778,555.18,0.5779,1046.14
1753547030502,16:23:50.502,ACE/USDT:USDT,0.5776,14.85,0.5774,236.41,0.5778,555.18,0.5779,1046.14
1753547030906,16:23:50.906,ACE/USDT:USDT,0.5776,14.85,0.5774,236.41,0.5778,555.18,0.5779,873.76
1753547031015,16:23:51.015,ACE/USDT:USDT,0.5776,14.85,0.5774,236.41,0.5778,555.18,0.5779,873.76
1753547031428,16:23:51.428,ACE/USDT:USDT,0.5776,14.85,0.5774,236.41,0.5778,555.18,0.5779,1219.24
1753547031554,16:23:51.554,ACE/USDT:USDT,0.5776,14.85,0.5774,236.41,0.5778,555.18,0.5779,1046.14
1753547031665,16:23:51.665,ACE/USDT:USDT,0.5776,14.85,0.5774,236.41,0.5778,555.18,0.5779,1046.14
1753547031931,16:23:51.931,ACE/USDT:USDT,0.5776,14.85,0.5774,236.41,0.5778,555.18,0.5779,1046.14
1753547032208,16:23:52.208,ACE/USDT:USDT,0.5776,14.85,0.5774,236.41,0.5778,555.18,0.5779,1046.14
1753547032382,16:23:52.382,ACE/USDT:USDT,0.5776,14.99,0.5774,316.37,0.5778,555.18,0.5779,1219.27
1753547032484,16:23:52.484,ACE/USDT:USDT,0.5776,14.99,0.5774,327.37,0.5778,555.18,0.5779,1219.27
1753547032685,16:23:52.685,ACE/USDT:USDT,0.5776,14.99,0.5774,327.37,0.5778,555.18,0.5779,1219.27
1753547033049,16:23:53.049,ACE/USDT:USDT,0.5776,14.99,0.5774,327.37,0.5778,564.27,0.5779,1219.27
1753547033215,16:23:53.215,ACE/USDT:USDT,0.5776,14.99,0.5774,327.37,0.5778,564.27,0.5779,1219.27
1753547033802,16:23:53.802,ACE/USDT:USDT,0.5776,14.99,0.5774,327.37,0.5778,564.27,0.5779,1219.27
1753547034386,16:23:54.386,ACE/USDT:USDT,0.5776,14.99,0.5774,327.37,0.5778,564.27,0.5779,1219.27
1753547034560,16:23:54.560,ACE/USDT:USDT,0.5776,14.99,0.5774,327.37,0.5778,564.27,0.5779,1564.98
1753547034902,16:23:54.902,ACE/USDT:USDT,0.5776,14.99,0.5774,327.37,0.5778,564.27,0.5779,1564.98
1753547035502,16:23:55.502,ACE/USDT:USDT,0.5776,14.99,0.5774,327.37,0.5778,564.27,0.5779,1564.98
1753547036055,16:23:56.055,ACE/USDT:USDT,0.5776,14.99,0.5774,327.37,0.5778,564.27,0.5779,1564.98
1753547036236,16:23:56.236,ACE/USDT:USDT,0.5776,14.99,0.5774,327.37,0.5778,564.27,0.5779,1564.98
1753547036602,16:23:56.602,ACE/USDT:USDT,0.5776,14.99,0.5775,34.63,0.5778,564.27,0.5779,1564.98
1753547037202,16:23:57.202,ACE/USDT:USDT,0.5776,14.99,0.5775,34.63,0.5778,564.27,0.5779,1564.98
1753547037568,16:23:57.568,ACE/USDT:USDT,0.5776,14.99,0.5775,34.63,0.5778,564.27,0.5779,1218.75
1753547037802,16:23:57.802,ACE/USDT:USDT,0.5776,14.99,0.5775,34.63,0.5778,564.27,0.5779,1218.75
1753547038232,16:23:58.232,ACE/USDT:USDT,0.5776,14.99,0.5775,34.63,0.5778,564.27,0.5779,1046.14
1753547038371,16:23:58.371,ACE/USDT:USDT,0.5776,34.39,0.5775,34.63,0.5778,564.27,0.5779,1046.14
1753547038474,16:23:58.474,ACE/USDT:USDT,0.5776,69.02,0.5775,34.63,0.5778,564.27,0.5779,1046.14
1753547038743,16:23:58.743,ACE/USDT:USDT,0.5776,69.02,0.5775,34.63,0.5778,564.27,0.5779,873.76
1753547039002,16:23:59.002,ACE/USDT:USDT,0.5776,34.39,0.5775,34.63,0.5778,564.27,0.5779,873.76
1753547039283,16:23:59.283,ACE/USDT:USDT,0.5776,69.02,0.5775,34.63,0.5778,564.27,0.5779,873.76
1753547040108,16:24:00.108,ACE/USDT:USDT,0.5776,34.39,0.5775,34.63,0.5778,564.27,0.5779,873.76
1753547040233,16:24:00.233,ACE/USDT:USDT,0.5776,34.39,0.5775,34.63,0.5778,564.27,0.5779,873.76
1753547040702,16:24:00.702,ACE/USDT:USDT,0.5776,34.39,0.5775,34.63,0.5778,564.27,0.5779,873.76
1753547041302,16:24:01.302,ACE/USDT:USDT,0.5776,34.39,0.5775,34.63,0.5778,564.27,0.5779,873.76
1753547041902,16:24:01.902,ACE/USDT:USDT,0.5776,34.39,0.5775,34.63,0.5778,564.27,0.5779,873.76
1753547042445,16:24:02.445,ACE/USDT:USDT,0.5776,34.39,0.5775,34.63,0.5778,564.27,0.5779,873.76
1753547042683,16:24:02.683,ACE/USDT:USDT,0.5776,34.39,0.5775,34.63,0.5778,18.18,0.5779,527.66
1753547042841,16:24:02.841,ACE/USDT:USDT,0.5776,34.39,0.5775,34.63,0.5778,363.85,0.5779,527.66
1753547042996,16:24:02.996,ACE/USDT:USDT,0.5776,34.39,0.5775,34.63,0.5778,363.85,0.5779,527.66
1753547043162,16:24:03.162,ACE/USDT:USDT,0.5776,34.39,0.5775,59.53,0.5778,363.85,0.5779,527.66
1753547043535,16:24:03.535,ACE/USDT:USDT,0.5776,34.39,0.5775,59.53,0.5778,450.41,0.5779,527.66
1753547043701,16:24:03.701,ACE/USDT:USDT,0.5776,34.39,0.5775,59.53,0.5778,450.41,0.5779,527.66
1753547043809,16:24:03.809,ACE/USDT:USDT,0.5776,34.39,0.5775,59.53,0.5778,277.31,0.5779,527.66
1753547043950,16:24:03.950,ACE/USDT:USDT,0.5776,34.39,0.5775,59.53,0.5778,104.74,0.5779,386.13
1753547044065,16:24:04.065,ACE/USDT:USDT,0.5776,34.39,0.5775,59.53,0.5778,104.74,0.5779,386.13
1753547044185,16:24:04.185,ACE/USDT:USDT,0.5776,34.39,0.5775,59.53,0.5778,104.74,0.5779,166.57
1753547044337,16:24:04.337,ACE/USDT:USDT,0.5776,34.39,0.5775,59.53,0.5778,104.74,0.5779,166.57
1753547044452,16:24:04.452,ACE/USDT:USDT,0.5776,34.39,0.5775,59.53,0.5778,104.74,0.578,2553.21
1753547044554,16:24:04.554,ACE/USDT:USDT,0.5776,34.39,0.5775,59.53,0.5778,104.74,0.5779,906.35
1753547044702,16:24:04.702,ACE/USDT:USDT,0.5776,34.39,0.5775,59.53,0.5778,104.74,0.5779,906.35
1753547044975,16:24:04.975,ACE/USDT:USDT,0.5776,34.39,0.5775,59.53,0.5778,104.74,0.5779,906.35
1753547045202,16:24:05.202,ACE/USDT:USDT,0.5776,69.02,0.5775,59.53,0.5778,104.74,0.5779,906.35
1753547045315,16:24:05.315,ACE/USDT:USDT,0.5776,69.02,0.5775,59.53,0.5778,104.74,0.5779,906.35
1753547045418,16:24:05.418,ACE/USDT:USDT,0.5776,69.02,0.5775,59.53,0.5778,104.74,0.578,383.07
1753547045559,16:24:05.559,ACE/USDT:USDT,0.5776,69.02,0.5775,185.25,0.5778,104.74,0.578,383.07
1753547045733,16:24:05.733,ACE/USDT:USDT,0.5776,69.02,0.5775,185.25,0.5778,104.74,0.578,383.07
1753547045902,16:24:05.902,ACE/USDT:USDT,0.5776,69.02,0.5775,185.25,0.5778,104.74,0.578,383.07
1753547046126,16:24:06.126,ACE/USDT:USDT,0.5776,69.02,0.5775,185.25,0.5778,104.74,0.578,389.07
1753547046302,16:24:06.302,ACE/USDT:USDT,0.5776,69.02,0.5775,185.25,0.5778,104.74,0.578,389.07
1753547046501,16:24:06.501,ACE/USDT:USDT,0.5776,69.02,0.5775,185.25,0.5778,104.74,0.578,389.07
1753547046647,16:24:06.647,ACE/USDT:USDT,0.5776,69.02,0.5775,185.25,0.5778,18.18,0.578,389.07
1753547046902,16:24:06.902,ACE/USDT:USDT,0.5776,69.02,0.5775,185.25,0.5778,18.18,0.578,389.07
1753547047102,16:24:07.102,ACE/USDT:USDT,0.5776,69.02,0.5775,185.25,0.5778,18.18,0.578,389.07
1753547047438,16:24:07.438,ACE/USDT:USDT,0.5776,69.02,0.5775,185.25,0.5778,18.18,0.578,389.07
1753547047545,16:24:07.545,ACE/USDT:USDT,0.5776,69.02,0.5775,185.25,0.5778,18.18,0.578,389.07
1753547048002,16:24:08.002,ACE/USDT:USDT,0.5776,69.02,0.5775,185.25,0.5778,18.18,0.578,389.07
1753547048202,16:24:08.202,ACE/USDT:USDT,0.5776,69.02,0.5775,216.82,0.5778,18.18,0.578,389.07
1753547048477,16:24:08.477,ACE/USDT:USDT,0.5776,69.02,0.5775,216.82,0.5778,18.18,0.578,389.07
1753547048602,16:24:08.602,ACE/USDT:USDT,0.5776,69.02,0.5775,216.82,0.5778,18.18,0.578,389.07
1753547048802,16:24:08.802,ACE/USDT:USDT,0.5776,69.02,0.5775,216.82,0.5778,18.18,0.578,389.07
1753547049239,16:24:09.239,ACE/USDT:USDT,0.5776,69.02,0.5775,216.82,0.5778,18.18,0.578,420.05
1753547049342,16:24:09.342,ACE/USDT:USDT,0.5776,69.02,0.5775,216.82,0.5778,18.18,0.578,420.05
1753547049675,16:24:09.675,ACE/USDT:USDT,0.5776,69.02,0.5775,216.82,0.5778,18.18,0.578,420.05
1753547050202,16:24:10.202,ACE/USDT:USDT,0.5776,69.02,0.5775,216.82,0.5778,18.18,0.578,420.05
1753547050322,16:24:10.322,ACE/USDT:USDT,0.5776,69.02,0.5775,216.82,0.5778,18.18,0.578,420.05
1753547050538,16:24:10.538,ACE/USDT:USDT,0.5776,69.02,0.5775,216.82,0.5778,7.34,0.578,389.07
1753547050671,16:24:10.671,ACE/USDT:USDT,0.5776,69.02,0.5775,216.82,0.5778,7.34,0.578,389.07
1753547050901,16:24:10.901,ACE/USDT:USDT,0.5776,69.02,0.5775,216.82,0.5778,7.34,0.578,389.07
1753547051221,16:24:11.221,ACE/USDT:USDT,0.5776,69.02,0.5775,216.82,0.5778,7.34,0.578,408.24
1753547051361,16:24:11.361,ACE/USDT:USDT,0.5776,90.32,0.5775,216.82,0.5778,7.34,0.578,408.24
1753547051485,16:24:11.485,ACE/USDT:USDT,0.5776,90.32,0.5775,185.25,0.578,183.67,0.5781,373.05
1753547051605,16:24:11.605,ACE/USDT:USDT,0.5776,90.32,0.5775,185.25,0.578,164.5,0.5781,456.89
1753547051802,16:24:11.802,ACE/USDT:USDT,0.5776,90.32,0.5775,185.25,0.578,164.5,0.5781,456.89
1753547052002,16:24:12.002,ACE/USDT:USDT,0.5776,90.32,0.5775,185.25,0.578,164.5,0.5781,456.89
1753547052335,16:24:12.335,ACE/USDT:USDT,0.5776,90.32,0.5775,185.25,0.578,173.59,0.5781,456.89
1753547052577,16:24:12.577,ACE/USDT:USDT,0.5776,90.32,0.5775,59.53,0.578,173.59,0.5781,456.89
1753547052687,16:24:12.687,ACE/USDT:USDT,0.5776,55.69,0.5775,59.53,0.578,173.59,0.5781,456.89
1753547052902,16:24:12.902,ACE/USDT:USDT,0.5776,55.69,0.5775,59.53,0.578,173.59,0.5781,456.89
1753547053202,16:24:13.202,ACE/USDT:USDT,0.5776,55.69,0.5775,59.53,0.578,173.59,0.5781,456.89
1753547053502,16:24:13.502,ACE/USDT:USDT,0.5776,55.69,0.5775,59.53,0.578,173.59,0.5781,456.89
1753547053765,16:24:13.765,ACE/USDT:USDT,0.5776,55.69,0.5775,59.53,0.578,173.59,0.5781,456.89
1753547053901,16:24:13.901,ACE/USDT:USDT,0.5776,55.69,0.5775,59.53,0.578,173.59,0.5781,456.89
1753547054102,16:24:14.102,ACE/USDT:USDT,0.5776,55.69,0.5775,59.53,0.578,173.59,0.5781,456.89
1753547054302,16:24:14.302,ACE/USDT:USDT,0.5776,55.69,0.5775,59.53,0.578,173.59,0.5781,456.89
1753547054579,16:24:14.579,ACE/USDT:USDT,0.5776,55.69,0.5775,59.53,0.578,173.59,0.5781,456.89
1753547054702,16:24:14.702,ACE/USDT:USDT,0.5776,55.69,0.5775,59.53,0.578,173.59,0.5781,456.89
1753547054820,16:24:14.820,ACE/USDT:USDT,0.5776,55.69,0.5775,59.53,0.578,173.59,0.5781,456.89
1753547055399,16:24:15.399,ACE/USDT:USDT,0.5776,55.69,0.5775,59.53,0.578,164.07,0.5781,456.89
1753547055551,16:24:15.551,ACE/USDT:USDT,0.5776,55.69,0.5775,24.9,0.5779,200.42,0.578,73.11
1753547055689,16:24:15.689,ACE/USDT:USDT,0.5776,55.69,0.5775,59.52,0.5779,200.42,0.578,73.11
1753547055802,16:24:15.802,ACE/USDT:USDT,0.5776,55.69,0.5775,59.52,0.5779,200.42,0.578,73.11
1753547056002,16:24:16.002,ACE/USDT:USDT,0.5776,55.69,0.5775,59.52,0.5779,200.42,0.578,73.11
1753547056213,16:24:16.213,ACE/USDT:USDT,0.5776,133.81,0.5775,59.52,0.578,73.11,0.5781,456.89
1753547056319,16:24:16.319,ACE/USDT:USDT,0.5776,133.81,0.5775,59.52,0.578,73.11,0.5781,456.89
1753547056502,16:24:16.502,ACE/USDT:USDT,0.5776,133.81,0.5775,59.52,0.578,73.11,0.5781,456.89
1753547056717,16:24:16.717,ACE/USDT:USDT,0.5776,133.81,0.5775,59.52,0.5779,200.42,0.578,73.11
1753547056820,16:24:16.820,ACE/USDT:USDT,0.5776,168.43,0.5775,59.52,0.5779,200.42,0.578,73.11
1753547057001,16:24:17.001,ACE/USDT:USDT,0.5776,168.43,0.5775,59.52,0.5779,200.42,0.578,73.11
1753547057102,16:24:17.102,ACE/USDT:USDT,0.5776,168.43,0.5775,59.52,0.5779,200.42,0.578,73.11
1753547057463,16:24:17.463,ACE/USDT:USDT,0.5776,168.43,0.5775,59.52,0.5779,200.42,0.578,73.11
1753547057602,16:24:17.602,ACE/USDT:USDT,0.5776,168.43,0.5775,59.52,0.5779,200.42,0.578,73.11
1753547057802,16:24:17.802,ACE/USDT:USDT,0.5776,168.43,0.5775,59.52,0.5779,200.42,0.578,73.11
1753547058016,16:24:18.016,ACE/USDT:USDT,0.5776,168.43,0.5775,232.57,0.578,73.11,0.5781,256.92
1753547058125,16:24:18.125,ACE/USDT:USDT,0.5776,168.43,0.5775,232.57,0.578,73.11,0.5781,256.92
1753547058272,16:24:18.272,ACE/USDT:USDT,0.5776,168.43,0.5775,405.64,0.578,73.11,0.5781,256.92
1753547058375,16:24:18.375,ACE/USDT:USDT,0.5776,168.43,0.5775,405.64,0.578,73.11,0.5781,256.92
1753547058576,16:24:18.576,ACE/USDT:USDT,0.5776,168.43,0.5775,232.57,0.578,73.11,0.5781,256.92
1753547058902,16:24:18.902,ACE/USDT:USDT,0.5776,168.43,0.5775,405.64,0.578,73.11,0.5781,256.92
1753547059202,16:24:19.202,ACE/USDT:USDT,0.5776,167.79,0.5775,405.64,0.578,73.11,0.5781,256.92
1753547059306,16:24:19.306,ACE/USDT:USDT,0.5776,167.79,0.5775,405.64,0.578,73.11,0.5781,256.92
1753547059455,16:24:19.455,ACE/USDT:USDT,0.5777,138.59,0.5776,167.79,0.578,73.11,0.5781,256.92
1753547059575,16:24:19.575,ACE/USDT:USDT,0.5777,138.59,0.5776,318.38,0.578,15.09,0.5781,256.92
1753547060002,16:24:20.002,ACE/USDT:USDT,0.5777,138.59,0.5776,318.38,0.578,15.09,0.5781,256.92
1753547060134,16:24:20.134,ACE/USDT:USDT,0.5777,138.59,0.5776,318.38,0.578,15.09,0.5781,309.38
1753547060242,16:24:20.242,ACE/USDT:USDT,0.5777,138.59,0.5776,318.38,0.578,15.09,0.5781,309.38
1753547060402,16:24:20.402,ACE/USDT:USDT,0.5777,138.59,0.5776,318.38,0.578,15.09,0.5781,309.38
1753547060602,16:24:20.602,ACE/USDT:USDT,0.5777,138.59,0.5776,192.69,0.578,15.09,0.5781,309.38
1753547060738,16:24:20.738,ACE/USDT:USDT,0.5777,173.21,0.5776,192.69,0.578,15.09,0.5781,309.38
1753547060901,16:24:20.901,ACE/USDT:USDT,0.5777,173.21,0.5776,192.69,0.578,15.09,0.5781,309.38
1753547061127,16:24:21.127,ACE/USDT:USDT,0.5777,173.21,0.5776,192.69,0.578,15.09,0.5781,309.38
1753547061301,16:24:21.301,ACE/USDT:USDT,0.5777,173.21,0.5776,192.69,0.578,15.09,0.5781,309.38
1753547061408,16:24:21.408,ACE/USDT:USDT,0.5777,173.21,0.5776,192.69,0.578,15.09,0.5781,309.38
1753547061685,16:24:21.685,ACE/USDT:USDT,0.5777,194.51,0.5776,171.39,0.578,15.09,0.5781,309.38
1753547061885,16:24:21.885,ACE/USDT:USDT,0.5777,194.51,0.5776,171.39,0.578,15.09,0.5781,309.38
1753547062202,16:24:22.202,ACE/USDT:USDT,0.5777,194.51,0.5776,171.39,0.578,15.09,0.5781,309.38
1753547062435,16:24:22.435,ACE/USDT:USDT,0.5777,159.89,0.5776,171.39,0.578,15.09,0.5781,309.38
1753547062553,16:24:22.553,ACE/USDT:USDT,0.5777,159.89,0.5776,171.39,0.578,15.09,0.5781,309.38
1753547062992,16:24:22.992,ACE/USDT:USDT,0.5777,194.51,0.5776,171.39,0.578,15.09,0.5781,309.38
1753547063402,16:24:23.402,ACE/USDT:USDT,0.5777,194.51,0.5776,171.39,0.578,15.09,0.5781,309.38
1753547063555,16:24:23.555,ACE/USDT:USDT,0.5777,194.51,0.5776,171.39,0.578,15.09,0.5781,309.38
1753547063657,16:24:23.657,ACE/USDT:USDT,0.5777,194.51,0.5776,171.39,0.578,15.09,0.5781,309.38
1753547064002,16:24:24.002,ACE/USDT:USDT,0.5777,194.51,0.5776,171.39,0.578,15.09,0.5781,309.38
1753547064166,16:24:24.166,ACE/USDT:USDT,0.5777,194.51,0.5776,171.39,0.578,15.09,0.5781,309.38
1753547064468,16:24:24.468,ACE/USDT:USDT,0.5777,194.51,0.5776,171.39,0.578,15.09,0.5781,309.38
1753547064588,16:24:24.588,ACE/USDT:USDT,0.5777,194.51,0.5776,171.39,0.578,15.09,0.5781,309.38
1753547065095,16:24:25.095,ACE/USDT:USDT,0.5777,194.51,0.5776,171.39,0.578,15.09,0.5781,309.38
1753547065302,16:24:25.302,ACE/USDT:USDT,0.5777,194.51,0.5776,171.39,0.578,15.09,0.5781,309.38
1753547065428,16:24:25.428,ACE/USDT:USDT,0.5777,194.51,0.5776,171.39,0.578,15.09,0.5781,309.38
1753547065561,16:24:25.561,ACE/USDT:USDT,0.5777,194.51,0.5776,171.39,0.578,15.09,0.5781,309.38
1753547065702,16:24:25.702,ACE/USDT:USDT,0.5777,194.51,0.5776,171.39,0.578,15.09,0.5781,309.38
1753547065805,16:24:25.805,ACE/USDT:USDT,0.5777,194.51,0.5776,171.39,0.578,15.09,0.5781,309.38
1753547066000,16:24:26.000,ACE/USDT:USDT,0.5777,21.3,0.5776,171.39,0.578,15.09,0.5781,309.38
1753547066169,16:24:26.169,ACE/USDT:USDT,0.5777,21.3,0.5776,171.39,0.578,15.09,0.5781,309.38
1753547066297,16:24:26.297,ACE/USDT:USDT,0.5777,21.3,0.5776,171.39,0.578,15.09,0.5781,309.38
1753547066457,16:24:26.457,ACE/USDT:USDT,0.5777,21.3,0.5776,171.39,0.578,15.09,0.5781,648.97
1753547066575,16:24:26.575,ACE/USDT:USDT,0.5777,21.3,0.5776,136.77,0.5779,200.42,0.578,187.24
1753547066684,16:24:26.684,ACE/USDT:USDT,0.5777,21.3,0.5776,136.77,0.5779,200.42,0.578,187.24
1753547066802,16:24:26.802,ACE/USDT:USDT,0.5777,21.3,0.5776,136.77,0.5779,200.42,0.578,15.09
1753547067185,16:24:27.185,ACE/USDT:USDT,0.5777,21.3,0.5776,136.77,0.5779,200.42,0.578,15.09
1753547067323,16:24:27.323,ACE/USDT:USDT,0.5777,21.3,0.5776,136.77,0.5779,200.42,0.578,15.09
1753547067426,16:24:27.426,ACE/USDT:USDT,0.5777,21.3,0.5776,136.77,0.5779,200.42,0.578,15.09
1753547067563,16:24:27.563,ACE/USDT:USDT,0.5777,21.3,0.5776,136.77,0.5779,200.42,0.578,15.09
1753547067885,16:24:27.885,ACE/USDT:USDT,0.5777,104.38,0.5776,136.77,0.578,15.09,0.5781,225.54
1753547068402,16:24:28.402,ACE/USDT:USDT,0.5777,104.38,0.5776,136.77,0.578,15.09,0.5781,225.54
1753547068685,16:24:28.685,ACE/USDT:USDT,0.5777,104.38,0.5776,136.77,0.578,15.09,0.5781,225.54
1753547068801,16:24:28.801,ACE/USDT:USDT,0.5777,104.38,0.5776,136.77,0.578,15.09,0.5781,225.54
1753547068975,16:24:28.975,ACE/USDT:USDT,0.5777,104.38,0.5776,136.77,0.578,15.09,0.5781,225.54
1753547069202,16:24:29.202,ACE/USDT:USDT,0.5777,139.0,0.5776,171.39,0.578,15.09,0.5781,225.54
1753547069485,16:24:29.485,ACE/USDT:USDT,0.5777,139.0,0.5776,171.39,0.578,15.09,0.5781,225.54
1753547069588,16:24:29.588,ACE/USDT:USDT,0.5777,139.0,0.5776,171.39,0.578,5.43,0.5781,225.54
1753547069719,16:24:29.719,ACE/USDT:USDT,0.5777,139.0,0.5776,171.39,0.578,5.43,0.5781,225.54
1753547069856,16:24:29.856,ACE/USDT:USDT,0.5777,139.0,0.5776,171.39,0.578,5.43,0.5781,225.54
1753547069965,16:24:29.965,ACE/USDT:USDT,0.5777,139.0,0.5776,171.39,0.5781,225.54,0.5782,213.66
1753547070068,16:24:30.068,ACE/USDT:USDT,0.5777,139.0,0.5776,171.39,0.5781,200.42,0.5782,304.48
1753547070174,16:24:30.174,ACE/USDT:USDT,0.5777,139.0,0.5776,171.39,0.5781,200.42,0.5782,304.48
1753547070285,16:24:30.285,ACE/USDT:USDT,0.5777,139.0,0.5776,171.39,0.5781,200.42,0.5782,304.48
1753547070401,16:24:30.401,ACE/USDT:USDT,0.5777,139.0,0.5776,171.39,0.5781,200.42,0.5782,304.48
1753547070505,16:24:30.505,ACE/USDT:USDT,0.5777,139.0,0.5776,171.39,0.5781,252.88,0.5782,1199.79
1753547070623,16:24:30.623,ACE/USDT:USDT,0.5777,139.0,0.5776,171.39,0.5781,252.88,0.5782,1199.79
1753547070902,16:24:30.902,ACE/USDT:USDT,0.5777,139.0,0.5776,171.39,0.5781,252.88,0.5782,1199.79
1753547071102,16:24:31.102,ACE/USDT:USDT,0.5777,139.0,0.5776,171.39,0.5781,252.88,0.5782,1199.79
1753547071206,16:24:31.206,ACE/USDT:USDT,0.5777,139.0,0.5776,171.39,0.5781,252.88,0.5782,1199.79
1753547071502,16:24:31.502,ACE/USDT:USDT,0.5777,139.0,0.5776,171.39,0.5781,252.88,0.5782,1199.79
1753547071686,16:24:31.686,ACE/USDT:USDT,0.5777,139.0,0.5776,171.39,0.5781,252.88,0.5782,1199.79
1753547071836,16:24:31.836,ACE/USDT:USDT,0.5777,139.0,0.5776,171.39,0.5781,252.88,0.5782,1199.79
1753547071993,16:24:31.993,ACE/USDT:USDT,0.5777,139.0,0.5776,329.4,0.5781,252.88,0.5782,1199.79
1753547072102,16:24:32.102,ACE/USDT:USDT,0.5777,139.0,0.5776,329.4,0.5781,252.88,0.5782,1199.79
1753547072302,16:24:32.302,ACE/USDT:USDT,0.5777,139.0,0.5776,329.4,0.5781,252.88,0.5782,1199.79
1753547072566,16:24:32.566,ACE/USDT:USDT,0.5777,139.0,0.5776,329.4,0.5781,252.88,0.5782,1199.79
1753547072701,16:24:32.701,ACE/USDT:USDT,0.5777,139.0,0.5776,329.4,0.5781,252.88,0.5782,1199.79
1753547072902,16:24:32.902,ACE/USDT:USDT,0.5777,139.0,0.5776,329.4,0.5781,252.88,0.5782,1199.79
1753547073148,16:24:33.148,ACE/USDT:USDT,0.5777,264.69,0.5776,502.3,0.5781,52.46,0.5782,304.48
1753547073250,16:24:33.250,ACE/USDT:USDT,0.5781,90.82,0.578,90.82,0.5782,9.52,0.5784,435.67
1753547073352,16:24:33.352,ACE/USDT:USDT,0.5781,90.82,0.578,127.84,0.5782,9.52,0.5784,447.78
1753547073455,16:24:33.455,ACE/USDT:USDT,0.5781,90.82,0.578,127.84,0.5782,9.52,0.5784,247.81
1753547073559,16:24:33.559,ACE/USDT:USDT,0.5781,125.41,0.578,127.84,0.5784,12.11,0.5785,572.11
1753547073670,16:24:33.670,ACE/USDT:USDT,0.5782,83.08,0.5781,125.41,0.5785,208.16,0.5786,537.31
1753547073775,16:24:33.775,ACE/USDT:USDT,0.5782,83.08,0.5781,125.41,0.5785,208.16,0.5786,709.39
1753547073931,16:24:33.931,ACE/USDT:USDT,0.5782,83.08,0.5781,125.41,0.5785,208.16,0.5786,709.39
1753547074142,16:24:34.142,ACE/USDT:USDT,0.5782,83.08,0.5781,150.31,0.5785,208.16,0.5786,709.39
1753547074246,16:24:34.246,ACE/USDT:USDT,0.5782,83.08,0.5781,150.31,0.5785,208.16,0.5786,709.39
1753547074349,16:24:34.349,ACE/USDT:USDT,0.5782,83.08,0.5781,150.31,0.5785,208.16,0.5786,709.39
1753547074468,16:24:34.468,ACE/USDT:USDT,0.5782,83.08,0.5781,150.31,0.5785,208.16,0.5786,1196.0
1753547074570,16:24:34.570,ACE/USDT:USDT,0.5782,83.08,0.5781,150.31,0.5784,200.42,0.5785,553.53
1753547074735,16:24:34.735,ACE/USDT:USDT,0.5782,83.08,0.5781,150.31,0.5784,200.42,0.5785,553.53
1753547074885,16:24:34.885,ACE/USDT:USDT,0.5782,83.08,0.5781,150.31,0.5784,200.42,0.5785,553.53
1753547075158,16:24:35.158,ACE/USDT:USDT,0.5782,83.08,0.5781,150.31,0.5784,200.42,0.5785,553.53
1753547075270,16:24:35.270,ACE/USDT:USDT,0.5782,83.08,0.5781,150.31,0.5784,200.42,0.5785,208.16
1753547075373,16:24:35.373,ACE/USDT:USDT,0.5782,117.67,0.5781,150.31,0.5784,200.42,0.5785,208.16
1753547075488,16:24:35.488,ACE/USDT:USDT,0.5782,117.67,0.5781,150.31,0.5785,208.16,0.5786,1429.04
1753547075610,16:24:35.610,ACE/USDT:USDT,0.5782,117.67,0.5781,150.31,0.5785,208.16,0.5786,1224.17
1753547075725,16:24:35.725,ACE/USDT:USDT,0.5782,117.67,0.5781,150.31,0.5785,208.16,0.5786,1224.17
1753547075828,16:24:35.828,ACE/USDT:USDT,0.5782,117.67,0.5781,150.31,0.5785,208.16,0.5786,1051.89
1753547076001,16:24:36.001,ACE/USDT:USDT,0.5782,117.67,0.5781,150.31,0.5785,208.16,0.5786,1051.89
1753547076297,16:24:36.297,ACE/USDT:USDT,0.5782,117.67,0.5781,150.31,0.5785,208.16,0.5786,1051.89
1753547076406,16:24:36.406,ACE/USDT:USDT,0.5782,117.67,0.5781,150.31,0.5785,208.16,0.5786,1051.89
1753547076519,16:24:36.519,ACE/USDT:USDT,0.5782,83.08,0.5781,115.72,0.5784,200.42,0.5785,553.53
1753547076627,16:24:36.627,ACE/USDT:USDT,0.5782,173.88,0.5781,115.72,0.5785,208.16,0.5786,1086.73
1753547076736,16:24:36.736,ACE/USDT:USDT,0.5782,173.88,0.5781,115.72,0.5785,166.48,0.5786,863.18
1753547077055,16:24:37.055,ACE/USDT:USDT,0.5782,208.47,0.5781,115.72,0.5785,166.48,0.5786,690.28
1753547077377,16:24:37.377,ACE/USDT:USDT,0.5782,208.47,0.5781,115.72,0.5785,166.48,0.5786,559.04
1753547077480,16:24:37.480,ACE/USDT:USDT,0.5782,208.47,0.5781,115.72,0.5785,166.48,0.5786,559.04
1753547077602,16:24:37.602,ACE/USDT:USDT,0.5782,208.47,0.5781,115.72,0.5785,166.48,0.5786,559.04
1753547077769,16:24:37.769,ACE/USDT:USDT,0.5782,208.47,0.5781,115.72,0.5785,166.48,0.5786,386.96
1753547077874,16:24:37.874,ACE/USDT:USDT,0.5782,208.47,0.5781,115.72,0.5785,166.48,0.5786,386.96
1753547078145,16:24:38.145,ACE/USDT:USDT,0.5782,208.47,0.5781,115.72,0.5785,166.48,0.5786,386.96
1753547078602,16:24:38.602,ACE/USDT:USDT,0.5782,208.47,0.5781,115.72,0.5785,166.48,0.5786,386.96
1753547078721,16:24:38.721,ACE/USDT:USDT,0.5782,208.47,0.5781,115.72,0.5785,166.48,0.5786,386.96
1753547079135,16:24:39.135,ACE/USDT:USDT,0.5782,208.47,0.5781,115.72,0.5785,166.48,0.5786,386.96
1753547079303,16:24:39.303,ACE/USDT:USDT,0.5782,208.47,0.5781,115.72,0.5785,166.48,0.5786,386.96
1753547079902,16:24:39.902,ACE/USDT:USDT,0.5782,208.47,0.5781,115.72,0.5785,166.48,0.5786,386.96
1753547080436,16:24:40.436,ACE/USDT:USDT,0.5782,208.47,0.5781,115.72,0.5785,166.48,0.5786,386.96
1753547080553,16:24:40.553,ACE/USDT:USDT,0.5782,208.47,0.5781,115.72,0.5785,174.87,0.5786,559.04
1753547080829,16:24:40.829,ACE/USDT:USDT,0.5782,208.47,0.5781,115.72,0.5785,174.87,0.5786,559.04
1753547080936,16:24:40.936,ACE/USDT:USDT,0.5782,208.47,0.5781,115.72,0.5785,174.87,0.5786,559.04
1753547081101,16:24:41.101,ACE/USDT:USDT,0.5782,208.47,0.5781,115.72,0.5785,174.87,0.5786,559.04
1753547081288,16:24:41.288,ACE/USDT:USDT,0.5782,208.47,0.5781,115.72,0.5785,174.87,0.5786,559.04
1753547081536,16:24:41.536,ACE/USDT:USDT,0.5782,208.47,0.5781,115.72,0.5785,174.87,0.5786,559.86
1753547081643,16:24:41.643,ACE/USDT:USDT,0.5782,208.47,0.5781,115.72,0.5785,174.87,0.5786,559.86
1753547081791,16:24:41.791,ACE/USDT:USDT,0.5782,198.06,0.5781,150.31,0.5785,174.87,0.5786,559.86
1753547081947,16:24:41.947,ACE/USDT:USDT,0.5782,198.06,0.5781,150.31,0.5785,174.87,0.5786,559.86
1753547082066,16:24:42.066,ACE/USDT:USDT,0.5782,198.06,0.5781,150.31,0.5785,174.87,0.5786,559.86
1753547082168,16:24:42.168,ACE/USDT:USDT,0.5782,198.06,0.5781,150.31,0.5785,174.87,0.5786,559.86
1753547082425,16:24:42.425,ACE/USDT:USDT,0.5782,219.36,0.5781,150.31,0.5785,174.87,0.5786,559.86
1753547082561,16:24:42.561,ACE/USDT:USDT,0.5782,219.36,0.5781,150.31,0.5785,174.87,0.5786,386.96
1753547082664,16:24:42.664,ACE/USDT:USDT,0.5782,219.36,0.5781,150.31,0.5785,174.87,0.5786,386.96
1753547082991,16:24:42.991,ACE/USDT:USDT,0.5782,219.36,0.5781,150.31,0.5785,174.87,0.5786,386.96
1753547083094,16:24:43.094,ACE/USDT:USDT,0.5782,219.36,0.5781,150.31,0.5785,174.87,0.5786,386.96
1753547083295,16:24:43.295,ACE/USDT:USDT,0.5782,219.36,0.5781,150.31,0.5785,174.87,0.5786,386.96
1753547083544,16:24:43.544,ACE/USDT:USDT,0.5782,219.36,0.5781,538.7,0.5785,8.39,0.5786,64.56
1753547083802,16:24:43.802,ACE/USDT:USDT,0.5782,219.36,0.5781,538.7,0.5785,8.39,0.5786,64.56
1753547083908,16:24:43.908,ACE/USDT:USDT,0.5782,219.36,0.5781,538.7,0.5785,8.39,0.5786,64.56
1753547084026,16:24:44.026,ACE/USDT:USDT,0.5782,219.36,0.5781,538.7,0.5785,8.39,0.5786,64.56
1753547084185,16:24:44.185,ACE/USDT:USDT,0.5782,219.36,0.5781,538.7,0.5785,8.39,0.5786,64.56
1753547084373,16:24:44.373,ACE/USDT:USDT,0.5782,219.36,0.5781,664.32,0.5785,8.39,0.5786,64.56
1753547084476,16:24:44.476,ACE/USDT:USDT,0.5782,219.36,0.5781,664.32,0.5785,8.39,0.5786,64.56
1753547084612,16:24:44.612,ACE/USDT:USDT,0.5782,219.36,0.5781,837.22,0.5785,8.39,0.5786,64.56
1753547084715,16:24:44.715,ACE/USDT:USDT,0.5782,219.36,0.5781,837.22,0.5785,8.39,0.5786,64.56
1753547085002,16:24:45.002,ACE/USDT:USDT,0.5782,219.36,0.5781,837.22,0.5785,8.39,0.5786,64.56
1753547085202,16:24:45.202,ACE/USDT:USDT,0.5782,219.36,0.5781,837.22,0.5785,8.39,0.5786,12.1
1753547085602,16:24:45.602,ACE/USDT:USDT,0.5782,219.36,0.5781,837.22,0.5785,8.39,0.5786,64.56
1753547085720,16:24:45.720,ACE/USDT:USDT,0.5782,219.36,0.5781,837.22,0.5785,8.39,0.5786,64.56
1753547086202,16:24:46.202,ACE/USDT:USDT,0.5782,219.36,0.5781,837.22,0.5785,8.39,0.5786,64.56
1753547086401,16:24:46.401,ACE/USDT:USDT,0.5782,64.97,0.5781,746.4,0.5785,8.39,0.5786,64.56
1753547086505,16:24:46.505,ACE/USDT:USDT,0.5782,64.97,0.5781,746.4,0.5785,8.39,0.5786,64.56
1753547086802,16:24:46.802,ACE/USDT:USDT,0.5782,64.97,0.5781,746.4,0.5785,8.39,0.5786,64.56
1753547086915,16:24:46.915,ACE/USDT:USDT,0.5782,64.97,0.5781,746.4,0.5785,8.39,0.5786,64.56
1753547087403,16:24:47.403,ACE/USDT:USDT,0.5782,64.97,0.5781,746.4,0.5785,8.39,0.5786,64.56
1753547087885,16:24:47.885,ACE/USDT:USDT,0.5782,121.2,0.5781,620.78,0.5785,8.39,0.5786,64.56
1753547087989,16:24:47.989,ACE/USDT:USDT,0.5782,121.2,0.5781,586.19,0.5785,8.39,0.5786,64.56
1753547088137,16:24:48.137,ACE/USDT:USDT,0.5782,121.2,0.5781,586.19,0.5785,8.39,0.5786,64.56
1753547088425,16:24:48.425,ACE/USDT:USDT,0.5782,121.2,0.5781,586.19,0.5785,8.39,0.5786,64.56
1753547088544,16:24:48.544,ACE/USDT:USDT,0.5782,121.2,0.5781,413.29,0.5785,8.39,0.5786,64.56
1753547088698,16:24:48.698,ACE/USDT:USDT,0.5782,121.2,0.5781,413.29,0.5785,8.39,0.5786,64.56
1753547089002,16:24:49.002,ACE/USDT:USDT,0.5782,121.2,0.5781,413.29,0.5785,8.39,0.5786,64.56
1753547089259,16:24:49.259,ACE/USDT:USDT,0.5782,121.2,0.5781,413.29,0.5785,8.39,0.5786,64.56
1753547089368,16:24:49.368,ACE/USDT:USDT,0.5782,121.2,0.5781,413.29,0.5785,8.39,0.5786,64.56
1753547089602,16:24:49.602,ACE/USDT:USDT,0.5782,121.2,0.5781,413.29,0.5785,8.39,0.5786,64.56
1753547090460,16:24:50.460,ACE/USDT:USDT,0.5782,121.2,0.5781,413.29,0.5785,8.39,0.5786,64.56
1753547090611,16:24:50.611,ACE/USDT:USDT,0.5782,121.2,0.5781,413.29,0.5785,8.39,0.5786,64.56
1753547090716,16:24:50.716,ACE/USDT:USDT,0.5782,121.2,0.5781,413.29,0.5785,8.39,0.5786,64.56
1753547090936,16:24:50.936,ACE/USDT:USDT,0.5782,121.2,0.5781,413.29,0.5785,8.39,0.5786,64.56
1753547091285,16:24:51.285,ACE/USDT:USDT,0.5782,121.2,0.5781,413.29,0.5785,8.39,0.5786,64.56
1753547091549,16:24:51.549,ACE/USDT:USDT,0.5782,121.2,0.5781,711.81,0.5785,8.39,0.5786,64.56
1753547091906,16:24:51.906,ACE/USDT:USDT,0.5782,121.2,0.5781,711.81,0.5785,8.39,0.5786,64.56
1753547092693,16:24:52.693,ACE/USDT:USDT,0.5782,121.2,0.5781,711.81,0.5785,8.39,0.5786,64.56
1753547093002,16:24:53.002,ACE/USDT:USDT,0.5782,121.2,0.5781,711.81,0.5785,8.39,0.5786,64.56
1753547094202,16:24:54.202,ACE/USDT:USDT,0.5782,121.2,0.5781,711.81,0.5785,8.39,0.5786,64.56
1753547094565,16:24:54.565,ACE/USDT:USDT,0.5782,121.2,0.5781,586.19,0.5785,8.39,0.5786,64.56
1753547094677,16:24:54.677,ACE/USDT:USDT,0.5782,155.79,0.5781,586.19,0.5785,8.39,0.5786,64.56
1753547095302,16:24:55.302,ACE/USDT:USDT,0.5782,155.79,0.5781,586.19,0.5785,8.39,0.5786,64.56
1753547095895,16:24:55.895,ACE/USDT:USDT,0.5782,155.79,0.5781,586.19,0.5785,8.39,0.5786,64.56
1753547096002,16:24:56.002,ACE/USDT:USDT,0.5782,155.79,0.5781,586.19,0.5785,8.39,0.5786,64.56
1753547096402,16:24:56.402,ACE/USDT:USDT,0.5782,155.79,0.5781,586.19,0.5785,8.39,0.5786,64.56
1753547096536,16:24:56.536,ACE/USDT:USDT,0.5782,164.87,0.5781,586.19,0.5785,8.39,0.5786,64.56
1753547096642,16:24:56.642,ACE/USDT:USDT,0.5782,164.87,0.5781,586.19,0.5785,8.39,0.5786,64.56
1753547096985,16:24:56.985,ACE/USDT:USDT,0.5782,164.87,0.5781,586.19,0.5785,8.39,0.5786,64.56
1753547097119,16:24:57.119,ACE/USDT:USDT,0.5782,164.87,0.5781,586.19,0.5785,8.39,0.5786,64.56
1753547097563,16:24:57.563,ACE/USDT:USDT,0.5782,164.87,0.5781,586.19,0.5785,8.39,0.5786,64.56
1753547097702,16:24:57.702,ACE/USDT:USDT,0.5782,164.87,0.5781,586.19,0.5785,8.39,0.5786,64.56
1753547098202,16:24:58.202,ACE/USDT:USDT,0.5782,164.87,0.5781,586.19,0.5785,8.39,0.5786,64.56
1753547098802,16:24:58.802,ACE/USDT:USDT,0.5782,164.87,0.5781,586.19,0.5785,8.39,0.5786,64.56
1753547098954,16:24:58.954,ACE/USDT:USDT,0.5782,164.87,0.5781,586.19,0.5785,8.39,0.5786,64.56
1753547099402,16:24:59.402,ACE/USDT:USDT,0.5782,164.87,0.5781,586.19,0.5785,8.39,0.5786,64.56
1753547100002,16:25:00.002,ACE/USDT:USDT,0.5782,164.87,0.5781,586.19,0.5785,8.39,0.5786,64.56
1753547100110,16:25:00.110,ACE/USDT:USDT,0.5782,164.87,0.5781,586.19,0.5785,8.39,0.5786,64.56
1753547100343,16:25:00.343,ACE/USDT:USDT,0.5782,164.87,0.5781,586.19,0.5785,8.39,0.5786,64.56
1753547100445,16:25:00.445,ACE/USDT:USDT,0.5782,155.79,0.5781,586.19,0.5785,8.39,0.5786,64.56
1753547100547,16:25:00.547,ACE/USDT:USDT,0.5782,169.37,0.5781,288.62,0.5785,8.39,0.5786,403.11
1753547100669,16:25:00.669,ACE/USDT:USDT,0.5782,169.37,0.5781,288.62,0.5785,8.39,0.5786,403.11
1753547100870,16:25:00.870,ACE/USDT:USDT,0.5782,169.37,0.5781,288.62,0.5785,8.39,0.5786,403.11
1753547100973,16:25:00.973,ACE/USDT:USDT,0.5782,169.37,0.5781,288.62,0.5785,8.39,0.5786,1306.3
1753547101075,16:25:01.075,ACE/USDT:USDT,0.5782,169.37,0.5781,288.62,0.5785,8.39,0.5786,403.11
1753547101201,16:25:01.201,ACE/USDT:USDT,0.5782,169.37,0.5781,288.62,0.5785,8.39,0.5786,231.03
1753547101341,16:25:01.341,ACE/USDT:USDT,0.5782,169.37,0.5781,288.62,0.5785,8.39,0.5786,64.56
1753547101560,16:25:01.560,ACE/USDT:USDT,0.5782,134.78,0.5781,115.72,0.5785,8.39,0.5786,231.03
1753547101863,16:25:01.863,ACE/USDT:USDT,0.5782,134.78,0.5781,115.72,0.5785,8.39,0.5786,1473.83
1753547101970,16:25:01.970,ACE/USDT:USDT,0.5782,134.78,0.5781,90.82,0.5785,8.39,0.5786,1473.83
1753547102086,16:25:02.086,ACE/USDT:USDT,0.5782,134.78,0.5781,90.82,0.5785,8.39,0.5786,1615.26
1753547102203,16:25:02.203,ACE/USDT:USDT,0.5782,134.78,0.5781,90.82,0.5785,8.39,0.5786,1615.26
1753547102568,16:25:02.568,ACE/USDT:USDT,0.5782,134.78,0.5781,90.82,0.5785,8.39,0.5786,1442.36
1753547102689,16:25:02.689,ACE/USDT:USDT,0.5782,134.78,0.5781,90.82,0.5785,8.39,0.5786,1442.36
1753547103074,16:25:03.074,ACE/USDT:USDT,0.5784,72.67,0.5782,239.08,0.5785,200.42,0.5786,390.2
1753547103177,16:25:03.177,ACE/USDT:USDT,0.5782,22.66,0.578,500.53,0.5785,200.42,0.5786,1296.02
1753547103280,16:25:03.280,ACE/USDT:USDT,0.5782,22.66,0.578,673.43,0.5785,200.42,0.5786,1296.02
1753547103384,16:25:03.384,ACE/USDT:USDT,0.5782,22.66,0.578,673.43,0.5785,200.42,0.5786,1296.02
1753547103498,16:25:03.498,ACE/USDT:USDT,0.5782,22.66,0.578,500.53,0.5784,1468.89,0.5785,412.52
1753547103641,16:25:03.641,ACE/USDT:USDT,0.5782,22.66,0.578,500.53,0.5784,1468.89,0.5785,353.54
1753547103748,16:25:03.748,ACE/USDT:USDT,0.5782,22.66,0.578,673.45,0.5784,1468.89,0.5785,353.54
1753547104134,16:25:04.134,ACE/USDT:USDT,0.5782,22.66,0.578,327.63,0.5784,1468.89,0.5785,353.54
1753547104237,16:25:04.237,ACE/USDT:USDT,0.5782,22.66,0.578,327.63,0.5784,1468.89,0.5785,353.54
1753547104409,16:25:04.409,ACE/USDT:USDT,0.5782,22.66,0.578,327.63,0.5784,1641.81,0.5785,526.45
1753547104577,16:25:04.577,ACE/USDT:USDT,0.5782,22.66,0.578,327.63,0.5783,200.42,0.5784,1641.37
1753547104692,16:25:04.692,ACE/USDT:USDT,0.5782,22.66,0.578,327.63,0.5783,200.42,0.5784,1468.89
1753547104794,16:25:04.794,ACE/USDT:USDT,0.5782,22.66,0.578,327.63,0.5783,200.42,0.5784,1468.89
1753547105099,16:25:05.099,ACE/USDT:USDT,0.578,316.63,0.5779,211.49,0.5783,200.42,0.5784,2153.39
1753547105244,16:25:05.244,ACE/USDT:USDT,0.578,102.94,0.5779,90.8,0.5783,200.42,0.5784,2153.39
1753547105352,16:25:05.352,ACE/USDT:USDT,0.578,102.94,0.5779,90.8,0.5783,200.42,0.5784,2153.39
1753547105471,16:25:05.471,ACE/USDT:USDT,0.578,102.94,0.5779,90.8,0.5783,545.88,0.5784,2153.39
1753547105572,16:25:05.572,ACE/USDT:USDT,0.578,102.94,0.5779,90.8,0.5783,545.88,0.5784,2373.66
1753547105743,16:25:05.743,ACE/USDT:USDT,0.578,102.94,0.5779,90.8,0.5783,545.88,0.5784,2373.66
1753547105878,16:25:05.878,ACE/USDT:USDT,0.578,102.94,0.5779,90.8,0.5783,545.88,0.5784,2373.66
1753547105980,16:25:05.980,ACE/USDT:USDT,0.578,102.94,0.5779,90.8,0.5783,545.88,0.5784,2373.66
1753547106183,16:25:06.183,ACE/USDT:USDT,0.578,102.94,0.5779,90.8,0.5783,545.88,0.5784,2515.12
1753547106289,16:25:06.289,ACE/USDT:USDT,0.578,102.94,0.5779,90.8,0.5783,545.88,0.5784,3032.5
1753547106398,16:25:06.398,ACE/USDT:USDT,0.5779,90.8,0.5778,335.08,0.578,90.82,0.5781,200.42
1753547106504,16:25:06.504,ACE/USDT:USDT,0.5779,90.8,0.5778,12.12,0.578,132.5,0.5781,565.46
1753547106614,16:25:06.614,ACE/USDT:USDT,0.5779,90.8,0.5778,99.79,0.578,132.5,0.5781,219.91
1753547106754,16:25:06.754,ACE/USDT:USDT,0.5779,90.8,0.5778,99.79,0.578,132.5,0.5781,219.91
1753547106877,16:25:06.877,ACE/USDT:USDT,0.5779,90.8,0.5778,99.79,0.578,132.5,0.5781,219.91
1753547106981,16:25:06.981,ACE/USDT:USDT,0.5779,90.8,0.5778,99.79,0.578,132.5,0.5781,219.91
1753547107102,16:25:07.102,ACE/USDT:USDT,0.5779,90.8,0.5778,99.79,0.578,132.5,0.5781,219.91
1753547107367,16:25:07.367,ACE/USDT:USDT,0.5779,125.38,0.5778,99.79,0.578,90.82,0.5781,219.91
1753547107469,16:25:07.469,ACE/USDT:USDT,0.5779,203.01,0.5778,99.79,0.578,90.82,0.5781,219.91
1753547107571,16:25:07.571,ACE/USDT:USDT,0.5779,203.01,0.5778,99.79,0.578,90.82,0.5781,219.91
1753547107693,16:25:07.693,ACE/USDT:USDT,0.5779,217.64,0.5778,99.79,0.578,46.92,0.5781,219.91
1753547107808,16:25:07.808,ACE/USDT:USDT,0.5779,217.64,0.5778,99.79,0.578,46.92,0.5781,219.91
1753547107923,16:25:07.923,ACE/USDT:USDT,0.5779,217.64,0.5778,99.79,0.578,46.92,0.5781,219.91
1753547108176,16:25:08.176,ACE/USDT:USDT,0.5777,188.01,0.5776,402.05,0.5778,51.59,0.5779,1251.25
1753547108279,16:25:08.279,ACE/USDT:USDT,0.5776,84.79,0.5775,173.07,0.5779,1251.25,0.578,46.92
1753547108383,16:25:08.383,ACE/USDT:USDT,0.5776,84.79,0.5775,173.07,0.5779,1251.25,0.578,46.92
1753547108489,16:25:08.489,ACE/USDT:USDT,0.5777,72.67,0.5776,12.12,0.5779,1251.25,0.578,46.92
1753547108595,16:25:08.595,ACE/USDT:USDT,0.5777,72.67,0.5776,12.12,0.5779,1251.25,0.578,46.92
1753547108766,16:25:08.766,ACE/USDT:USDT,0.5777,72.67,0.5776,12.12,0.5779,1251.25,0.578,46.92
1753547109295,16:25:09.295,ACE/USDT:USDT,0.5777,72.67,0.5776,12.12,0.5779,1251.25,0.578,46.92
1753547109406,16:25:09.406,ACE/USDT:USDT,0.5777,72.67,0.5776,12.12,0.5779,1251.25,0.578,46.92
1753547109734,16:25:09.734,ACE/USDT:USDT,0.5777,72.67,0.5776,12.12,0.5779,1251.25,0.578,46.92
1753547109836,16:25:09.836,ACE/USDT:USDT,0.5777,72.67,0.5776,12.12,0.5779,1251.25,0.578,46.92
1753547109947,16:25:09.947,ACE/USDT:USDT,0.5777,72.67,0.5776,12.12,0.5779,1251.25,0.578,46.92
1753547110156,16:25:10.156,ACE/USDT:USDT,0.5777,72.67,0.5776,12.12,0.5779,1251.25,0.578,46.92
1753547110331,16:25:10.331,ACE/USDT:USDT,0.5777,72.67,0.5776,12.12,0.5779,1251.25,0.578,46.92
1753547110454,16:25:10.454,ACE/USDT:USDT,0.5777,72.67,0.5776,12.12,0.5779,1251.25,0.578,46.92
1753547110647,16:25:10.647,ACE/USDT:USDT,0.5777,72.67,0.5776,12.12,0.5779,1251.25,0.578,46.92
1753547111002,16:25:11.002,ACE/USDT:USDT,0.5777,72.67,0.5776,12.12,0.5779,1251.25,0.578,46.92
1753547111178,16:25:11.178,ACE/USDT:USDT,0.5777,72.67,0.5776,12.12,0.5779,1251.25,0.578,46.92
1753547111602,16:25:11.602,ACE/USDT:USDT,0.5777,72.67,0.5776,12.12,0.5779,1251.25,0.578,46.92
1753547111708,16:25:11.708,ACE/USDT:USDT,0.5777,72.67,0.5776,12.12,0.5779,1251.25,0.578,46.92
1753547112202,16:25:12.202,ACE/USDT:USDT,0.5777,72.67,0.5776,12.12,0.5779,1251.25,0.578,46.92
1753547112802,16:25:12.802,ACE/USDT:USDT,0.5777,81.76,0.5776,12.12,0.5779,1251.25,0.578,46.92
1753547112927,16:25:12.927,ACE/USDT:USDT,0.5777,81.76,0.5776,12.12,0.5779,1251.25,0.578,46.92
1753547113034,16:25:13.034,ACE/USDT:USDT,0.5777,81.76,0.5776,12.12,0.5779,1251.25,0.578,46.92
1753547113177,16:25:13.177,ACE/USDT:USDT,0.5777,81.76,0.5776,12.12,0.5779,1251.25,0.578,46.92
1753547113356,16:25:13.356,ACE/USDT:USDT,0.5777,81.76,0.5776,12.12,0.5779,1251.25,0.578,46.92
1753547113540,16:25:13.540,ACE/USDT:USDT,0.5777,81.76,0.5776,46.74,0.5779,1251.25,0.578,46.92
1753547113645,16:25:13.645,ACE/USDT:USDT,0.5777,81.76,0.5776,12.12,0.5778,200.42,0.5779,1251.25
1753547113782,16:25:13.782,ACE/USDT:USDT,0.5776,12.12,0.5774,113.93,0.5777,1169.49,0.5778,200.42
1753547113890,16:25:13.890,ACE/USDT:USDT,0.5776,12.12,0.5774,113.93,0.5777,1169.49,0.5778,242.1
1753547113995,16:25:13.995,ACE/USDT:USDT,0.5776,12.12,0.5774,113.93,0.5777,1169.49,0.5778,242.1
1753547114101,16:25:14.101,ACE/USDT:USDT,0.5776,12.12,0.5774,113.93,0.5777,1169.49,0.5778,242.1
1753547114385,16:25:14.385,ACE/USDT:USDT,0.5776,12.12,0.5774,113.93,0.5777,1169.49,0.5778,242.1
1753547114501,16:25:14.501,ACE/USDT:USDT,0.5776,12.12,0.5774,145.5,0.5777,1169.49,0.5778,242.1
1753547114615,16:25:14.615,ACE/USDT:USDT,0.5776,12.12,0.5774,145.5,0.5777,1169.49,0.5778,242.1
1753547114723,16:25:14.723,ACE/USDT:USDT,0.5776,12.12,0.5774,145.5,0.5777,1169.49,0.5778,242.1
1753547114902,16:25:14.902,ACE/USDT:USDT,0.5776,12.12,0.5774,145.5,0.5777,1169.49,0.5778,242.1
1753547115239,16:25:15.239,ACE/USDT:USDT,0.5776,12.12,0.5774,145.5,0.5777,1169.49,0.5778,242.1
1753547115485,16:25:15.485,ACE/USDT:USDT,0.5776,12.12,0.5774,145.5,0.5777,1169.49,0.5778,242.1
1753547115588,16:25:15.588,ACE/USDT:USDT,0.5776,28.65,0.5774,145.5,0.5777,1169.49,0.5778,242.1
1753547115852,16:25:15.852,ACE/USDT:USDT,0.5776,28.65,0.5774,113.93,0.5777,1169.49,0.5778,242.1
1753547116006,16:25:16.006,ACE/USDT:USDT,0.5776,28.65,0.5774,113.93,0.5777,1169.49,0.5778,242.1
1753547116120,16:25:16.120,ACE/USDT:USDT,0.5776,28.65,0.5774,113.93,0.5777,1169.49,0.5778,242.1
1753547116635,16:25:16.635,ACE/USDT:USDT,0.5776,28.65,0.5774,113.93,0.5777,1169.49,0.5778,242.1
1753547116799,16:25:16.799,ACE/USDT:USDT,0.5776,28.65,0.5775,34.63,0.5777,1169.49,0.5778,242.1
1753547117702,16:25:17.702,ACE/USDT:USDT,0.5776,28.65,0.5775,34.63,0.5777,1169.49,0.5778,242.1
1753547118033,16:25:18.033,ACE/USDT:USDT,0.5776,28.65,0.5774,113.93,0.5777,1169.49,0.5778,242.1
1753547118163,16:25:18.163,ACE/USDT:USDT,0.5776,28.65,0.5774,113.93,0.5777,1169.49,0.5778,242.1
1753547118292,16:25:18.292,ACE/USDT:USDT,0.5776,28.65,0.5774,113.93,0.5777,1169.49,0.5778,242.1
1753547118421,16:25:18.421,ACE/USDT:USDT,0.5776,28.65,0.5774,113.93,0.5777,1169.49,0.5778,242.1
1753547118695,16:25:18.695,ACE/USDT:USDT,0.5776,28.65,0.5774,113.93,0.5777,1169.49,0.5778,242.1
1753547118799,16:25:18.799,ACE/USDT:USDT,0.5776,28.65,0.5774,113.93,0.5777,1169.49,0.5778,242.1
1753547118925,16:25:18.925,ACE/USDT:USDT,0.5776,28.65,0.5774,113.93,0.5777,1169.49,0.5778,242.1
1753547119236,16:25:19.236,ACE/USDT:USDT,0.5776,28.65,0.5774,113.93,0.5777,1169.49,0.5778,242.1
1753547119364,16:25:19.364,ACE/USDT:USDT,0.5776,27.96,0.5774,113.93,0.5777,1169.49,0.5778,242.1
1753547119501,16:25:19.501,ACE/USDT:USDT,0.5776,27.96,0.5774,113.93,0.5777,1169.49,0.5778,242.1
1753547119636,16:25:19.636,ACE/USDT:USDT,0.5776,27.96,0.5774,113.93,0.5777,1169.49,0.5778,242.1
1753547119986,16:25:19.986,ACE/USDT:USDT,0.5776,27.96,0.5774,113.93,0.5777,1169.49,0.5778,242.1
1753547120109,16:25:20.109,ACE/USDT:USDT,0.5776,27.96,0.5774,113.93,0.5777,1169.49,0.5778,242.1
1753547120215,16:25:20.215,ACE/USDT:USDT,0.5776,27.96,0.5774,113.93,0.5777,1169.49,0.5778,242.1
1753547120337,16:25:20.337,ACE/USDT:USDT,0.5776,27.96,0.5774,113.93,0.5777,1169.49,0.5778,242.1
1753547120684,16:25:20.684,ACE/USDT:USDT,0.5776,27.96,0.5774,113.93,0.5777,1169.49,0.5778,242.1
1753547120845,16:25:20.845,ACE/USDT:USDT,0.5776,27.96,0.5774,239.65,0.5777,1169.49,0.5778,242.1
1753547121320,16:25:21.320,ACE/USDT:USDT,0.5776,27.96,0.5774,239.65,0.5777,1169.49,0.5778,242.1
1753547121678,16:25:21.678,ACE/USDT:USDT,0.5776,27.96,0.5774,271.22,0.5777,1169.49,0.5778,242.1
1753547122238,16:25:22.238,ACE/USDT:USDT,0.5776,27.96,0.5774,271.22,0.5777,1169.49,0.5778,242.1
1753547122401,16:25:22.401,ACE/USDT:USDT,0.5776,27.96,0.5774,271.22,0.5777,1169.49,0.5778,242.1
1753547123335,16:25:23.335,ACE/USDT:USDT,0.5776,27.96,0.5774,271.22,0.5777,1169.49,0.5778,242.1
1753547123437,16:25:23.437,ACE/USDT:USDT,0.5776,27.96,0.5775,34.63,0.5777,1169.49,0.5778,242.1
1753547124491,16:25:24.491,ACE/USDT:USDT,0.5776,27.96,0.5775,34.63,0.5777,1169.49,0.5778,242.1
1753547124594,16:25:24.594,ACE/USDT:USDT,0.5776,27.96,0.5775,34.63,0.5777,1169.49,0.5778,242.1
1753547124726,16:25:24.726,ACE/USDT:USDT,0.5776,27.96,0.5775,34.63,0.5777,1169.49,0.5778,242.1
1753547125102,16:25:25.102,ACE/USDT:USDT,0.5776,27.96,0.5775,34.63,0.5777,1169.49,0.5778,242.1
1753547125264,16:25:25.264,ACE/USDT:USDT,0.5776,27.96,0.5775,34.63,0.5777,1169.49,0.5778,242.1
1753547125562,16:25:25.562,ACE/USDT:USDT,0.5776,27.96,0.5775,34.63,0.5777,1169.49,0.5778,242.1
1753547126202,16:25:26.202,ACE/USDT:USDT,0.5776,27.96,0.5775,34.63,0.5777,1169.49,0.5778,242.1
1753547126545,16:25:26.545,ACE/USDT:USDT,0.5776,27.96,0.5775,34.63,0.5777,1169.49,0.5778,242.1
1753547126687,16:25:26.687,ACE/USDT:USDT,0.5776,27.96,0.5775,34.63,0.5777,1169.49,0.5778,242.1
1753547126790,16:25:26.790,ACE/USDT:USDT,0.5776,27.96,0.5775,34.63,0.5777,1169.49,0.5778,242.1
1753547127302,16:25:27.302,ACE/USDT:USDT,0.5776,27.96,0.5775,34.63,0.5777,1169.49,0.5778,242.1
1753547127409,16:25:27.409,ACE/USDT:USDT,0.5776,27.96,0.5775,34.63,0.5777,1169.49,0.5778,242.1
1753547127698,16:25:27.698,ACE/USDT:USDT,0.5776,27.96,0.5775,34.63,0.5777,1169.49,0.5778,242.1
1753547127902,16:25:27.902,ACE/USDT:USDT,0.5776,62.59,0.5774,113.93,0.5777,1169.49,0.5778,242.1
1753547128007,16:25:28.007,ACE/USDT:USDT,0.5776,62.59,0.5774,113.93,0.5778,242.1,0.5779,184.11
1753547128118,16:25:28.118,ACE/USDT:USDT,0.5776,62.59,0.5775,200.0,0.578,148.7,0.5781,310.69
1753547128233,16:25:28.233,ACE/USDT:USDT,0.5777,63.9,0.5776,62.59,0.578,90.78,0.5781,310.69
1753547128341,16:25:28.341,ACE/USDT:USDT,0.5777,63.9,0.5776,62.59,0.578,90.78,0.5781,483.76
1753547128442,16:25:28.442,ACE/USDT:USDT,0.5777,63.9,0.5776,62.59,0.578,90.78,0.5781,483.76
1753547128545,16:25:28.545,ACE/USDT:USDT,0.5776,62.59,0.5775,570.2,0.5779,200.42,0.578,90.78
1753547128647,16:25:28.647,ACE/USDT:USDT,0.5776,27.96,0.5775,373.05,0.5779,372.59,0.578,90.78
1753547128749,16:25:28.749,ACE/USDT:USDT,0.5776,27.96,0.5775,373.05,0.5779,200.42,0.578,90.78
1753547128902,16:25:28.902,ACE/USDT:USDT,0.5776,27.96,0.5775,373.05,0.5779,200.42,0.578,90.78
1753547129015,16:25:29.015,ACE/USDT:USDT,0.5776,27.96,0.5775,373.05,0.5779,200.42,0.578,90.78
1753547129230,16:25:29.230,ACE/USDT:USDT,0.5776,27.96,0.5775,373.05,0.5779,200.42,0.578,90.78
1753547129333,16:25:29.333,ACE/USDT:USDT,0.5776,27.96,0.5775,373.05,0.5779,200.42,0.578,90.78
1753547129441,16:25:29.441,ACE/USDT:USDT,0.5776,27.96,0.5775,373.05,0.5779,200.42,0.578,90.78
1753547129550,16:25:29.550,ACE/USDT:USDT,0.5776,27.96,0.5775,173.05,0.5779,200.42,0.578,90.78
1753547129667,16:25:29.667,ACE/USDT:USDT,0.5776,27.96,0.5774,341.22,0.5779,200.42,0.578,775.87
1753547129780,16:25:29.780,ACE/USDT:USDT,0.5776,27.96,0.5774,149.17,0.5779,200.42,0.578,948.86
1753547129939,16:25:29.939,ACE/USDT:USDT,0.5776,27.96,0.5774,149.17,0.5779,200.42,0.578,1120.8
1753547130102,16:25:30.102,ACE/USDT:USDT,0.5776,27.96,0.5774,149.17,0.5779,200.42,0.578,1120.8
1753547130326,16:25:30.326,ACE/USDT:USDT,0.5776,27.96,0.5774,114.55,0.5779,200.42,0.578,1292.97
1753547130433,16:25:30.433,ACE/USDT:USDT,0.5776,27.96,0.5774,114.55,0.5779,372.98,0.578,1292.97
1753547130539,16:25:30.539,ACE/USDT:USDT,0.5776,27.96,0.5774,114.55,0.5779,546.06,0.578,1827.54
1753547130655,16:25:30.655,ACE/USDT:USDT,0.5776,27.96,0.5774,114.55,0.5779,546.06,0.578,2173.7
1753547130815,16:25:30.815,ACE/USDT:USDT,0.5776,27.96,0.5774,114.55,0.5777,200.42,0.5778,528.47
1753547130919,16:25:30.919,ACE/USDT:USDT,0.5776,27.96,0.5774,114.55,0.5777,200.42,0.5778,528.47
1753547131072,16:25:31.072,ACE/USDT:USDT,0.5776,27.96,0.5774,114.55,0.5777,200.42,0.5778,528.47
1753547131187,16:25:31.187,ACE/USDT:USDT,0.5776,27.96,0.5774,114.55,0.5777,200.42,0.5778,528.47
1753547131301,16:25:31.301,ACE/USDT:USDT,0.5776,27.96,0.5774,114.55,0.5777,200.42,0.5778,268.84
1753547131456,16:25:31.456,ACE/USDT:USDT,0.5776,27.96,0.5774,114.55,0.5777,200.42,0.5778,268.84
1753547131559,16:25:31.559,ACE/USDT:USDT,0.5776,27.96,0.5774,114.55,0.5777,200.42,0.5778,268.84
1753547131702,16:25:31.702,ACE/USDT:USDT,0.5776,27.96,0.5774,114.55,0.5777,200.42,0.5778,268.84
1753547131902,16:25:31.902,ACE/USDT:USDT,0.5776,27.96,0.5774,114.55,0.5777,200.42,0.5778,268.84
1753547132075,16:25:32.075,ACE/USDT:USDT,0.5776,27.96,0.5774,229.48,0.5777,200.42,0.5778,268.84
1753547132385,16:25:32.385,ACE/USDT:USDT,0.5776,27.96,0.5774,229.48,0.5777,200.42,0.5778,268.84
1753547132702,16:25:32.702,ACE/USDT:USDT,0.5776,27.96,0.5774,229.48,0.5777,200.42,0.5778,268.84
1753547132902,16:25:32.902,ACE/USDT:USDT,0.5776,27.96,0.5774,229.48,0.5777,200.42,0.5778,268.84
1753547133242,16:25:33.242,ACE/USDT:USDT,0.5776,27.96,0.5774,229.48,0.5777,200.42,0.5778,268.84
1753547133345,16:25:33.345,ACE/USDT:USDT,0.5776,27.96,0.5774,229.48,0.5777,200.42,0.5779,1421.56
1753547133447,16:25:33.447,ACE/USDT:USDT,0.5776,27.96,0.5774,229.48,0.5777,200.42,0.5779,1421.56
1753547133567,16:25:33.567,ACE/USDT:USDT,0.5776,27.96,0.5774,229.48,0.5777,200.42,0.5779,1248.45
1753547133733,16:25:33.733,ACE/USDT:USDT,0.5776,27.96,0.5775,34.63,0.5777,200.42,0.5779,1248.45
1753547133837,16:25:33.837,ACE/USDT:USDT,0.5776,27.96,0.5775,34.63,0.5777,200.42,0.5779,1248.45
1753547134002,16:25:34.002,ACE/USDT:USDT,0.5776,27.96,0.5775,34.63,0.5777,200.42,0.5779,1248.45
1753547134385,16:25:34.385,ACE/USDT:USDT,0.5776,27.96,0.5775,34.63,0.5777,200.42,0.5779,1248.45
1753547134502,16:25:34.502,ACE/USDT:USDT,0.5776,27.96,0.5775,34.63,0.5777,200.42,0.5779,1248.45
1753547134625,16:25:34.625,ACE/USDT:USDT,0.5776,27.96,0.5775,34.63,0.5777,200.42,0.5779,1248.45
1753547134902,16:25:34.902,ACE/USDT:USDT,0.5776,27.96,0.5775,34.63,0.5777,200.42,0.5779,1248.45
1753547135102,16:25:35.102,ACE/USDT:USDT,0.5776,27.96,0.5775,34.63,0.5777,200.42,0.5779,1248.45
1753547135207,16:25:35.207,ACE/USDT:USDT,0.5776,27.96,0.5775,34.63,0.5777,200.42,0.5779,1248.45
1753547135326,16:25:35.326,ACE/USDT:USDT,0.5776,27.96,0.5774,229.48,0.5777,200.42,0.5779,1375.51
1753547135702,16:25:35.702,ACE/USDT:USDT,0.5776,27.96,0.5775,34.63,0.5777,200.42,0.5779,1375.51
1753547135837,16:25:35.837,ACE/USDT:USDT,0.5776,27.96,0.5775,34.63,0.5777,200.42,0.5779,1248.45
1753547136050,16:25:36.050,ACE/USDT:USDT,0.5776,27.96,0.5774,229.48,0.5777,200.42,0.5779,1593.51
1753547136257,16:25:36.257,ACE/USDT:USDT,0.5774,76.03,0.5773,91.46,0.5776,8.69,0.5777,719.31
1753547136361,16:25:36.361,ACE/USDT:USDT,0.5774,76.03,0.5773,91.46,0.5776,8.69,0.5777,373.58
1753547136463,16:25:36.463,ACE/USDT:USDT,0.5774,76.03,0.5773,91.46,0.5776,8.69,0.5777,373.58
1753547136570,16:25:36.570,ACE/USDT:USDT,0.5774,76.03,0.5773,91.46,0.5776,8.69,0.5777,420.99
1753547136778,16:25:36.778,ACE/USDT:USDT,0.5774,76.03,0.5773,91.46,0.5776,8.69,0.5777,767.31
1753547136880,16:25:36.880,ACE/USDT:USDT,0.5774,565.36,0.5773,91.46,0.5776,8.69,0.5777,594.15
1753547137428,16:25:37.428,ACE/USDT:USDT,0.5774,565.36,0.5773,91.46,0.5776,8.69,0.5777,594.15
1753547137531,16:25:37.531,ACE/USDT:USDT,0.5774,565.36,0.5773,91.46,0.5776,8.69,0.5777,200.42
1753547137845,16:25:37.845,ACE/USDT:USDT,0.5774,565.36,0.5773,91.46,0.5776,8.69,0.5777,200.42
1753547138002,16:25:38.002,ACE/USDT:USDT,0.5774,565.36,0.5773,91.46,0.5776,8.69,0.5777,200.42
1753547138133,16:25:38.133,ACE/USDT:USDT,0.5774,600.0,0.5773,126.1,0.5776,8.69,0.5777,200.42
1753547138279,16:25:38.279,ACE/USDT:USDT,0.5774,565.36,0.5773,126.1,0.5776,8.69,0.5777,200.42
1753547138506,16:25:38.506,ACE/USDT:USDT,0.5774,565.36,0.5773,126.1,0.5776,8.69,0.5777,200.42
1753547138676,16:25:38.676,ACE/USDT:USDT,0.5774,565.36,0.5773,126.1,0.5776,8.69,0.5777,200.42
1753547139605,16:25:39.605,ACE/USDT:USDT,0.5774,575.37,0.5773,91.46,0.5776,8.69,0.5777,712.59
1753547140075,16:25:40.075,ACE/USDT:USDT,0.5774,575.37,0.5773,91.46,0.5776,8.69,0.5777,712.59
1753547140418,16:25:40.418,ACE/USDT:USDT,0.5775,75.02,0.5774,501.46,0.5776,8.69,0.5777,1247.75
1753547140556,16:25:40.556,ACE/USDT:USDT,0.5775,75.02,0.5774,501.46,0.5776,8.69,0.5777,1247.75
1753547140660,16:25:40.660,ACE/USDT:USDT,0.5775,75.02,0.5774,521.48,0.5776,8.69,0.5777,1247.75
1753547140895,16:25:40.895,ACE/USDT:USDT,0.5775,75.02,0.5774,521.48,0.5776,8.69,0.5777,1247.75
1753547141002,16:25:41.002,ACE/USDT:USDT,0.5775,75.02,0.5774,521.48,0.5776,8.69,0.5777,1247.75
1753547141209,16:25:41.209,ACE/USDT:USDT,0.5775,75.02,0.5774,521.48,0.5776,8.69,0.5777,1247.75
1753547141343,16:25:41.343,ACE/USDT:USDT,0.5775,75.02,0.5774,531.49,0.5776,8.69,0.5777,1420.89
1753547141472,16:25:41.472,ACE/USDT:USDT,0.5775,75.02,0.5774,618.09,0.5776,8.69,0.5777,1420.89
1753547141601,16:25:41.601,ACE/USDT:USDT,0.5775,75.02,0.5774,618.09,0.5776,8.69,0.5777,1420.89
1753547141736,16:25:41.736,ACE/USDT:USDT,0.5775,151.89,0.5774,566.12,0.5776,8.69,0.5777,1420.89
1753547141872,16:25:41.872,ACE/USDT:USDT,0.5775,151.89,0.5774,536.09,0.5776,8.69,0.5777,1420.89
1753547142146,16:25:42.146,ACE/USDT:USDT,0.5775,151.89,0.5774,536.09,0.5776,8.69,0.5777,1420.89
1753547142267,16:25:42.267,ACE/USDT:USDT,0.5775,151.89,0.5774,556.11,0.5776,8.69,0.5777,1420.89
1753547142393,16:25:42.393,ACE/USDT:USDT,0.5775,151.89,0.5774,642.71,0.5776,8.69,0.5777,1420.89
1753547142627,16:25:42.627,ACE/USDT:USDT,0.5775,186.52,0.5774,536.09,0.5776,8.69,0.5777,1247.75
1753547142731,16:25:42.731,ACE/USDT:USDT,0.5775,186.52,0.5774,536.09,0.5776,8.69,0.5777,1247.75
1753547142854,16:25:42.854,ACE/USDT:USDT,0.5775,151.89,0.5774,536.09,0.5776,8.69,0.5777,1247.75
1753547143072,16:25:43.072,ACE/USDT:USDT,0.5775,151.89,0.5774,511.47,0.5776,17.78,0.5777,1420.89
1753547143226,16:25:43.226,ACE/USDT:USDT,0.5775,151.89,0.5774,511.47,0.5776,17.78,0.5777,1420.89
1753547143401,16:25:43.401,ACE/USDT:USDT,0.5775,151.89,0.5774,531.49,0.5776,17.78,0.5777,1420.89
1753547143508,16:25:43.508,ACE/USDT:USDT,0.5775,151.89,0.5774,566.12,0.5776,17.78,0.5777,1420.89
1753547143658,16:25:43.658,ACE/USDT:USDT,0.5775,154.66,0.5774,536.09,0.5776,17.78,0.5777,1420.89
1753547143864,16:25:43.864,ACE/USDT:USDT,0.5775,154.66,0.5774,556.11,0.5776,17.78,0.5777,1420.89
1753547144302,16:25:44.302,ACE/USDT:USDT,0.5775,154.66,0.5774,556.11,0.5776,17.78,0.5777,1247.75
1753547144404,16:25:44.404,ACE/USDT:USDT,0.5775,189.29,0.5774,556.11,0.5776,17.78,0.5777,1247.75
1753547144512,16:25:44.512,ACE/USDT:USDT,0.5775,189.29,0.5774,536.09,0.5776,17.78,0.5777,1247.75
1753547144696,16:25:44.696,ACE/USDT:USDT,0.5775,189.29,0.5774,536.09,0.5776,17.78,0.5777,1074.59
1753547144808,16:25:44.808,ACE/USDT:USDT,0.5775,154.66,0.5774,536.09,0.5776,26.87,0.5777,1074.59
1753547144935,16:25:44.935,ACE/USDT:USDT,0.5775,154.66,0.5774,536.09,0.5776,26.87,0.5777,1074.59
1753547145536,16:25:45.536,ACE/USDT:USDT,0.5775,154.66,0.5774,536.09,0.5776,26.87,0.5777,1074.59
1753547145638,16:25:45.638,ACE/USDT:USDT,0.5775,189.29,0.5774,536.09,0.5776,26.87,0.5777,901.43
1753547146102,16:25:46.102,ACE/USDT:USDT,0.5775,189.29,0.5774,536.09,0.5776,26.87,0.5777,901.43
1753547146312,16:25:46.312,ACE/USDT:USDT,0.5775,154.66,0.5774,501.46,0.5776,26.87,0.5777,1074.57
1753547146545,16:25:46.545,ACE/USDT:USDT,0.5775,154.66,0.5774,501.46,0.5776,26.87,0.5777,1074.57
1753547146665,16:25:46.665,ACE/USDT:USDT,0.5775,154.66,0.5774,501.46,0.5776,26.87,0.5777,1074.57
1753547146775,16:25:46.775,ACE/USDT:USDT,0.5775,154.66,0.5774,501.46,0.5776,26.87,0.5777,1074.57
1753547147140,16:25:47.140,ACE/USDT:USDT,0.5775,154.66,0.5774,501.46,0.5776,26.87,0.5777,1074.57
1753547147254,16:25:47.254,ACE/USDT:USDT,0.5774,501.46,0.5772,211.0,0.5775,109.66,0.5776,26.87
1753547147467,16:25:47.467,ACE/USDT:USDT,0.5774,501.46,0.5772,211.0,0.5775,118.76,0.5776,8.69
1753547147682,16:25:47.682,ACE/USDT:USDT,0.5774,501.46,0.5772,337.42,0.5775,18.2,0.5776,8.69
1753547148236,16:25:48.236,ACE/USDT:USDT,0.5774,501.46,0.5772,337.42,0.5775,18.2,0.5776,8.69
1753547148464,16:25:48.464,ACE/USDT:USDT,0.5774,501.46,0.5772,337.42,0.5775,18.2,0.5776,8.69
1753547148571,16:25:48.571,ACE/USDT:USDT,0.5774,501.46,0.5772,337.42,0.5775,18.2,0.5776,8.69
1753547148690,16:25:48.690,ACE/USDT:USDT,0.5774,501.46,0.5772,337.42,0.5775,18.2,0.5776,8.69
1753547148802,16:25:48.802,ACE/USDT:USDT,0.5774,511.47,0.5772,337.42,0.5775,18.2,0.5776,8.69
1753547148908,16:25:48.908,ACE/USDT:USDT,0.5774,521.48,0.5772,337.42,0.5775,18.2,0.5776,8.69
1753547149305,16:25:49.305,ACE/USDT:USDT,0.5774,521.48,0.5772,337.42,0.5775,18.2,0.5776,8.69
1753547149623,16:25:49.623,ACE/USDT:USDT,0.5774,521.48,0.5772,337.42,0.5775,18.2,0.5776,8.69
1753547149902,16:25:49.902,ACE/USDT:USDT,0.5774,521.48,0.5772,337.42,0.5775,18.2,0.5776,8.69
1753547150008,16:25:50.008,ACE/USDT:USDT,0.5774,521.48,0.5773,34.64,0.5775,18.2,0.5776,8.69
1753547150158,16:25:50.158,ACE/USDT:USDT,0.5774,531.49,0.5773,34.64,0.5775,18.2,0.5776,8.69
1753547151556,16:25:51.556,ACE/USDT:USDT,0.5774,628.1,0.5773,34.64,0.5775,18.2,0.5776,8.69
1753547151686,16:25:51.686,ACE/USDT:USDT,0.5774,628.1,0.5773,34.64,0.5775,18.2,0.5776,8.69
1753547151875,16:25:51.875,ACE/USDT:USDT,0.5774,638.11,0.5772,337.42,0.5775,18.2,0.5776,181.86
1753547151986,16:25:51.986,ACE/USDT:USDT,0.5774,638.11,0.5772,337.42,0.5775,18.2,0.5776,181.86
1753547152124,16:25:52.124,ACE/USDT:USDT,0.5774,638.11,0.5772,337.42,0.5775,18.2,0.5776,181.86
1753547152301,16:25:52.301,ACE/USDT:USDT,0.5774,638.11,0.5772,337.42,0.5775,18.2,0.5776,181.86
1753547152524,16:25:52.524,ACE/USDT:USDT,0.5774,638.11,0.5772,337.42,0.5775,18.2,0.5776,181.86
1753547152702,16:25:52.702,ACE/USDT:USDT,0.5774,638.11,0.5772,337.42,0.5775,18.2,0.5776,181.86
1753547152988,16:25:52.988,ACE/USDT:USDT,0.5774,638.11,0.5772,337.42,0.5775,18.2,0.5776,181.86
1753547153103,16:25:53.103,ACE/USDT:USDT,0.5774,648.12,0.5772,337.42,0.5775,18.2,0.5776,8.69
1753547153208,16:25:53.208,ACE/USDT:USDT,0.5774,648.12,0.5773,34.64,0.5775,18.2,0.5776,8.69
1753547153309,16:25:53.309,ACE/USDT:USDT,0.5774,658.13,0.5773,34.64,0.5775,18.2,0.5776,8.69
1753547153413,16:25:53.413,ACE/USDT:USDT,0.5774,658.13,0.5773,34.64,0.5775,18.2,0.5776,8.69
1753547153537,16:25:53.537,ACE/USDT:USDT,0.5774,658.13,0.5773,34.64,0.5775,18.2,0.5776,8.69
1753547153802,16:25:53.802,ACE/USDT:USDT,0.5774,658.13,0.5773,34.64,0.5775,18.2,0.5776,8.69
1753547154119,16:25:54.119,ACE/USDT:USDT,0.5774,658.13,0.5773,34.64,0.5775,18.2,0.5776,181.86
1753547154265,16:25:54.265,ACE/USDT:USDT,0.5774,658.13,0.5773,34.64,0.5775,18.2,0.5776,8.69
1753547154402,16:25:54.402,ACE/USDT:USDT,0.5774,658.13,0.5773,34.64,0.5775,18.2,0.5776,8.69
1753547154521,16:25:54.521,ACE/USDT:USDT,0.5774,658.13,0.5773,34.64,0.5775,18.2,0.5776,8.69
1753547154679,16:25:54.679,ACE/USDT:USDT,0.5774,658.13,0.5773,34.64,0.5775,18.2,0.5776,8.69
1753547154793,16:25:54.793,ACE/USDT:USDT,0.5774,658.13,0.5773,34.64,0.5775,18.2,0.5776,8.69
1753547154985,16:25:54.985,ACE/USDT:USDT,0.5774,658.13,0.5773,34.64,0.5775,18.2,0.5776,8.69
1753547155137,16:25:55.137,ACE/USDT:USDT,0.5774,658.13,0.5773,34.64,0.5775,18.2,0.5776,8.69
1753547155287,16:25:55.287,ACE/USDT:USDT,0.5774,668.14,0.5773,34.64,0.5775,18.2,0.5776,8.69
1753547155602,16:25:55.602,ACE/USDT:USDT,0.5774,678.15,0.5773,34.64,0.5775,18.2,0.5776,8.69
1753547156042,16:25:56.042,ACE/USDT:USDT,0.5774,678.15,0.5773,34.64,0.5775,18.2,0.5776,8.69
1753547156202,16:25:56.202,ACE/USDT:USDT,0.5774,678.15,0.5773,34.64,0.5775,18.2,0.5776,8.69
1753547156365,16:25:56.365,ACE/USDT:USDT,0.5774,688.16,0.5773,34.64,0.5775,18.2,0.5776,8.69
1753547156648,16:25:56.648,ACE/USDT:USDT,0.5774,688.16,0.5773,34.64,0.5775,18.2,0.5776,8.69
1753547156755,16:25:56.755,ACE/USDT:USDT,0.5774,668.14,0.5773,34.64,0.5775,18.2,0.5776,8.69
1753547156893,16:25:56.893,ACE/USDT:USDT,0.5774,658.13,0.5773,34.64,0.5775,18.2,0.5776,8.69
1753547157232,16:25:57.232,ACE/USDT:USDT,0.5774,678.15,0.5773,34.64,0.5775,18.2,0.5776,8.69
1753547157902,16:25:57.902,ACE/USDT:USDT,0.5774,678.15,0.5773,34.64,0.5775,18.2,0.5776,8.69
1753547158240,16:25:58.240,ACE/USDT:USDT,0.5774,668.14,0.5773,34.64,0.5775,18.2,0.5776,8.69
1753547158453,16:25:58.453,ACE/USDT:USDT,0.5774,719.85,0.5773,34.64,0.5775,18.2,0.5776,8.69
1753547159002,16:25:59.002,ACE/USDT:USDT,0.5774,719.85,0.5773,34.64,0.5775,18.2,0.5776,8.69
1753547159147,16:25:59.147,ACE/USDT:USDT,0.5774,719.85,0.5773,34.64,0.5775,18.2,0.5776,8.69
1753547159602,16:25:59.602,ACE/USDT:USDT,0.5774,719.85,0.5773,34.64,0.5775,18.2,0.5776,8.69
1753547160136,16:26:00.136,ACE/USDT:USDT,0.5774,685.21,0.5773,34.64,0.5775,18.2,0.5776,8.69
1753547160315,16:26:00.315,ACE/USDT:USDT,0.5774,685.21,0.5773,34.64,0.5775,18.2,0.5776,8.69
1753547160529,16:26:00.529,ACE/USDT:USDT,0.5774,729.86,0.5773,34.64,0.5775,18.2,0.5776,8.69
1753547160685,16:26:00.685,ACE/USDT:USDT,0.5774,685.21,0.5773,34.64,0.5775,18.2,0.5776,8.69
1753547161557,16:26:01.557,ACE/USDT:USDT,0.5774,685.21,0.5773,34.64,0.5775,18.2,0.5776,8.69
1753547161733,16:26:01.733,ACE/USDT:USDT,0.5774,685.21,0.5773,34.64,0.5775,18.2,0.5776,8.69
1753547162090,16:26:02.090,ACE/USDT:USDT,0.5774,685.21,0.5773,66.1,0.5775,18.2,0.5776,8.69
1753547162302,16:26:02.302,ACE/USDT:USDT,0.5774,685.21,0.5773,66.1,0.5775,18.2,0.5776,8.69
1753547162482,16:26:02.482,ACE/USDT:USDT,0.5774,685.21,0.5773,66.1,0.5775,18.2,0.5776,8.69
1753547162885,16:26:02.885,ACE/USDT:USDT,0.5774,685.21,0.5773,66.1,0.5775,18.2,0.5776,8.69
1753547163001,16:26:03.001,ACE/USDT:USDT,0.5774,675.2,0.5773,66.1,0.5775,18.2,0.5776,8.69
1753547163160,16:26:03.160,ACE/USDT:USDT,0.5774,695.22,0.5773,66.1,0.5775,18.2,0.5776,8.69
1753547163387,16:26:03.387,ACE/USDT:USDT,0.5774,695.22,0.5773,66.1,0.5775,18.2,0.5776,8.69
1753547163841,16:26:03.841,ACE/USDT:USDT,0.5774,695.22,0.5773,66.1,0.5775,18.2,0.5776,8.69
1753547163943,16:26:03.943,ACE/USDT:USDT,0.5774,695.22,0.5773,66.1,0.5775,18.2,0.5776,8.69
1753547164131,16:26:04.131,ACE/USDT:USDT,0.5774,695.22,0.5773,66.1,0.5775,18.2,0.5776,8.69
1753547164234,16:26:04.234,ACE/USDT:USDT,0.5774,695.22,0.5773,66.1,0.5775,18.2,0.5776,8.69
1753547164452,16:26:04.452,ACE/USDT:USDT,0.5774,695.22,0.5773,66.1,0.5775,18.2,0.5776,8.69
1753547164556,16:26:04.556,ACE/USDT:USDT,0.5774,695.22,0.5773,31.46,0.5775,18.2,0.5776,8.69
1753547164660,16:26:04.660,ACE/USDT:USDT,0.5774,705.23,0.5773,31.46,0.5775,18.2,0.5776,8.69
1753547164835,16:26:04.835,ACE/USDT:USDT,0.5773,31.46,0.5771,200.0,0.5774,182.63,0.5775,191.37
1753547164944,16:26:04.944,ACE/USDT:USDT,0.5771,252.48,0.577,302.46,0.5774,192.74,0.5775,191.37
1753547165052,16:26:05.052,ACE/USDT:USDT,0.5771,101.46,0.577,91.44,0.5774,202.26,0.5775,1222.99
1753547165158,16:26:05.158,ACE/USDT:USDT,0.5771,111.48,0.577,91.44,0.5774,202.26,0.5775,1222.99
1753547165267,16:26:05.267,ACE/USDT:USDT,0.5771,121.5,0.577,91.44,0.5774,202.26,0.5775,1222.99
1753547165375,16:26:05.375,ACE/USDT:USDT,0.5771,171.6,0.577,91.44,0.5774,375.49,0.5775,1222.99
1753547165481,16:26:05.481,ACE/USDT:USDT,0.5771,201.66,0.577,101.46,0.5774,202.26,0.5775,1222.99
1753547165854,16:26:05.854,ACE/USDT:USDT,0.5771,338.4,0.577,101.46,0.5774,202.26,0.5775,531.23
1753547165956,16:26:05.956,ACE/USDT:USDT,0.5771,91.44,0.577,91.44,0.5774,202.26,0.5775,531.23
1753547166065,16:26:06.065,ACE/USDT:USDT,0.5771,91.44,0.577,91.44,0.5774,202.26,0.5775,531.23
1753547166166,16:26:06.166,ACE/USDT:USDT,0.5771,91.44,0.577,91.44,0.5774,375.49,0.5775,531.23
1753547166346,16:26:06.346,ACE/USDT:USDT,0.5771,91.44,0.577,91.44,0.5774,202.26,0.5775,531.23
1753547166548,16:26:06.548,ACE/USDT:USDT,0.5771,91.44,0.577,91.44,0.5774,202.26,0.5775,531.23
1753547166702,16:26:06.702,ACE/USDT:USDT,0.5771,91.44,0.577,91.44,0.5774,202.26,0.5775,531.23
1753547167120,16:26:07.120,ACE/USDT:USDT,0.5771,91.44,0.577,91.44,0.5774,375.49,0.5775,703.67
1753547167453,16:26:07.453,ACE/USDT:USDT,0.5771,91.44,0.577,91.44,0.5774,180.91,0.5775,358.0
1753547167626,16:26:07.626,ACE/USDT:USDT,0.5771,91.44,0.577,91.44,0.5774,180.91,0.5775,358.0
1753547168033,16:26:08.033,ACE/USDT:USDT,0.5771,91.44,0.577,91.44,0.5774,180.91,0.5775,358.0
1753547168186,16:26:08.186,ACE/USDT:USDT,0.5771,91.44,0.577,91.44,0.5774,180.91,0.5775,358.0
1753547168502,16:26:08.502,ACE/USDT:USDT,0.5771,91.44,0.577,91.44,0.5774,180.91,0.5775,358.0
1753547168636,16:26:08.636,ACE/USDT:USDT,0.5771,91.44,0.577,91.44,0.5774,180.91,0.5775,358.0
1753547169948,16:26:09.948,ACE/USDT:USDT,0.5772,200.42,0.577,102.44,0.5774,180.91,0.5775,358.0
1753547170205,16:26:10.205,ACE/USDT:USDT,0.5772,200.42,0.577,295.62,0.5774,10.11,0.5775,358.0
1753547170326,16:26:10.326,ACE/USDT:USDT,0.5772,200.42,0.577,642.06,0.5774,10.11,0.5775,358.0
1753547170666,16:26:10.666,ACE/USDT:USDT,0.5772,200.42,0.577,642.06,0.5774,10.11,0.5775,358.0
1753547170802,16:26:10.802,ACE/USDT:USDT,0.5772,200.42,0.577,642.06,0.5774,10.11,0.5775,358.0
1753547171223,16:26:11.223,ACE/USDT:USDT,0.5772,63.9,0.5771,200.42,0.5774,355.96,0.5775,702.68
1753547171328,16:26:11.328,ACE/USDT:USDT,0.5772,63.9,0.5771,200.42,0.5774,355.96,0.5775,702.68
1753547171433,16:26:11.433,ACE/USDT:USDT,0.5772,63.9,0.5771,200.42,0.5774,10.11,0.5775,702.68
1753547171541,16:26:11.541,ACE/USDT:USDT,0.5772,63.9,0.5771,200.42,0.5774,10.11,0.5775,530.24
1753547171695,16:26:11.695,ACE/USDT:USDT,0.5772,63.9,0.5771,200.42,0.5774,10.11,0.5775,530.24
1753547171803,16:26:11.803,ACE/USDT:USDT,0.5772,63.9,0.5771,200.42,0.5774,10.11,0.5775,191.37
1753547172142,16:26:12.142,ACE/USDT:USDT,0.5772,63.9,0.5771,200.42,0.5774,10.11,0.5775,191.37
1753547172297,16:26:12.297,ACE/USDT:USDT,0.5772,63.9,0.5771,200.42,0.5774,10.11,0.5775,191.37
1753547172433,16:26:12.433,ACE/USDT:USDT,0.5772,63.9,0.5771,200.42,0.5774,10.11,0.5775,191.37
1753547172579,16:26:12.579,ACE/USDT:USDT,0.5772,63.9,0.5771,200.42,0.5774,10.11,0.5775,191.37
1753547172835,16:26:12.835,ACE/USDT:USDT,0.5772,63.9,0.5771,200.42,0.5774,10.11,0.5775,191.37
1753547172985,16:26:12.985,ACE/USDT:USDT,0.5772,63.9,0.5771,200.42,0.5774,10.11,0.5775,191.37
1753547173138,16:26:13.138,ACE/USDT:USDT,0.5772,63.9,0.5771,200.42,0.5774,10.11,0.5775,191.37
1753547173249,16:26:13.249,ACE/USDT:USDT,0.5773,200.42,0.5771,184.2,0.5774,10.11,0.5775,18.2
1753547173502,16:26:13.502,ACE/USDT:USDT,0.5773,200.42,0.5771,184.2,0.5774,10.11,0.5775,18.2
1753547174270,16:26:14.270,ACE/USDT:USDT,0.5773,191.56,0.5771,184.2,0.5774,10.11,0.5775,18.2
1753547174479,16:26:14.479,ACE/USDT:USDT,0.5772,366.42,0.577,577.07,0.5774,10.11,0.5775,191.43
1753547174587,16:26:14.587,ACE/USDT:USDT,0.5772,366.42,0.577,577.07,0.5774,10.11,0.5775,191.43
1753547174692,16:26:14.692,ACE/USDT:USDT,0.5772,366.42,0.5771,34.65,0.5774,10.11,0.5775,191.43
1753547174809,16:26:14.809,ACE/USDT:USDT,0.5772,366.42,0.5771,34.65,0.5774,10.11,0.5775,191.43
1753547175420,16:26:15.420,ACE/USDT:USDT,0.5772,366.42,0.5771,34.65,0.5774,10.11,0.5775,191.43
1753547175602,16:26:15.602,ACE/USDT:USDT,0.5772,366.42,0.5771,34.65,0.5774,10.11,0.5775,191.43
1753547175802,16:26:15.802,ACE/USDT:USDT,0.5772,366.42,0.5771,160.43,0.5774,10.11,0.5775,191.43
1753547175909,16:26:15.909,ACE/USDT:USDT,0.5772,366.42,0.5771,160.43,0.5774,10.11,0.5775,191.43
1753547176254,16:26:16.254,ACE/USDT:USDT,0.5772,393.27,0.5771,160.43,0.5774,10.11,0.5775,191.43
1753547176365,16:26:16.365,ACE/USDT:USDT,0.5772,393.27,0.5771,160.43,0.5774,10.11,0.5775,191.43
1753547176526,16:26:16.526,ACE/USDT:USDT,0.5772,393.27,0.5771,160.43,0.5774,10.11,0.5775,191.43
1753547176885,16:26:16.885,ACE/USDT:USDT,0.5772,393.27,0.5771,160.43,0.5774,10.11,0.5775,191.43
1753547176990,16:26:16.990,ACE/USDT:USDT,0.5772,427.92,0.5771,160.43,0.5774,10.11,0.5775,191.43
1753547177092,16:26:17.092,ACE/USDT:USDT,0.5772,427.92,0.5771,160.43,0.5774,10.11,0.5775,191.43
1753547177402,16:26:17.402,ACE/USDT:USDT,0.5772,393.27,0.5771,160.43,0.5774,10.11,0.5775,191.43
1753547177505,16:26:17.505,ACE/USDT:USDT,0.5772,393.27,0.5771,160.43,0.5774,10.11,0.5775,191.43
1753547177985,16:26:17.985,ACE/USDT:USDT,0.5772,393.27,0.5771,160.43,0.5774,10.11,0.5775,191.43
1753547178502,16:26:18.502,ACE/USDT:USDT,0.5772,393.27,0.5771,160.43,0.5774,10.11,0.5775,191.43
1753547179102,16:26:19.102,ACE/USDT:USDT,0.5772,427.92,0.5771,160.43,0.5774,10.11,0.5775,191.43
1753547179570,16:26:19.570,ACE/USDT:USDT,0.5772,427.92,0.5771,160.43,0.5774,10.11,0.5775,191.43
1753547179685,16:26:19.685,ACE/USDT:USDT,0.5772,427.92,0.5771,160.43,0.5774,10.11,0.5775,191.43
1753547180202,16:26:20.202,ACE/USDT:USDT,0.5772,427.92,0.5771,160.43,0.5774,10.11,0.5775,191.43
1753547180321,16:26:20.321,ACE/USDT:USDT,0.5772,427.92,0.5771,160.43,0.5774,10.11,0.5775,191.43
1753547180434,16:26:20.434,ACE/USDT:USDT,0.5772,427.92,0.5771,160.43,0.5774,10.11,0.5775,191.43
1753547180536,16:26:20.536,ACE/USDT:USDT,0.5772,427.92,0.5771,160.43,0.5774,10.11,0.5775,191.43
1753547180802,16:26:20.802,ACE/USDT:USDT,0.5772,427.92,0.5771,160.43,0.5774,10.11,0.5775,191.43
1753547181355,16:26:21.355,ACE/USDT:USDT,0.5772,427.92,0.5771,160.43,0.5774,10.11,0.5775,191.43
