timestamp,time,exchange,symbol,bid1_price,bid1_volume,bid2_price,bid2_volume,ask1_price,ask1_volume,ask2_price,ask2_volume
1753591897207,04:51:37.207,okx,ACH/USDT:USDT,0.02302,292.0,0.02301,2401.0,0.02303,886.0,0.02304,2255.0
1753591897707,04:51:37.707,okx,ACH/USDT:USDT,0.02302,292.0,0.02301,2401.0,0.02303,806.0,0.02304,2255.0
1753591898507,04:51:38.507,okx,ACH/USDT:USDT,0.02302,368.0,0.02301,2401.0,0.02303,806.0,0.02304,2213.0
1753591898707,04:51:38.707,okx,ACH/USDT:USDT,0.02302,292.0,0.02301,2401.0,0.02303,882.0,0.02304,2255.0
1753591900207,04:51:40.207,okx,ACH/USDT:USDT,0.02302,904.0,0.02301,2397.0,0.02303,295.0,0.02304,1660.0
1753591900307,04:51:40.307,okx,ACH/USDT:USDT,0.02302,904.0,0.02301,2397.0,0.02303,185.0,0.02304,1490.0
1753591901207,04:51:41.207,okx,ACH/USDT:USDT,0.02302,904.0,0.02301,2777.0,0.02303,48.0,0.02304,1351.0
1753591902607,04:51:42.607,okx,ACH/USDT:USDT,0.02302,942.0,0.02301,2819.0,0.02303,48.0,0.02304,1351.0
1753591902707,04:51:42.707,okx,ACH/USDT:USDT,0.02302,942.0,0.02301,2819.0,0.02303,48.0,0.02304,1351.0
1753591903707,04:51:43.707,okx,ACH/USDT:USDT,0.02302,942.0,0.02301,2861.0,0.02303,25.0,0.02304,1351.0
1753591905207,04:51:45.207,okx,ACH/USDT:USDT,0.02302,942.0,0.02301,3510.0,0.02303,28.0,0.02304,1151.0
1753591905907,04:51:45.907,okx,ACH/USDT:USDT,0.02302,942.0,0.02301,3467.0,0.02303,28.0,0.02304,1151.0
1753591906007,04:51:46.007,okx,ACH/USDT:USDT,0.02302,1142.0,0.02301,3510.0,0.02303,28.0,0.02304,1151.0
1753591907707,04:51:47.707,okx,ACH/USDT:USDT,0.02302,1142.0,0.02301,3713.0,0.02303,28.0,0.02304,1151.0
1753591908107,04:51:48.107,okx,ACH/USDT:USDT,0.02303,1156.0,0.02302,3234.0,0.02304,112.0,0.02305,1063.0
1753591908207,04:51:48.207,okx,ACH/USDT:USDT,0.02303,1293.0,0.02302,3106.0,0.02304,114.0,0.02305,1196.0
1753591908607,04:51:48.607,okx,ACH/USDT:USDT,0.02303,1293.0,0.02302,2882.0,0.02304,140.0,0.02305,1196.0
1753591909007,04:51:49.007,okx,ACH/USDT:USDT,0.02303,1293.0,0.02302,2882.0,0.02304,140.0,0.02305,1396.0
1753591909207,04:51:49.207,okx,ACH/USDT:USDT,0.02303,1293.0,0.02302,2968.0,0.02304,140.0,0.02305,1396.0
1753591909407,04:51:49.407,okx,ACH/USDT:USDT,0.02303,1293.0,0.02302,2882.0,0.02304,140.0,0.02305,1396.0
1753591909607,04:51:49.607,okx,ACH/USDT:USDT,0.02303,1293.0,0.02302,2882.0,0.02304,140.0,0.02305,1396.0
1753591909907,04:51:49.907,okx,ACH/USDT:USDT,0.02303,1293.0,0.02302,2882.0,0.02304,140.0,0.02305,1418.0
1753591910007,04:51:50.007,okx,ACH/USDT:USDT,0.02303,1293.0,0.02302,2882.0,0.02304,140.0,0.02305,1418.0
1753591910507,04:51:50.507,okx,ACH/USDT:USDT,0.02303,1293.0,0.02302,2882.0,0.02304,140.0,0.02305,1418.0
1753591910607,04:51:50.607,okx,ACH/USDT:USDT,0.02303,1293.0,0.02302,2882.0,0.02304,140.0,0.02305,1418.0
1753591911707,04:51:51.707,okx,ACH/USDT:USDT,0.02303,1093.0,0.02302,2882.0,0.02304,140.0,0.02305,1418.0
1753591912007,04:51:52.007,okx,ACH/USDT:USDT,0.02303,1093.0,0.02302,2663.0,0.02304,274.0,0.02305,1285.0
1753591912207,04:51:52.207,okx,ACH/USDT:USDT,0.02303,1093.0,0.02302,2663.0,0.02304,140.0,0.02305,1285.0
1753591914007,04:51:54.007,okx,ACH/USDT:USDT,0.02303,1127.0,0.02302,2709.0,0.02304,140.0,0.02305,1430.0
1753591916907,04:51:56.907,okx,ACH/USDT:USDT,0.02303,1022.0,0.02302,2625.0,0.02304,371.0,0.02305,1285.0
1753591918107,04:51:58.107,okx,ACH/USDT:USDT,0.02303,1051.0,0.02302,2625.0,0.02304,371.0,0.02305,1285.0
1753591919507,04:51:59.507,okx,ACH/USDT:USDT,0.02303,1127.0,0.02302,2625.0,0.02304,371.0,0.02305,1285.0
1753591920107,04:52:00.107,okx,ACH/USDT:USDT,0.02303,1127.0,0.02302,2625.0,0.02304,371.0,0.02305,1285.0
1753591921907,04:52:01.907,okx,ACH/USDT:USDT,0.02303,1127.0,0.02302,3235.0,0.02304,3.0,0.02305,1215.0
1753591922007,04:52:02.007,okx,ACH/USDT:USDT,0.02303,1170.0,0.02302,3320.0,0.02304,3.0,0.02305,1393.0
1753591929807,04:52:09.807,okx,ACH/USDT:USDT,0.02303,1027.0,0.02302,2668.0,0.02304,138.0,0.02305,1393.0
1753591934407,04:52:14.407,okx,ACH/USDT:USDT,0.02303,1035.0,0.02302,2625.0,0.02304,268.0,0.02305,1263.0
1753591937507,04:52:17.507,okx,ACH/USDT:USDT,0.02303,1036.0,0.02302,2625.0,0.02304,138.0,0.02305,1263.0
1753591937907,04:52:17.907,okx,ACH/USDT:USDT,0.02303,1036.0,0.02302,2625.0,0.02304,138.0,0.02305,1388.0
1753591943307,04:52:23.307,okx,ACH/USDT:USDT,0.02303,1040.0,0.02302,4535.0,0.02304,3.0,0.02305,1206.0
1753591943707,04:52:23.707,okx,ACH/USDT:USDT,0.02304,293.0,0.02303,2285.0,0.02305,644.0,0.02306,1269.0
1753591944007,04:52:24.007,okx,ACH/USDT:USDT,0.02304,293.0,0.02303,2285.0,0.02305,644.0,0.02306,1269.0
1753591946807,04:52:26.807,okx,ACH/USDT:USDT,0.02304,781.0,0.02303,2377.0,0.02305,174.0,0.02306,1269.0
1753591948607,04:52:28.607,okx,ACH/USDT:USDT,0.02304,752.0,0.02303,2377.0,0.02305,174.0,0.02306,1404.0
1753591950007,04:52:30.007,okx,ACH/USDT:USDT,0.02304,137.0,0.02303,2513.0,0.02305,649.0,0.02306,1269.0
1753591950307,04:52:30.307,okx,ACH/USDT:USDT,0.02304,369.0,0.02303,2513.0,0.02305,544.0,0.02306,1269.0
1753591951207,04:52:31.207,okx,ACH/USDT:USDT,0.02304,804.0,0.02303,2377.0,0.02305,307.0,0.02306,1269.0
1753591952407,04:52:32.407,okx,ACH/USDT:USDT,0.02304,926.0,0.02303,2356.0,0.02305,307.0,0.02306,1269.0
1753591953107,04:52:33.107,okx,ACH/USDT:USDT,0.02304,926.0,0.02303,2356.0,0.02305,307.0,0.02306,1269.0
1753591954207,04:52:34.207,okx,ACH/USDT:USDT,0.02304,926.0,0.02303,2356.0,0.02305,307.0,0.02306,2015.0
1753591954407,04:52:34.407,okx,ACH/USDT:USDT,0.02304,933.0,0.02303,2356.0,0.02305,307.0,0.02306,2015.0
1753591955307,04:52:35.307,okx,ACH/USDT:USDT,0.02304,933.0,0.02303,2356.0,0.02305,307.0,0.02306,2015.0
1753591956307,04:52:36.307,okx,ACH/USDT:USDT,0.02304,933.0,0.02303,2313.0,0.02305,151.0,0.02306,2160.0
1753591957407,04:52:37.407,okx,ACH/USDT:USDT,0.02304,904.0,0.02303,2356.0,0.02305,151.0,0.02306,2160.0
1753591958907,04:52:38.907,okx,ACH/USDT:USDT,0.02304,976.0,0.02303,2651.0,0.02305,2.0,0.02306,1899.0
1753591959807,04:52:39.807,okx,ACH/USDT:USDT,0.02304,1357.0,0.02303,3499.0,0.02305,2.0,0.02306,949.0
1753591960107,04:52:40.107,okx,ACH/USDT:USDT,0.02304,1357.0,0.02303,3456.0,0.02305,2.0,0.02306,949.0
1753591961407,04:52:41.407,okx,ACH/USDT:USDT,0.02304,1281.0,0.02303,3228.0,0.02305,30.0,0.02306,1149.0
1753591962607,04:52:42.607,okx,ACH/USDT:USDT,0.02304,1357.0,0.02303,2636.0,0.02305,137.0,0.02306,1149.0
1753591962907,04:52:42.907,okx,ACH/USDT:USDT,0.02304,1357.0,0.02303,2636.0,0.02305,137.0,0.02306,1149.0
1753591963507,04:52:43.507,okx,ACH/USDT:USDT,0.02304,1357.0,0.02303,2888.0,0.02305,1.0,0.02306,1149.0
1753591963707,04:52:43.707,okx,ACH/USDT:USDT,0.02304,1357.0,0.02303,3099.0,0.02305,1.0,0.02306,1149.0
1753591964107,04:52:44.107,okx,ACH/USDT:USDT,0.02304,1360.0,0.02303,3141.0,0.02305,1.0,0.02306,1149.0
1753591964507,04:52:44.507,okx,ACH/USDT:USDT,0.02304,1360.0,0.02303,3606.0,0.02305,1.0,0.02306,1149.0
1753591968107,04:52:48.107,okx,ACH/USDT:USDT,0.02304,1349.0,0.02303,3797.0,0.02305,1.0,0.02306,949.0
1753591968207,04:52:48.207,okx,ACH/USDT:USDT,0.02304,1349.0,0.02303,3840.0,0.02305,1.0,0.02306,949.0
1753591971607,04:52:51.607,okx,ACH/USDT:USDT,0.02305,744.0,0.02304,2712.0,0.02306,542.0,0.02307,1271.0
1753591972207,04:52:52.207,okx,ACH/USDT:USDT,0.02305,602.0,0.02304,2709.0,0.02306,542.0,0.02307,1389.0
