timestamp,time,symbol,bid1_price,bid1_volume,bid2_price,bid2_volume,ask1_price,ask1_volume,ask2_price,ask2_volume
1753546958000,16:22:38.000,ADA/USDT:USDT,0.8353,405.0,0.8352,1288.0,0.8354,218.0,0.8355,621.0
1753546958354,16:22:38.354,ADA/USDT:USDT,0.8353,405.0,0.8352,1317.0,0.8354,218.0,0.8355,621.0
1753546958497,16:22:38.497,ADA/USDT:USDT,0.8353,102.0,0.8352,1317.0,0.8354,218.0,0.8355,621.0
1753546958645,16:22:38.645,ADA/USDT:USDT,0.8353,102.0,0.8352,1317.0,0.8354,218.0,0.8355,621.0
1753546958709,16:22:38.709,ADA/USDT:USDT,0.8353,102.0,0.8352,1288.0,0.8354,218.0,0.8355,650.0
1753546958843,16:22:38.843,ADA/USDT:USDT,0.8353,102.0,0.8352,1288.0,0.8354,218.0,0.8355,679.0
1753546958929,16:22:38.929,ADA/USDT:USDT,0.8353,102.0,0.8352,1288.0,0.8354,218.0,0.8355,679.0
1753546959013,16:22:39.013,ADA/USDT:USDT,0.8353,102.0,0.8352,1288.0,0.8354,218.0,0.8355,650.0
1753546959222,16:22:39.222,ADA/USDT:USDT,0.8353,102.0,0.8352,1288.0,0.8354,218.0,0.8355,621.0
1753546959302,16:22:39.302,ADA/USDT:USDT,0.8353,102.0,0.8352,1288.0,0.8354,218.0,0.8355,621.0
1753546959590,16:22:39.590,ADA/USDT:USDT,0.8353,102.0,0.8352,1288.0,0.8354,218.0,0.8355,621.0
1753546959713,16:22:39.713,ADA/USDT:USDT,0.8353,102.0,0.8352,1288.0,0.8354,218.0,0.8355,621.0
1753546959814,16:22:39.814,ADA/USDT:USDT,0.8353,102.0,0.8352,1288.0,0.8354,218.0,0.8355,650.0
1753546959881,16:22:39.881,ADA/USDT:USDT,0.8353,102.0,0.8352,1288.0,0.8354,218.0,0.8355,650.0
1753546960048,16:22:40.048,ADA/USDT:USDT,0.8353,160.0,0.8352,1776.0,0.8354,1.0,0.8355,437.0
1753546960148,16:22:40.148,ADA/USDT:USDT,0.8353,102.0,0.8352,1747.0,0.8354,1.0,0.8355,320.0
1753546960245,16:22:40.245,ADA/USDT:USDT,0.8353,102.0,0.8352,1349.0,0.8354,218.0,0.8355,311.0
1753546960342,16:22:40.342,ADA/USDT:USDT,0.8353,102.0,0.8352,1288.0,0.8354,218.0,0.8355,442.0
1753546960406,16:22:40.406,ADA/USDT:USDT,0.8353,62.0,0.8352,1288.0,0.8354,218.0,0.8355,442.0
1753546960615,16:22:40.615,ADA/USDT:USDT,0.8353,62.0,0.8352,1288.0,0.8354,218.0,0.8355,442.0
1753546960743,16:22:40.743,ADA/USDT:USDT,0.8352,212.0,0.8351,1789.0,0.8353,62.0,0.8354,218.0
1753546960833,16:22:40.833,ADA/USDT:USDT,0.8353,62.0,0.8352,832.0,0.8354,63.0,0.8355,632.0
1753546960934,16:22:40.934,ADA/USDT:USDT,0.8353,119.0,0.8352,1195.0,0.8354,63.0,0.8355,464.0
1753546961049,16:22:41.049,ADA/USDT:USDT,0.8353,148.0,0.8352,1555.0,0.8354,1.0,0.8355,217.0
1753546961119,16:22:41.119,ADA/USDT:USDT,0.8353,713.0,0.8352,1578.0,0.8354,1.0,0.8356,277.0
1753546961193,16:22:41.193,ADA/USDT:USDT,0.8353,713.0,0.8352,1656.0,0.8354,1.0,0.8356,277.0
1753546961334,16:22:41.334,ADA/USDT:USDT,0.8353,683.0,0.8352,1656.0,0.8354,1.0,0.8356,277.0
1753546961408,16:22:41.408,ADA/USDT:USDT,0.8353,683.0,0.8352,1656.0,0.8354,1.0,0.8356,277.0
1753546961457,16:22:41.457,ADA/USDT:USDT,0.8353,683.0,0.8352,1656.0,0.8354,1.0,0.8356,277.0
1753546961647,16:22:41.647,ADA/USDT:USDT,0.8353,683.0,0.8352,1665.0,0.8354,1.0,0.8356,277.0
1753546961739,16:22:41.739,ADA/USDT:USDT,0.8353,684.0,0.8352,1656.0,0.8354,1.0,0.8356,277.0
1753546961849,16:22:41.849,ADA/USDT:USDT,0.8353,1515.0,0.8352,1656.0,0.8354,1.0,0.8356,277.0
1753546961937,16:22:41.937,ADA/USDT:USDT,0.8353,1910.0,0.8352,1473.0,0.8354,1.0,0.8356,277.0
1753546962010,16:22:42.010,ADA/USDT:USDT,0.8353,1910.0,0.8352,1473.0,0.8354,1.0,0.8356,277.0
1753546962238,16:22:42.238,ADA/USDT:USDT,0.8353,1910.0,0.8352,1473.0,0.8354,1.0,0.8356,277.0
1753546962446,16:22:42.446,ADA/USDT:USDT,0.8355,52.0,0.8354,1153.0,0.8356,217.0,0.8357,2937.0
1753546962539,16:22:42.539,ADA/USDT:USDT,0.8355,52.0,0.8354,1153.0,0.8356,217.0,0.8357,487.0
1753546962628,16:22:42.628,ADA/USDT:USDT,0.8355,52.0,0.8354,1153.0,0.8356,217.0,0.8357,487.0
1753546962720,16:22:42.720,ADA/USDT:USDT,0.8355,52.0,0.8354,1153.0,0.8356,217.0,0.8357,487.0
1753546962818,16:22:42.818,ADA/USDT:USDT,0.8355,52.0,0.8354,1042.0,0.8356,217.0,0.8357,487.0
1753546962938,16:22:42.938,ADA/USDT:USDT,0.8355,52.0,0.8354,1071.0,0.8356,217.0,0.8357,458.0
1753546962953,16:22:42.953,ADA/USDT:USDT,0.8355,52.0,0.8354,1042.0,0.8356,217.0,0.8357,458.0
1753546963111,16:22:43.111,ADA/USDT:USDT,0.8355,52.0,0.8354,1042.0,0.8356,217.0,0.8357,458.0
1753546963235,16:22:43.235,ADA/USDT:USDT,0.8355,52.0,0.8354,1225.0,0.8356,217.0,0.8357,458.0
1753546963338,16:22:43.338,ADA/USDT:USDT,0.8355,52.0,0.8354,1225.0,0.8356,217.0,0.8357,516.0
1753546963449,16:22:43.449,ADA/USDT:USDT,0.8355,52.0,0.8354,1225.0,0.8356,217.0,0.8357,516.0
1753546963490,16:22:43.490,ADA/USDT:USDT,0.8355,52.0,0.8354,1225.0,0.8356,217.0,0.8357,516.0
1753546963629,16:22:43.629,ADA/USDT:USDT,0.8355,52.0,0.8354,1225.0,0.8356,217.0,0.8357,516.0
1753546963739,16:22:43.739,ADA/USDT:USDT,0.8355,114.0,0.8354,1554.0,0.8356,62.0,0.8357,613.0
1753546963849,16:22:43.849,ADA/USDT:USDT,0.8356,114.0,0.8355,1288.0,0.8357,217.0,0.8358,982.0
1753546963940,16:22:43.940,ADA/USDT:USDT,0.8356,114.0,0.8355,1086.0,0.8357,62.0,0.8358,922.0
1753546964049,16:22:44.049,ADA/USDT:USDT,0.8356,114.0,0.8355,2127.0,0.8357,62.0,0.8358,217.0
1753546964119,16:22:44.119,ADA/USDT:USDT,0.8356,114.0,0.8355,2009.0,0.8357,62.0,0.8358,320.0
1753546964333,16:22:44.333,ADA/USDT:USDT,0.8356,114.0,0.8355,2009.0,0.8357,62.0,0.8358,320.0
1753546964449,16:22:44.449,ADA/USDT:USDT,0.8356,143.0,0.8355,2009.0,0.8357,62.0,0.8358,217.0
1753546964481,16:22:44.481,ADA/USDT:USDT,0.8356,143.0,0.8355,2009.0,0.8357,62.0,0.8358,369.0
1753546964597,16:22:44.597,ADA/USDT:USDT,0.8356,143.0,0.8355,2009.0,0.8357,62.0,0.8358,369.0
1753546964750,16:22:44.750,ADA/USDT:USDT,0.8356,114.0,0.8355,1946.0,0.8357,62.0,0.8358,369.0
1753546964753,16:22:44.753,ADA/USDT:USDT,0.8356,114.0,0.8355,1946.0,0.8357,62.0,0.8358,369.0
1753546965082,16:22:45.082,ADA/USDT:USDT,0.8356,114.0,0.8355,2016.0,0.8357,62.0,0.8358,320.0
1753546965237,16:22:45.237,ADA/USDT:USDT,0.8357,224.0,0.8356,1045.0,0.8358,62.0,0.8359,731.0
1753546965345,16:22:45.345,ADA/USDT:USDT,0.8357,62.0,0.8356,1074.0,0.8358,62.0,0.8359,594.0
1753546965442,16:22:45.442,ADA/USDT:USDT,0.8357,62.0,0.8356,1039.0,0.8358,217.0,0.8359,652.0
1753546965538,16:22:45.538,ADA/USDT:USDT,0.8357,62.0,0.8356,1039.0,0.8358,217.0,0.8359,652.0
1753546965641,16:22:45.641,ADA/USDT:USDT,0.8357,62.0,0.8356,1039.0,0.8358,217.0,0.8359,652.0
1753546965849,16:22:45.849,ADA/USDT:USDT,0.8357,62.0,0.8356,1097.0,0.8358,62.0,0.8359,594.0
1753546965943,16:22:45.943,ADA/USDT:USDT,0.8357,62.0,0.8356,1158.0,0.8358,62.0,0.8359,594.0
1753546966045,16:22:46.045,ADA/USDT:USDT,0.8357,62.0,0.8356,1158.0,0.8358,62.0,0.8359,594.0
1753546966228,16:22:46.228,ADA/USDT:USDT,0.8357,62.0,0.8356,1100.0,0.8358,62.0,0.8359,623.0
1753546966333,16:22:46.333,ADA/USDT:USDT,0.8357,62.0,0.8356,1039.0,0.8358,217.0,0.8359,652.0
1753546966498,16:22:46.498,ADA/USDT:USDT,0.8357,62.0,0.8356,1039.0,0.8358,217.0,0.8359,652.0
1753546966649,16:22:46.649,ADA/USDT:USDT,0.8357,148.0,0.8356,1278.0,0.8358,62.0,0.8359,594.0
1753546966674,16:22:46.674,ADA/USDT:USDT,0.8357,119.0,0.8356,1278.0,0.8358,62.0,0.8359,488.0
1753546966936,16:22:46.936,ADA/USDT:USDT,0.8357,62.0,0.8356,1278.0,0.8358,62.0,0.8359,488.0
1753546967156,16:22:47.156,ADA/USDT:USDT,0.8357,62.0,0.8356,1513.0,0.8358,62.0,0.8359,488.0
1753546967330,16:22:47.330,ADA/USDT:USDT,0.8357,62.0,0.8356,1278.0,0.8358,62.0,0.8359,488.0
1753546967446,16:22:47.446,ADA/USDT:USDT,0.8357,62.0,0.8356,1249.0,0.8358,217.0,0.8359,488.0
1753546967507,16:22:47.507,ADA/USDT:USDT,0.8357,62.0,0.8356,1159.0,0.8358,217.0,0.8359,517.0
1753546967637,16:22:47.637,ADA/USDT:USDT,0.8356,581.0,0.8355,2171.0,0.8358,300.0,0.8359,517.0
1753546967693,16:22:47.693,ADA/USDT:USDT,0.8356,746.0,0.8355,2658.0,0.8358,346.0,0.8359,734.0
1753546967827,16:22:47.827,ADA/USDT:USDT,0.8356,804.0,0.8355,2658.0,0.8358,346.0,0.8359,734.0
1753546967908,16:22:47.908,ADA/USDT:USDT,0.8356,775.0,0.8355,2658.0,0.8358,346.0,0.8359,734.0
1753546968023,16:22:48.023,ADA/USDT:USDT,0.8356,775.0,0.8355,2658.0,0.8358,346.0,0.8359,734.0
1753546968148,16:22:48.148,ADA/USDT:USDT,0.8356,88.0,0.8355,1990.0,0.8357,62.0,0.8358,486.0
1753546968237,16:22:48.237,ADA/USDT:USDT,0.8357,52.0,0.8356,1036.0,0.8358,217.0,0.8359,218.0
1753546968335,16:22:48.335,ADA/USDT:USDT,0.8357,52.0,0.8356,1491.0,0.8358,217.0,0.8359,540.0
1753546968393,16:22:48.393,ADA/USDT:USDT,0.8357,52.0,0.8356,1491.0,0.8358,217.0,0.8359,540.0
1753546968468,16:22:48.468,ADA/USDT:USDT,0.8357,52.0,0.8356,1491.0,0.8358,217.0,0.8359,569.0
1753546968740,16:22:48.740,ADA/USDT:USDT,0.8357,52.0,0.8356,1549.0,0.8358,217.0,0.8359,540.0
1753546968847,16:22:48.847,ADA/USDT:USDT,0.8358,114.0,0.8357,875.0,0.8359,218.0,0.836,766.0
1753546968941,16:22:48.941,ADA/USDT:USDT,0.8358,114.0,0.8357,918.0,0.8359,218.0,0.836,795.0
1753546969042,16:22:49.042,ADA/USDT:USDT,0.8358,114.0,0.8357,918.0,0.8359,218.0,0.836,824.0
1753546969142,16:22:49.142,ADA/USDT:USDT,0.8358,52.0,0.8357,918.0,0.8359,218.0,0.836,824.0
1753546969249,16:22:49.249,ADA/USDT:USDT,0.8358,114.0,0.8357,827.0,0.8359,63.0,0.836,766.0
1753546969333,16:22:49.333,ADA/USDT:USDT,0.8358,114.0,0.8357,1087.0,0.8359,63.0,0.836,538.0
1753546969434,16:22:49.434,ADA/USDT:USDT,0.8358,114.0,0.8357,1087.0,0.8359,63.0,0.836,538.0
1753546969548,16:22:49.548,ADA/USDT:USDT,0.8358,172.0,0.8357,1303.0,0.8359,1.0,0.836,345.0
1753546969636,16:22:49.636,ADA/USDT:USDT,0.8358,280.0,0.8357,2036.0,0.8359,1.0,0.836,64.0
1753546969738,16:22:49.738,ADA/USDT:USDT,0.8358,309.0,0.8357,2036.0,0.8359,1.0,0.836,64.0
1753546969816,16:22:49.816,ADA/USDT:USDT,0.8358,280.0,0.8357,2036.0,0.8359,1.0,0.836,64.0
1753546969933,16:22:49.933,ADA/USDT:USDT,0.8358,251.0,0.8357,1978.0,0.8359,1.0,0.836,503.0
1753546970042,16:22:50.042,ADA/USDT:USDT,0.8358,52.0,0.8357,1828.0,0.8359,329.0,0.836,277.0
1753546970113,16:22:50.113,ADA/USDT:USDT,0.8357,1438.0,0.8356,1861.0,0.8359,329.0,0.836,300.0
1753546970236,16:22:50.236,ADA/USDT:USDT,0.8357,328.0,0.8356,769.0,0.8358,367.0,0.8359,711.0
1753546970325,16:22:50.325,ADA/USDT:USDT,0.8357,328.0,0.8356,1811.0,0.8358,217.0,0.8359,503.0
1753546970432,16:22:50.432,ADA/USDT:USDT,0.8357,328.0,0.8356,1811.0,0.8358,217.0,0.8359,503.0
1753546970516,16:22:50.516,ADA/USDT:USDT,0.8357,328.0,0.8356,1931.0,0.8358,217.0,0.8359,503.0
1753546970638,16:22:50.638,ADA/USDT:USDT,0.8357,357.0,0.8356,2070.0,0.8358,62.0,0.8359,569.0
1753546970726,16:22:50.726,ADA/USDT:USDT,0.8357,328.0,0.8356,2070.0,0.8358,62.0,0.8359,569.0
1753546970827,16:22:50.827,ADA/USDT:USDT,0.8357,328.0,0.8356,2070.0,0.8358,62.0,0.8359,569.0
1753546970935,16:22:50.935,ADA/USDT:USDT,0.8357,328.0,0.8356,2070.0,0.8358,62.0,0.8359,569.0
1753546971016,16:22:51.016,ADA/USDT:USDT,0.8357,328.0,0.8356,2070.0,0.8358,62.0,0.8359,507.0
1753546971121,16:22:51.121,ADA/USDT:USDT,0.8357,328.0,0.8356,2070.0,0.8358,62.0,0.8359,507.0
1753546971245,16:22:51.245,ADA/USDT:USDT,0.8357,328.0,0.8356,2070.0,0.8358,62.0,0.8359,507.0
1753546971327,16:22:51.327,ADA/USDT:USDT,0.8357,328.0,0.8356,2070.0,0.8358,62.0,0.8359,507.0
1753546971393,16:22:51.393,ADA/USDT:USDT,0.8357,328.0,0.8356,2070.0,0.8358,62.0,0.8359,507.0
1753546971535,16:22:51.535,ADA/USDT:USDT,0.8357,88.0,0.8356,2070.0,0.8358,62.0,0.8359,507.0
1753546971738,16:22:51.738,ADA/USDT:USDT,0.8357,88.0,0.8356,2070.0,0.8358,62.0,0.8359,507.0
1753546971787,16:22:51.787,ADA/USDT:USDT,0.8357,88.0,0.8356,2070.0,0.8358,62.0,0.8359,507.0
1753546971851,16:22:51.851,ADA/USDT:USDT,0.8357,88.0,0.8356,2070.0,0.8358,62.0,0.8359,507.0
1753546972005,16:22:52.005,ADA/USDT:USDT,0.8357,88.0,0.8356,2070.0,0.8358,62.0,0.8359,507.0
1753546972136,16:22:52.136,ADA/USDT:USDT,0.8357,88.0,0.8356,2257.0,0.8358,62.0,0.8359,685.0
1753546972229,16:22:52.229,ADA/USDT:USDT,0.8357,88.0,0.8356,2257.0,0.8358,62.0,0.8359,685.0
1753546972322,16:22:52.322,ADA/USDT:USDT,0.8357,88.0,0.8356,2257.0,0.8358,62.0,0.8359,685.0
1753546972445,16:22:52.445,ADA/USDT:USDT,0.8358,114.0,0.8357,1248.0,0.8359,218.0,0.836,998.0
1753546972540,16:22:52.540,ADA/USDT:USDT,0.8358,143.0,0.8357,1492.0,0.8359,63.0,0.836,271.0
1753546972583,16:22:52.583,ADA/USDT:USDT,0.8358,114.0,0.8357,1492.0,0.8359,63.0,0.836,271.0
1753546972740,16:22:52.740,ADA/USDT:USDT,0.8358,88.0,0.8357,1065.0,0.8359,218.0,0.836,271.0
1753546972837,16:22:52.837,ADA/USDT:USDT,0.8358,88.0,0.8357,1065.0,0.8359,218.0,0.836,271.0
1753546972934,16:22:52.934,ADA/USDT:USDT,0.8358,88.0,0.8357,1065.0,0.8359,218.0,0.836,271.0
1753546972987,16:22:52.987,ADA/USDT:USDT,0.8358,88.0,0.8357,1065.0,0.8359,218.0,0.836,271.0
1753546973143,16:22:53.143,ADA/USDT:USDT,0.8358,88.0,0.8357,1007.0,0.8359,218.0,0.836,271.0
1753546973193,16:22:53.193,ADA/USDT:USDT,0.8358,88.0,0.8357,1007.0,0.8359,218.0,0.836,351.0
1753546973343,16:22:53.343,ADA/USDT:USDT,0.8358,88.0,0.8357,1065.0,0.8359,63.0,0.836,322.0
1753546973398,16:22:53.398,ADA/USDT:USDT,0.8358,88.0,0.8357,1065.0,0.8359,63.0,0.836,322.0
1753546973498,16:22:53.498,ADA/USDT:USDT,0.8358,88.0,0.8357,1126.0,0.8359,63.0,0.836,322.0
1753546973599,16:22:53.599,ADA/USDT:USDT,0.8358,117.0,0.8357,1126.0,0.8359,63.0,0.836,322.0
1753546973747,16:22:53.747,ADA/USDT:USDT,0.8358,117.0,0.8357,1126.0,0.8359,63.0,0.836,322.0
1753546973796,16:22:53.796,ADA/USDT:USDT,0.8358,117.0,0.8357,1126.0,0.8359,63.0,0.836,322.0
1753546973907,16:22:53.907,ADA/USDT:USDT,0.8358,88.0,0.8357,1126.0,0.8359,63.0,0.836,322.0
1753546974044,16:22:54.044,ADA/USDT:USDT,0.8358,117.0,0.8357,1126.0,0.8359,63.0,0.836,322.0
1753546974128,16:22:54.128,ADA/USDT:USDT,0.8358,88.0,0.8357,1126.0,0.8359,63.0,0.836,322.0
1753546974247,16:22:54.247,ADA/USDT:USDT,0.836,147.0,0.8359,1295.0,0.8361,217.0,0.8362,293.0
1753546974343,16:22:54.343,ADA/USDT:USDT,0.836,121.0,0.8359,1295.0,0.8361,217.0,0.8362,348.0
1753546974439,16:22:54.439,ADA/USDT:USDT,0.836,121.0,0.8359,1444.0,0.8361,62.0,0.8362,348.0
1753546974541,16:22:54.541,ADA/USDT:USDT,0.836,121.0,0.8359,1444.0,0.8361,62.0,0.8362,348.0
1753546974628,16:22:54.628,ADA/USDT:USDT,0.836,121.0,0.8359,1444.0,0.8361,62.0,0.8362,348.0
1753546974728,16:22:54.728,ADA/USDT:USDT,0.836,121.0,0.8359,1444.0,0.8361,62.0,0.8362,348.0
1753546974847,16:22:54.847,ADA/USDT:USDT,0.836,132.0,0.8359,1444.0,0.8361,62.0,0.8362,348.0
1753546974916,16:22:54.916,ADA/USDT:USDT,0.836,132.0,0.8359,1444.0,0.8361,62.0,0.8362,348.0
1753546975005,16:22:55.005,ADA/USDT:USDT,0.836,132.0,0.8359,1444.0,0.8361,62.0,0.8362,348.0
1753546975127,16:22:55.127,ADA/USDT:USDT,0.836,132.0,0.8359,1444.0,0.8361,62.0,0.8362,348.0
1753546975239,16:22:55.239,ADA/USDT:USDT,0.836,132.0,0.8359,1444.0,0.8361,62.0,0.8362,348.0
1753546975321,16:22:55.321,ADA/USDT:USDT,0.836,376.0,0.8359,1444.0,0.8361,62.0,0.8362,348.0
1753546975409,16:22:55.409,ADA/USDT:USDT,0.836,376.0,0.8359,1444.0,0.8361,62.0,0.8362,348.0
1753546975506,16:22:55.506,ADA/USDT:USDT,0.836,376.0,0.8359,1444.0,0.8361,62.0,0.8362,348.0
1753546975640,16:22:55.640,ADA/USDT:USDT,0.836,376.0,0.8359,1444.0,0.8361,62.0,0.8362,348.0
1753546975948,16:22:55.948,ADA/USDT:USDT,0.8361,18.0,0.836,938.0,0.8362,326.0,0.8363,724.0
1753546975973,16:22:55.973,ADA/USDT:USDT,0.8361,18.0,0.836,938.0,0.8362,326.0,0.8363,724.0
1753546976117,16:22:56.117,ADA/USDT:USDT,0.8361,18.0,0.836,938.0,0.8362,326.0,0.8363,724.0
1753546976195,16:22:56.195,ADA/USDT:USDT,0.8361,18.0,0.836,938.0,0.8362,326.0,0.8363,724.0
1753546976320,16:22:56.320,ADA/USDT:USDT,0.8361,44.0,0.836,938.0,0.8362,326.0,0.8363,724.0
1753546976386,16:22:56.386,ADA/USDT:USDT,0.8361,44.0,0.836,938.0,0.8362,326.0,0.8363,724.0
1753546976519,16:22:56.519,ADA/USDT:USDT,0.8361,44.0,0.836,938.0,0.8362,326.0,0.8363,724.0
1753546976583,16:22:56.583,ADA/USDT:USDT,0.836,371.0,0.8359,2057.0,0.8362,429.0,0.8363,724.0
1753546976720,16:22:56.720,ADA/USDT:USDT,0.836,343.0,0.8359,2057.0,0.8362,429.0,0.8363,753.0
1753546976820,16:22:56.820,ADA/USDT:USDT,0.836,343.0,0.8359,2057.0,0.8362,429.0,0.8363,753.0
1753546976924,16:22:56.924,ADA/USDT:USDT,0.836,343.0,0.8359,2057.0,0.8362,429.0,0.8363,753.0
1753546977049,16:22:57.049,ADA/USDT:USDT,0.836,761.0,0.8359,1382.0,0.8362,429.0,0.8363,724.0
1753546977147,16:22:57.147,ADA/USDT:USDT,0.836,761.0,0.8359,1382.0,0.8362,429.0,0.8363,724.0
1753546977249,16:22:57.249,ADA/USDT:USDT,0.8361,62.0,0.836,1418.0,0.8362,171.0,0.8363,574.0
1753546977350,16:22:57.350,ADA/USDT:USDT,0.8361,62.0,0.836,1421.0,0.8362,62.0,0.8363,574.0
1753546977446,16:22:57.446,ADA/USDT:USDT,0.8361,62.0,0.836,1421.0,0.8362,62.0,0.8363,574.0
1753546977547,16:22:57.547,ADA/USDT:USDT,0.8361,62.0,0.836,1389.0,0.8362,217.0,0.8363,603.0
1753546977583,16:22:57.583,ADA/USDT:USDT,0.8361,62.0,0.836,1389.0,0.8362,217.0,0.8363,603.0
1753546977739,16:22:57.739,ADA/USDT:USDT,0.8361,62.0,0.836,1389.0,0.8362,217.0,0.8363,603.0
1753546977810,16:22:57.810,ADA/USDT:USDT,0.8361,62.0,0.836,1418.0,0.8362,217.0,0.8363,574.0
1753546977939,16:22:57.939,ADA/USDT:USDT,0.8361,62.0,0.836,1418.0,0.8362,217.0,0.8363,545.0
1753546977981,16:22:57.981,ADA/USDT:USDT,0.8361,62.0,0.836,1301.0,0.8362,217.0,0.8363,574.0
1753546978135,16:22:58.135,ADA/USDT:USDT,0.8361,62.0,0.836,1301.0,0.8362,217.0,0.8363,603.0
1753546978239,16:22:58.239,ADA/USDT:USDT,0.8361,62.0,0.836,1301.0,0.8362,217.0,0.8363,574.0
1753546978348,16:22:58.348,ADA/USDT:USDT,0.8361,62.0,0.836,1301.0,0.8362,217.0,0.8363,603.0
1753546978444,16:22:58.444,ADA/USDT:USDT,0.8361,62.0,0.836,1146.0,0.8362,217.0,0.8363,574.0
1753546978521,16:22:58.521,ADA/USDT:USDT,0.8361,62.0,0.836,1146.0,0.8362,217.0,0.8363,603.0
1753546978625,16:22:58.625,ADA/USDT:USDT,0.8361,62.0,0.836,1146.0,0.8362,217.0,0.8363,603.0
1753546978734,16:22:58.734,ADA/USDT:USDT,0.8361,62.0,0.836,1146.0,0.8362,217.0,0.8363,574.0
1753546978817,16:22:58.817,ADA/USDT:USDT,0.8361,62.0,0.836,1146.0,0.8362,217.0,0.8363,603.0
1753546978897,16:22:58.897,ADA/USDT:USDT,0.8361,62.0,0.836,1146.0,0.8362,217.0,0.8363,603.0
1753546979249,16:22:59.249,ADA/USDT:USDT,0.8361,62.0,0.836,1146.0,0.8362,217.0,0.8363,603.0
1753546979310,16:22:59.310,ADA/USDT:USDT,0.8361,62.0,0.836,1146.0,0.8362,217.0,0.8363,603.0
1753546979444,16:22:59.444,ADA/USDT:USDT,0.8361,62.0,0.836,1146.0,0.8362,217.0,0.8363,603.0
1753546979494,16:22:59.494,ADA/USDT:USDT,0.8361,62.0,0.836,1146.0,0.8362,217.0,0.8363,603.0
1753546979622,16:22:59.622,ADA/USDT:USDT,0.8361,62.0,0.836,1146.0,0.8362,217.0,0.8363,603.0
1753546979713,16:22:59.713,ADA/USDT:USDT,0.8361,62.0,0.836,1175.0,0.8362,217.0,0.8363,574.0
1753546979822,16:22:59.822,ADA/USDT:USDT,0.8361,62.0,0.836,1175.0,0.8362,217.0,0.8363,545.0
1753546979920,16:22:59.920,ADA/USDT:USDT,0.8361,62.0,0.836,1175.0,0.8362,217.0,0.8363,574.0
1753546980019,16:23:00.019,ADA/USDT:USDT,0.8361,62.0,0.836,1204.0,0.8362,217.0,0.8363,545.0
1753546980146,16:23:00.146,ADA/USDT:USDT,0.836,489.0,0.8359,1164.0,0.8362,300.0,0.8363,603.0
1753546980236,16:23:00.236,ADA/USDT:USDT,0.836,62.0,0.8359,1647.0,0.8361,326.0,0.8362,300.0
1753546980342,16:23:00.342,ADA/USDT:USDT,0.836,62.0,0.8359,1647.0,0.8361,326.0,0.8362,329.0
1753546980418,16:23:00.418,ADA/USDT:USDT,0.836,62.0,0.8359,1647.0,0.8361,326.0,0.8362,329.0
1753546980540,16:23:00.540,ADA/USDT:USDT,0.836,62.0,0.8359,1647.0,0.8361,326.0,0.8362,329.0
1753546980643,16:23:00.643,ADA/USDT:USDT,0.836,62.0,0.8359,1618.0,0.8361,326.0,0.8362,329.0
1753546980745,16:23:00.745,ADA/USDT:USDT,0.836,62.0,0.8359,1647.0,0.8361,326.0,0.8362,329.0
1753546980844,16:23:00.844,ADA/USDT:USDT,0.8359,62.0,0.8358,2094.0,0.8361,698.0,0.8362,1147.0
1753546980941,16:23:00.941,ADA/USDT:USDT,0.8359,298.0,0.8358,2094.0,0.8361,640.0,0.8362,666.0
1753546981049,16:23:01.049,ADA/USDT:USDT,0.836,62.0,0.8359,1303.0,0.8361,217.0,0.8362,724.0
1753546981133,16:23:01.133,ADA/USDT:USDT,0.8359,594.0,0.8358,1234.0,0.8361,409.0,0.8362,844.0
1753546981241,16:23:01.241,ADA/USDT:USDT,0.836,62.0,0.8359,923.0,0.8361,217.0,0.8362,902.0
1753546981330,16:23:01.330,ADA/USDT:USDT,0.836,62.0,0.8359,1185.0,0.8361,62.0,0.8362,844.0
1753546981408,16:23:01.408,ADA/USDT:USDT,0.836,62.0,0.8359,1127.0,0.8361,217.0,0.8362,902.0
1753546981547,16:23:01.547,ADA/USDT:USDT,0.8359,217.0,0.8358,1387.0,0.8361,492.0,0.8362,873.0
1753546981621,16:23:01.621,ADA/USDT:USDT,0.8359,217.0,0.8358,1387.0,0.8361,492.0,0.8362,873.0
1753546981733,16:23:01.733,ADA/USDT:USDT,0.8359,62.0,0.8358,1562.0,0.836,62.0,0.8361,492.0
1753546981777,16:23:01.777,ADA/USDT:USDT,0.8359,62.0,0.8358,1591.0,0.836,62.0,0.8361,463.0
1753546981943,16:23:01.943,ADA/USDT:USDT,0.8359,62.0,0.8358,892.0,0.836,217.0,0.8361,521.0
1753546982049,16:23:02.049,ADA/USDT:USDT,0.8356,797.0,0.8355,360.0,0.8358,57.0,0.8359,295.0
1753546982148,16:23:02.148,ADA/USDT:USDT,0.8355,155.0,0.8354,683.0,0.8356,39.0,0.8357,460.0
1753546982246,16:23:02.246,ADA/USDT:USDT,0.8355,155.0,0.8354,397.0,0.8356,99.0,0.8357,567.0
1753546982348,16:23:02.348,ADA/USDT:USDT,0.8355,155.0,0.8354,484.0,0.8356,99.0,0.8357,324.0
1753546982447,16:23:02.447,ADA/USDT:USDT,0.8355,155.0,0.8354,953.0,0.8356,45.0,0.8357,267.0
1753546982543,16:23:02.543,ADA/USDT:USDT,0.8355,155.0,0.8354,1141.0,0.8356,45.0,0.8357,210.0
1753546982637,16:23:02.637,ADA/USDT:USDT,0.8355,155.0,0.8354,1444.0,0.8356,45.0,0.8357,210.0
1753546982735,16:23:02.735,ADA/USDT:USDT,0.8355,155.0,0.8354,1444.0,0.8356,45.0,0.8357,171.0
1753546982846,16:23:02.846,ADA/USDT:USDT,0.8357,62.0,0.8356,521.0,0.8358,368.0,0.8359,2037.0
1753546982947,16:23:02.947,ADA/USDT:USDT,0.8357,217.0,0.8356,1030.0,0.8358,62.0,0.8359,1466.0
1753546983048,16:23:03.048,ADA/USDT:USDT,0.8358,62.0,0.8357,526.0,0.8359,1206.0,0.836,1147.0
1753546983133,16:23:03.133,ADA/USDT:USDT,0.8358,62.0,0.8357,526.0,0.8359,1206.0,0.836,489.0
1753546983243,16:23:03.243,ADA/USDT:USDT,0.8358,62.0,0.8357,520.0,0.8359,346.0,0.836,791.0
1753546983313,16:23:03.313,ADA/USDT:USDT,0.8358,62.0,0.8357,520.0,0.8359,326.0,0.836,1112.0
1753546983411,16:23:03.411,ADA/USDT:USDT,0.8358,62.0,0.8357,520.0,0.8359,326.0,0.836,1112.0
1753546983549,16:23:03.549,ADA/USDT:USDT,0.8357,62.0,0.8356,932.0,0.8358,326.0,0.8359,712.0
1753546983633,16:23:03.633,ADA/USDT:USDT,0.8356,62.0,0.8355,1244.0,0.8357,62.0,0.8358,576.0
1753546983699,16:23:03.699,ADA/USDT:USDT,0.8356,62.0,0.8355,1244.0,0.8357,217.0,0.8358,576.0
1753546983759,16:23:03.759,ADA/USDT:USDT,0.8356,62.0,0.8355,1176.0,0.8357,217.0,0.8358,576.0
1753546983949,16:23:03.949,ADA/USDT:USDT,0.8355,62.0,0.8354,1222.0,0.8356,217.0,0.8357,390.0
1753546984033,16:23:04.033,ADA/USDT:USDT,0.8355,62.0,0.8354,300.0,0.8356,217.0,0.8357,790.0
1753546984112,16:23:04.112,ADA/USDT:USDT,0.8355,62.0,0.8354,63.0,0.8356,217.0,0.8357,790.0
1753546984241,16:23:04.241,ADA/USDT:USDT,0.8355,62.0,0.8354,366.0,0.8356,217.0,0.8357,1039.0
1753546984302,16:23:04.302,ADA/USDT:USDT,0.8355,62.0,0.8354,366.0,0.8356,217.0,0.8357,1039.0
1753546984436,16:23:04.436,ADA/USDT:USDT,0.8355,217.0,0.8354,924.0,0.8357,1099.0,0.8358,1871.0
1753546984521,16:23:04.521,ADA/USDT:USDT,0.8356,26.0,0.8355,525.0,0.8357,367.0,0.8358,1567.0
1753546984644,16:23:04.644,ADA/USDT:USDT,0.8356,88.0,0.8355,525.0,0.8357,62.0,0.8358,1567.0
1753546984732,16:23:04.732,ADA/USDT:USDT,0.8356,243.0,0.8355,628.0,0.8357,62.0,0.8358,1567.0
1753546984831,16:23:04.831,ADA/USDT:USDT,0.8356,243.0,0.8355,994.0,0.8357,62.0,0.8358,1567.0
1753546984947,16:23:04.947,ADA/USDT:USDT,0.8356,243.0,0.8355,994.0,0.8357,62.0,0.8358,1567.0
1753546985049,16:23:05.049,ADA/USDT:USDT,0.8356,243.0,0.8355,994.0,0.8357,62.0,0.8358,1869.0
1753546985112,16:23:05.112,ADA/USDT:USDT,0.8356,243.0,0.8355,1192.0,0.8357,62.0,0.8358,1840.0
1753546985196,16:23:05.196,ADA/USDT:USDT,0.8356,243.0,0.8355,1192.0,0.8357,62.0,0.8358,1840.0
1753546985340,16:23:05.340,ADA/USDT:USDT,0.8356,88.0,0.8355,1192.0,0.8357,62.0,0.8358,1829.0
1753546985432,16:23:05.432,ADA/USDT:USDT,0.8356,88.0,0.8355,1192.0,0.8357,217.0,0.8358,1858.0
1753546985541,16:23:05.541,ADA/USDT:USDT,0.8356,88.0,0.8355,1108.0,0.8357,217.0,0.8358,1918.0
1753546985643,16:23:05.643,ADA/USDT:USDT,0.8356,88.0,0.8355,1079.0,0.8357,217.0,0.8358,1918.0
1753546985747,16:23:05.747,ADA/USDT:USDT,0.8356,88.0,0.8355,1327.0,0.8357,217.0,0.8358,1918.0
1753546985846,16:23:05.846,ADA/USDT:USDT,0.8356,88.0,0.8355,961.0,0.8357,217.0,0.8358,1918.0
1753546985939,16:23:05.939,ADA/USDT:USDT,0.8356,88.0,0.8355,961.0,0.8357,217.0,0.8358,1918.0
1753546986039,16:23:06.039,ADA/USDT:USDT,0.8356,88.0,0.8355,961.0,0.8357,62.0,0.8358,1918.0
1753546986148,16:23:06.148,ADA/USDT:USDT,0.8357,171.0,0.8356,317.0,0.8358,1026.0,0.8359,801.0
1753546986243,16:23:06.243,ADA/USDT:USDT,0.8357,377.0,0.8356,1194.0,0.8358,861.0,0.8359,669.0
1753546986333,16:23:06.333,ADA/USDT:USDT,0.8358,88.0,0.8357,982.0,0.8359,62.0,0.836,371.0
1753546986433,16:23:06.433,ADA/USDT:USDT,0.8358,243.0,0.8357,1319.0,0.836,598.0,0.8361,1758.0
1753546986493,16:23:06.493,ADA/USDT:USDT,0.8358,346.0,0.8357,1319.0,0.836,598.0,0.8361,1758.0
1753546986634,16:23:06.634,ADA/USDT:USDT,0.8359,62.0,0.8358,737.0,0.836,62.0,0.8361,1210.0
1753546986746,16:23:06.746,ADA/USDT:USDT,0.836,26.0,0.8359,520.0,0.8361,1270.0,0.8362,474.0
1753546986841,16:23:06.841,ADA/USDT:USDT,0.836,93.0,0.8359,594.0,0.8361,1181.0,0.8362,420.0
1753546986944,16:23:06.944,ADA/USDT:USDT,0.836,93.0,0.8359,766.0,0.8361,62.0,0.8362,449.0
1753546987049,16:23:07.049,ADA/USDT:USDT,0.836,88.0,0.8359,795.0,0.8361,62.0,0.8362,723.0
1753546987149,16:23:07.149,ADA/USDT:USDT,0.836,62.0,0.8359,766.0,0.8361,217.0,0.8362,1054.0
1753546987238,16:23:07.238,ADA/USDT:USDT,0.836,62.0,0.8359,766.0,0.8361,217.0,0.8362,1054.0
1753546987297,16:23:07.297,ADA/USDT:USDT,0.836,62.0,0.8359,520.0,0.8361,217.0,0.8362,1054.0
1753546987408,16:23:07.408,ADA/USDT:USDT,0.836,62.0,0.8359,520.0,0.8361,62.0,0.8362,1054.0
1753546987537,16:23:07.537,ADA/USDT:USDT,0.836,62.0,0.8359,520.0,0.8361,62.0,0.8362,1054.0
1753546987644,16:23:07.644,ADA/USDT:USDT,0.8361,88.0,0.836,670.0,0.8362,122.0,0.8363,1623.0
1753546987737,16:23:07.737,ADA/USDT:USDT,0.8361,88.0,0.836,670.0,0.8362,122.0,0.8363,1406.0
1753546987837,16:23:07.837,ADA/USDT:USDT,0.8361,88.0,0.836,773.0,0.8362,122.0,0.8363,1406.0
1753546987915,16:23:07.915,ADA/USDT:USDT,0.8361,88.0,0.836,773.0,0.8362,122.0,0.8363,1406.0
1753546988008,16:23:08.008,ADA/USDT:USDT,0.8361,88.0,0.836,773.0,0.8362,122.0,0.8363,1708.0
1753546988144,16:23:08.144,ADA/USDT:USDT,0.8361,88.0,0.836,773.0,0.8362,277.0,0.8363,1737.0
1753546988245,16:23:08.245,ADA/USDT:USDT,0.836,62.0,0.8359,1338.0,0.8361,26.0,0.8362,708.0
1753546988328,16:23:08.328,ADA/USDT:USDT,0.8361,39.0,0.836,520.0,0.8362,277.0,0.8363,1855.0
1753546988417,16:23:08.417,ADA/USDT:USDT,0.8361,39.0,0.836,520.0,0.8362,277.0,0.8363,1855.0
1753546988510,16:23:08.510,ADA/USDT:USDT,0.8361,39.0,0.836,520.0,0.8362,277.0,0.8363,1855.0
1753546988649,16:23:08.649,ADA/USDT:USDT,0.8361,101.0,0.836,778.0,0.8362,122.0,0.8363,1826.0
1753546988730,16:23:08.730,ADA/USDT:USDT,0.8361,101.0,0.836,778.0,0.8362,122.0,0.8363,1826.0
1753546988788,16:23:08.788,ADA/USDT:USDT,0.8361,101.0,0.836,778.0,0.8362,122.0,0.8363,1855.0
1753546988938,16:23:08.938,ADA/USDT:USDT,0.8361,101.0,0.836,778.0,0.8363,2094.0,0.8364,1555.0
1753546989048,16:23:09.048,ADA/USDT:USDT,0.8361,101.0,0.836,778.0,0.8363,1976.0,0.8364,879.0
1753546989068,16:23:09.068,ADA/USDT:USDT,0.8361,101.0,0.836,778.0,0.8363,1976.0,0.8364,1181.0
1753546989199,16:23:09.199,ADA/USDT:USDT,0.8361,101.0,0.836,778.0,0.8363,1976.0,0.8364,1181.0
1753546989325,16:23:09.325,ADA/USDT:USDT,0.8361,256.0,0.836,778.0,0.8363,1916.0,0.8364,1181.0
1753546989448,16:23:09.448,ADA/USDT:USDT,0.8361,256.0,0.836,778.0,0.8363,1887.0,0.8364,1181.0
1753546989545,16:23:09.545,ADA/USDT:USDT,0.8361,101.0,0.836,520.0,0.8362,62.0,0.8363,1887.0
1753546989633,16:23:09.633,ADA/USDT:USDT,0.8361,62.0,0.836,520.0,0.8362,62.0,0.8363,2189.0
1753546989693,16:23:09.693,ADA/USDT:USDT,0.8361,62.0,0.836,520.0,0.8362,62.0,0.8363,2189.0
1753546989936,16:23:09.936,ADA/USDT:USDT,0.8361,62.0,0.836,520.0,0.8362,62.0,0.8363,2189.0
1753546989981,16:23:09.981,ADA/USDT:USDT,0.8361,62.0,0.836,520.0,0.8362,217.0,0.8363,2189.0
1753546990132,16:23:10.132,ADA/USDT:USDT,0.8361,62.0,0.836,520.0,0.8362,62.0,0.8363,2189.0
1753546990234,16:23:10.234,ADA/USDT:USDT,0.8361,62.0,0.836,803.0,0.8362,62.0,0.8363,2189.0
1753546990329,16:23:10.329,ADA/USDT:USDT,0.8362,26.0,0.8361,520.0,0.8363,1887.0,0.8364,1455.0
1753546990428,16:23:10.428,ADA/USDT:USDT,0.8362,26.0,0.8361,520.0,0.8363,1887.0,0.8364,1455.0
1753546990531,16:23:10.531,ADA/USDT:USDT,0.8361,217.0,0.836,700.0,0.8362,26.0,0.8363,2189.0
1753546990649,16:23:10.649,ADA/USDT:USDT,0.8361,217.0,0.836,922.0,0.8362,26.0,0.8363,2048.0
1753546990728,16:23:10.728,ADA/USDT:USDT,0.8361,217.0,0.836,922.0,0.8363,1826.0,0.8364,1209.0
1753546990838,16:23:10.838,ADA/USDT:USDT,0.8362,62.0,0.8361,520.0,0.8363,1746.0,0.8364,1437.0
1753546990950,16:23:10.950,ADA/USDT:USDT,0.8362,62.0,0.8361,681.0,0.8363,1081.0,0.8364,813.0
1753546991031,16:23:11.031,ADA/USDT:USDT,0.8362,62.0,0.8361,681.0,0.8363,1081.0,0.8364,445.0
1753546991133,16:23:11.133,ADA/USDT:USDT,0.8362,62.0,0.8361,520.0,0.8363,923.0,0.8364,572.0
1753546991195,16:23:11.195,ADA/USDT:USDT,0.8362,62.0,0.8361,520.0,0.8363,923.0,0.8364,874.0
1753546991345,16:23:11.345,ADA/USDT:USDT,0.8362,62.0,0.8361,520.0,0.8363,923.0,0.8364,874.0
1753546991548,16:23:11.548,ADA/USDT:USDT,0.8362,62.0,0.8361,520.0,0.8363,923.0,0.8364,874.0
1753546991637,16:23:11.637,ADA/USDT:USDT,0.8362,62.0,0.8361,520.0,0.8363,923.0,0.8364,874.0
1753546991742,16:23:11.742,ADA/USDT:USDT,0.8362,62.0,0.8361,520.0,0.8363,923.0,0.8364,874.0
1753546991829,16:23:11.829,ADA/USDT:USDT,0.8362,62.0,0.8361,520.0,0.8363,923.0,0.8364,874.0
1753546991922,16:23:11.922,ADA/USDT:USDT,0.8362,62.0,0.8361,520.0,0.8363,923.0,0.8364,903.0
1753546992020,16:23:12.020,ADA/USDT:USDT,0.8362,62.0,0.8361,520.0,0.8363,923.0,0.8364,903.0
1753546992078,16:23:12.078,ADA/USDT:USDT,0.8362,62.0,0.8361,520.0,0.8363,923.0,0.8364,903.0
1753546992237,16:23:12.237,ADA/USDT:USDT,0.8361,62.0,0.836,879.0,0.8363,1277.0,0.8364,903.0
1753546992338,16:23:12.338,ADA/USDT:USDT,0.8361,62.0,0.836,1077.0,0.8363,1277.0,0.8364,1139.0
1753546992394,16:23:12.394,ADA/USDT:USDT,0.8361,62.0,0.836,1077.0,0.8363,1277.0,0.8364,1139.0
1753546992534,16:23:12.534,ADA/USDT:USDT,0.836,217.0,0.8359,1918.0,0.8361,26.0,0.8362,914.0
1753546992614,16:23:12.614,ADA/USDT:USDT,0.836,217.0,0.8359,1884.0,0.8361,26.0,0.8362,1205.0
1753546992674,16:23:12.674,ADA/USDT:USDT,0.836,217.0,0.8359,1884.0,0.8361,26.0,0.8362,1205.0
1753546992834,16:23:12.834,ADA/USDT:USDT,0.8361,88.0,0.836,843.0,0.8362,62.0,0.8363,2214.0
1753546992906,16:23:12.906,ADA/USDT:USDT,0.8361,88.0,0.836,1062.0,0.8362,62.0,0.8363,2214.0
1753546993007,16:23:13.007,ADA/USDT:USDT,0.8361,243.0,0.836,1062.0,0.8362,62.0,0.8363,2214.0
1753546993146,16:23:13.146,ADA/USDT:USDT,0.8362,26.0,0.8361,520.0,0.8363,1181.0,0.8364,1047.0
1753546993242,16:23:13.242,ADA/USDT:USDT,0.8362,26.0,0.8361,520.0,0.8363,1181.0,0.8364,1047.0
1753546993342,16:23:13.342,ADA/USDT:USDT,0.8361,243.0,0.836,693.0,0.8362,26.0,0.8363,968.0
1753546993373,16:23:13.373,ADA/USDT:USDT,0.8361,243.0,0.836,911.0,0.8362,26.0,0.8363,968.0
1753546993458,16:23:13.458,ADA/USDT:USDT,0.8361,88.0,0.836,911.0,0.8362,26.0,0.8363,968.0
1753546993573,16:23:13.573,ADA/USDT:USDT,0.8361,88.0,0.836,911.0,0.8362,26.0,0.8363,1028.0
1753546993713,16:23:13.713,ADA/USDT:USDT,0.8361,88.0,0.836,911.0,0.8362,26.0,0.8363,1028.0
1753546993921,16:23:13.921,ADA/USDT:USDT,0.8362,62.0,0.8361,676.0,0.8363,122.0,0.8364,1675.0
1753546994048,16:23:14.048,ADA/USDT:USDT,0.8362,62.0,0.8361,520.0,0.8363,277.0,0.8364,1675.0
1753546994133,16:23:14.133,ADA/USDT:USDT,0.8361,62.0,0.836,911.0,0.8363,596.0,0.8364,1825.0
1753546994239,16:23:14.239,ADA/USDT:USDT,0.8361,62.0,0.836,911.0,0.8363,596.0,0.8364,1825.0
1753546994311,16:23:14.311,ADA/USDT:USDT,0.8361,62.0,0.836,911.0,0.8363,596.0,0.8364,1825.0
1753546994372,16:23:14.372,ADA/USDT:USDT,0.8361,62.0,0.836,693.0,0.8363,596.0,0.8364,1825.0
1753546994549,16:23:14.549,ADA/USDT:USDT,0.8361,217.0,0.836,693.0,0.8363,596.0,0.8364,1825.0
1753546994615,16:23:14.615,ADA/USDT:USDT,0.8361,217.0,0.836,722.0,0.8363,596.0,0.8364,1825.0
1753546994742,16:23:14.742,ADA/USDT:USDT,0.8362,62.0,0.8361,521.0,0.8363,217.0,0.8364,1764.0
1753546994845,16:23:14.845,ADA/USDT:USDT,0.8362,62.0,0.8361,521.0,0.8363,62.0,0.8364,1735.0
1753546994896,16:23:14.896,ADA/USDT:USDT,0.8362,62.0,0.8361,521.0,0.8363,62.0,0.8364,1735.0
1753546995028,16:23:15.028,ADA/USDT:USDT,0.8362,62.0,0.8361,521.0,0.8363,62.0,0.8364,1735.0
1753546995134,16:23:15.134,ADA/USDT:USDT,0.8362,62.0,0.8361,521.0,0.8363,62.0,0.8364,1764.0
1753546995243,16:23:15.243,ADA/USDT:USDT,0.8362,62.0,0.8361,521.0,0.8363,277.0,0.8364,1704.0
1753546995305,16:23:15.305,ADA/USDT:USDT,0.8362,62.0,0.8361,521.0,0.8363,277.0,0.8364,1704.0
1753546995408,16:23:15.408,ADA/USDT:USDT,0.8362,62.0,0.8361,521.0,0.8363,277.0,0.8364,1704.0
1753546995535,16:23:15.535,ADA/USDT:USDT,0.8362,62.0,0.8361,521.0,0.8363,277.0,0.8364,1704.0
1753546995738,16:23:15.738,ADA/USDT:USDT,0.8362,62.0,0.8361,521.0,0.8363,277.0,0.8364,1704.0
1753546995833,16:23:15.833,ADA/USDT:USDT,0.8362,62.0,0.8361,521.0,0.8363,277.0,0.8364,1704.0
1753546996043,16:23:16.043,ADA/USDT:USDT,0.8362,62.0,0.8361,521.0,0.8363,277.0,0.8364,1675.0
1753546996108,16:23:16.108,ADA/USDT:USDT,0.8362,62.0,0.8361,521.0,0.8363,277.0,0.8364,1675.0
1753546996244,16:23:16.244,ADA/USDT:USDT,0.8362,62.0,0.8361,521.0,0.8363,277.0,0.8364,1675.0
1753546996317,16:23:16.317,ADA/USDT:USDT,0.8362,62.0,0.8361,521.0,0.8363,277.0,0.8364,1675.0
1753546996439,16:23:16.439,ADA/USDT:USDT,0.8362,62.0,0.8361,521.0,0.8363,277.0,0.8364,1675.0
1753546996547,16:23:16.547,ADA/USDT:USDT,0.8361,62.0,0.836,62.0,0.8362,711.0,0.8363,1311.0
1753546996645,16:23:16.645,ADA/USDT:USDT,0.836,62.0,0.8359,217.0,0.8361,429.0,0.8362,833.0
1753546996745,16:23:16.745,ADA/USDT:USDT,0.8359,62.0,0.8358,217.0,0.836,414.0,0.8361,1339.0
1753546996839,16:23:16.839,ADA/USDT:USDT,0.8359,217.0,0.8358,388.0,0.8361,1281.0,0.8362,1631.0
1753546996946,16:23:16.946,ADA/USDT:USDT,0.836,88.0,0.8359,526.0,0.8361,281.0,0.8362,1902.0
1753546997025,16:23:17.025,ADA/USDT:USDT,0.836,88.0,0.8359,687.0,0.8361,62.0,0.8362,1930.0
1753546997146,16:23:17.146,ADA/USDT:USDT,0.8361,62.0,0.836,618.0,0.8362,1092.0,0.8363,672.0
1753546997219,16:23:17.219,ADA/USDT:USDT,0.8361,62.0,0.836,618.0,0.8362,122.0,0.8363,1209.0
1753546997310,16:23:17.310,ADA/USDT:USDT,0.8361,62.0,0.836,618.0,0.8362,122.0,0.8363,1512.0
1753546997421,16:23:17.421,ADA/USDT:USDT,0.8361,62.0,0.836,618.0,0.8362,122.0,0.8363,1512.0
1753546997511,16:23:17.511,ADA/USDT:USDT,0.8361,62.0,0.836,618.0,0.8362,122.0,0.8363,1512.0
1753546997621,16:23:17.621,ADA/USDT:USDT,0.8361,62.0,0.836,618.0,0.8362,122.0,0.8363,1512.0
1753546997746,16:23:17.746,ADA/USDT:USDT,0.8361,62.0,0.836,618.0,0.8362,122.0,0.8363,1512.0
1753546997788,16:23:17.788,ADA/USDT:USDT,0.8361,62.0,0.836,840.0,0.8362,122.0,0.8363,1541.0
1753546997914,16:23:17.914,ADA/USDT:USDT,0.8361,217.0,0.836,840.0,0.8362,122.0,0.8363,1541.0
1753546998032,16:23:18.032,ADA/USDT:USDT,0.8361,217.0,0.836,840.0,0.8362,122.0,0.8363,1541.0
1753546998099,16:23:18.099,ADA/USDT:USDT,0.8361,62.0,0.836,840.0,0.8362,122.0,0.8363,964.0
1753546998243,16:23:18.243,ADA/USDT:USDT,0.8361,62.0,0.836,840.0,0.8362,122.0,0.8363,964.0
1753546998333,16:23:18.333,ADA/USDT:USDT,0.8361,217.0,0.836,840.0,0.8362,122.0,0.8363,935.0
1753546998410,16:23:18.410,ADA/USDT:USDT,0.8361,217.0,0.836,840.0,0.8362,122.0,0.8363,935.0
1753546998509,16:23:18.509,ADA/USDT:USDT,0.8361,217.0,0.836,840.0,0.8362,122.0,0.8363,935.0
1753546998643,16:23:18.643,ADA/USDT:USDT,0.8361,217.0,0.836,840.0,0.8362,60.0,0.8363,935.0
1753546998727,16:23:18.727,ADA/USDT:USDT,0.8361,62.0,0.836,840.0,0.8362,277.0,0.8363,964.0
1753546998847,16:23:18.847,ADA/USDT:USDT,0.8361,62.0,0.836,763.0,0.8362,277.0,0.8363,964.0
1753546998940,16:23:18.940,ADA/USDT:USDT,0.8361,62.0,0.836,763.0,0.8362,122.0,0.8363,964.0
1753546999013,16:23:19.013,ADA/USDT:USDT,0.8361,217.0,0.836,792.0,0.8362,122.0,0.8363,906.0
1753546999123,16:23:19.123,ADA/USDT:USDT,0.8361,217.0,0.836,821.0,0.8362,122.0,0.8363,906.0
1753546999250,16:23:19.250,ADA/USDT:USDT,0.8361,217.0,0.836,821.0,0.8362,60.0,0.8363,906.0
1753546999340,16:23:19.340,ADA/USDT:USDT,0.8361,217.0,0.836,821.0,0.8362,60.0,0.8363,935.0
1753546999446,16:23:19.446,ADA/USDT:USDT,0.8361,217.0,0.836,792.0,0.8362,60.0,0.8363,935.0
1753546999536,16:23:19.536,ADA/USDT:USDT,0.8361,217.0,0.836,792.0,0.8362,60.0,0.8363,935.0
1753546999614,16:23:19.614,ADA/USDT:USDT,0.8361,217.0,0.836,821.0,0.8362,60.0,0.8363,906.0
1753546999712,16:23:19.712,ADA/USDT:USDT,0.8361,217.0,0.836,792.0,0.8362,60.0,0.8363,935.0
1753546999827,16:23:19.827,ADA/USDT:USDT,0.8361,217.0,0.836,821.0,0.8362,60.0,0.8363,906.0
1753546999948,16:23:19.948,ADA/USDT:USDT,0.8361,62.0,0.836,763.0,0.8362,60.0,0.8363,964.0
1753547000046,16:23:20.046,ADA/USDT:USDT,0.8362,88.0,0.8361,691.0,0.8363,277.0,0.8364,1343.0
1753547000142,16:23:20.142,ADA/USDT:USDT,0.8362,88.0,0.8361,720.0,0.8363,122.0,0.8364,1372.0
1753547000247,16:23:20.247,ADA/USDT:USDT,0.8362,88.0,0.8361,691.0,0.8363,122.0,0.8364,1372.0
1753547000342,16:23:20.342,ADA/USDT:USDT,0.8362,88.0,0.8361,691.0,0.8363,122.0,0.8364,1705.0
1753547000427,16:23:20.427,ADA/USDT:USDT,0.8362,62.0,0.8361,521.0,0.8363,277.0,0.8364,1705.0
1753547000520,16:23:20.520,ADA/USDT:USDT,0.8362,62.0,0.8361,521.0,0.8363,277.0,0.8364,1705.0
1753547000647,16:23:20.647,ADA/USDT:USDT,0.8361,202.0,0.836,1637.0,0.8362,39.0,0.8363,716.0
1753547000747,16:23:20.747,ADA/USDT:USDT,0.8361,202.0,0.836,1666.0,0.8362,39.0,0.8363,1019.0
1753547000772,16:23:20.772,ADA/USDT:USDT,0.8361,202.0,0.836,1666.0,0.8362,39.0,0.8363,1019.0
1753547000909,16:23:20.909,ADA/USDT:USDT,0.8361,202.0,0.836,1666.0,0.8362,39.0,0.8363,1019.0
1753547001004,16:23:21.004,ADA/USDT:USDT,0.8361,202.0,0.836,1666.0,0.8362,39.0,0.8363,1019.0
1753547001113,16:23:21.113,ADA/USDT:USDT,0.8361,202.0,0.836,991.0,0.8362,39.0,0.8363,1019.0
1753547001245,16:23:21.245,ADA/USDT:USDT,0.8361,202.0,0.836,991.0,0.8362,39.0,0.8363,1019.0
1753547001304,16:23:21.304,ADA/USDT:USDT,0.8361,202.0,0.836,1020.0,0.8362,39.0,0.8363,1019.0
1753547001421,16:23:21.421,ADA/USDT:USDT,0.8361,47.0,0.836,901.0,0.8362,316.0,0.8363,988.0
1753547001547,16:23:21.547,ADA/USDT:USDT,0.8361,48.0,0.836,959.0,0.8362,122.0,0.8363,959.0
1753547001636,16:23:21.636,ADA/USDT:USDT,0.8361,48.0,0.836,959.0,0.8362,122.0,0.8363,959.0
1753547001727,16:23:21.727,ADA/USDT:USDT,0.8361,48.0,0.836,959.0,0.8362,122.0,0.8363,959.0
1753547001930,16:23:21.930,ADA/USDT:USDT,0.8361,203.0,0.836,959.0,0.8362,60.0,0.8363,656.0
1753547002028,16:23:22.028,ADA/USDT:USDT,0.8361,203.0,0.836,930.0,0.8362,60.0,0.8363,989.0
1753547002121,16:23:22.121,ADA/USDT:USDT,0.8361,203.0,0.836,930.0,0.8362,60.0,0.8363,960.0
1753547002237,16:23:22.237,ADA/USDT:USDT,0.8362,26.0,0.8361,203.0,0.8363,745.0,0.8364,1647.0
1753547002333,16:23:22.333,ADA/USDT:USDT,0.8362,26.0,0.8361,507.0,0.8363,380.0,0.8364,1705.0
1753547002449,16:23:22.449,ADA/USDT:USDT,0.8361,203.0,0.836,1637.0,0.8362,26.0,0.8363,1036.0
1753547002547,16:23:22.547,ADA/USDT:USDT,0.8361,203.0,0.836,1637.0,0.8362,26.0,0.8363,1007.0
1753547002635,16:23:22.635,ADA/USDT:USDT,0.8362,88.0,0.8361,853.0,0.8363,122.0,0.8364,787.0
1753547002747,16:23:22.747,ADA/USDT:USDT,0.8361,48.0,0.836,1438.0,0.8362,344.0,0.8363,936.0
1753547002828,16:23:22.828,ADA/USDT:USDT,0.8361,48.0,0.836,1134.0,0.8362,303.0,0.8363,936.0
1753547002947,16:23:22.947,ADA/USDT:USDT,0.8361,48.0,0.836,1241.0,0.8362,303.0,0.8363,936.0
1753547003043,16:23:23.043,ADA/USDT:USDT,0.8361,48.0,0.836,1241.0,0.8362,303.0,0.8363,936.0
1753547003093,16:23:23.093,ADA/USDT:USDT,0.8361,48.0,0.836,1241.0,0.8362,303.0,0.8363,936.0
1753547003213,16:23:23.213,ADA/USDT:USDT,0.8361,48.0,0.836,1241.0,0.8362,303.0,0.8363,936.0
1753547003347,16:23:23.347,ADA/USDT:USDT,0.8361,203.0,0.836,790.0,0.8362,122.0,0.8363,574.0
1753547003445,16:23:23.445,ADA/USDT:USDT,0.8361,203.0,0.836,819.0,0.8362,60.0,0.8363,574.0
1753547003548,16:23:23.548,ADA/USDT:USDT,0.8362,88.0,0.8361,203.0,0.8363,634.0,0.8364,1693.0
1753547003631,16:23:23.631,ADA/USDT:USDT,0.8362,88.0,0.8361,507.0,0.8363,277.0,0.8364,1075.0
1753547003744,16:23:23.744,ADA/USDT:USDT,0.8362,88.0,0.8361,507.0,0.8363,277.0,0.8364,1075.0
1753547003826,16:23:23.826,ADA/USDT:USDT,0.8362,62.0,0.8361,507.0,0.8363,277.0,0.8364,1075.0
1753547003922,16:23:23.922,ADA/USDT:USDT,0.8362,62.0,0.8361,507.0,0.8363,277.0,0.8364,1075.0
1753547004007,16:23:24.007,ADA/USDT:USDT,0.8362,62.0,0.8361,507.0,0.8363,277.0,0.8364,1075.0
1753547004053,16:23:24.053,ADA/USDT:USDT,0.8362,62.0,0.8361,507.0,0.8363,277.0,0.8364,1075.0
1753547004246,16:23:24.246,ADA/USDT:USDT,0.8361,203.0,0.836,1701.0,0.8362,26.0,0.8363,762.0
1753547004341,16:23:24.341,ADA/USDT:USDT,0.8361,48.0,0.836,1436.0,0.8362,148.0,0.8363,1055.0
1753547004442,16:23:24.442,ADA/USDT:USDT,0.8361,203.0,0.836,1494.0,0.8363,552.0,0.8364,1462.0
1753547004537,16:23:24.537,ADA/USDT:USDT,0.8362,26.0,0.8361,507.0,0.8363,277.0,0.8364,1734.0
1753547004649,16:23:24.649,ADA/USDT:USDT,0.8361,203.0,0.836,518.0,0.8362,26.0,0.8363,441.0
1753547004727,16:23:24.727,ADA/USDT:USDT,0.8361,203.0,0.836,1081.0,0.8362,26.0,0.8363,684.0
1753547004833,16:23:24.833,ADA/USDT:USDT,0.8361,48.0,0.836,962.0,0.8362,217.0,0.8363,438.0
1753547004930,16:23:24.930,ADA/USDT:USDT,0.8361,48.0,0.836,521.0,0.8362,217.0,0.8363,830.0
1753547005043,16:23:25.043,ADA/USDT:USDT,0.8361,48.0,0.836,521.0,0.8362,277.0,0.8363,741.0
1753547005123,16:23:25.123,ADA/USDT:USDT,0.8361,48.0,0.836,521.0,0.8362,277.0,0.8363,1629.0
1753547005238,16:23:25.238,ADA/USDT:USDT,0.8361,48.0,0.836,521.0,0.8362,277.0,0.8363,1629.0
1753547005296,16:23:25.296,ADA/USDT:USDT,0.8361,48.0,0.836,521.0,0.8362,277.0,0.8363,1600.0
1753547005419,16:23:25.419,ADA/USDT:USDT,0.8361,48.0,0.836,521.0,0.8362,277.0,0.8363,1629.0
1753547005545,16:23:25.545,ADA/USDT:USDT,0.8361,1.0,0.836,62.0,0.8362,766.0,0.8363,1690.0
1753547005553,16:23:25.553,ADA/USDT:USDT,0.8361,1.0,0.836,62.0,0.8362,737.0,0.8363,1690.0
1753547005734,16:23:25.734,ADA/USDT:USDT,0.8361,1.0,0.836,62.0,0.8362,737.0,0.8363,1661.0
1753547005810,16:23:25.810,ADA/USDT:USDT,0.8361,1.0,0.836,62.0,0.8362,737.0,0.8363,1690.0
1753547005948,16:23:25.948,ADA/USDT:USDT,0.8359,217.0,0.8358,1586.0,0.836,86.0,0.8361,873.0
1753547006005,16:23:26.005,ADA/USDT:USDT,0.8359,217.0,0.8358,1615.0,0.836,86.0,0.8361,873.0
1753547006118,16:23:26.118,ADA/USDT:USDT,0.8359,217.0,0.8358,1615.0,0.836,86.0,0.8361,873.0
1753547006234,16:23:26.234,ADA/USDT:USDT,0.8359,217.0,0.8358,1615.0,0.8361,608.0,0.8362,2080.0
1753547006331,16:23:26.331,ADA/USDT:USDT,0.8359,217.0,0.8358,1615.0,0.8361,830.0,0.8362,2080.0
1753547006447,16:23:26.447,ADA/USDT:USDT,0.8359,217.0,0.8358,1615.0,0.8361,830.0,0.8362,2080.0
1753547006508,16:23:26.508,ADA/USDT:USDT,0.8359,217.0,0.8358,1615.0,0.8361,830.0,0.8362,2080.0
1753547006645,16:23:26.645,ADA/USDT:USDT,0.836,62.0,0.8359,672.0,0.8361,101.0,0.8362,2109.0
1753547006746,16:23:26.746,ADA/USDT:USDT,0.836,217.0,0.8359,1038.0,0.8362,1327.0,0.8363,1583.0
1753547006831,16:23:26.831,ADA/USDT:USDT,0.836,217.0,0.8359,1404.0,0.8362,651.0,0.8363,1583.0
1753547006915,16:23:26.915,ADA/USDT:USDT,0.836,217.0,0.8359,1404.0,0.8362,711.0,0.8363,1583.0
1753547007040,16:23:27.040,ADA/USDT:USDT,0.8361,62.0,0.836,954.0,0.8362,122.0,0.8363,1483.0
1753547007114,16:23:27.114,ADA/USDT:USDT,0.8361,62.0,0.836,954.0,0.8362,122.0,0.8363,1483.0
1753547007245,16:23:27.245,ADA/USDT:USDT,0.8361,62.0,0.836,954.0,0.8362,122.0,0.8363,1483.0
1753547007332,16:23:27.332,ADA/USDT:USDT,0.8361,217.0,0.836,954.0,0.8362,122.0,0.8363,1512.0
1753547007443,16:23:27.443,ADA/USDT:USDT,0.8361,62.0,0.836,580.0,0.8362,277.0,0.8363,1629.0
1753547007525,16:23:27.525,ADA/USDT:USDT,0.8361,217.0,0.836,1015.0,0.8362,122.0,0.8363,1512.0
1753547007647,16:23:27.647,ADA/USDT:USDT,0.8361,217.0,0.836,1015.0,0.8362,122.0,0.8363,1512.0
1753547007745,16:23:27.745,ADA/USDT:USDT,0.8361,62.0,0.836,1015.0,0.8362,122.0,0.8363,1629.0
1753547007820,16:23:27.820,ADA/USDT:USDT,0.8361,62.0,0.836,1015.0,0.8362,122.0,0.8363,1600.0
1753547007947,16:23:27.947,ADA/USDT:USDT,0.8361,62.0,0.836,1015.0,0.8362,122.0,0.8363,1600.0
1753547008006,16:23:28.006,ADA/USDT:USDT,0.8361,62.0,0.836,1015.0,0.8362,122.0,0.8363,1629.0
1753547008112,16:23:28.112,ADA/USDT:USDT,0.8361,62.0,0.836,751.0,0.8362,122.0,0.8363,1629.0
1753547008221,16:23:28.221,ADA/USDT:USDT,0.8361,62.0,0.836,751.0,0.8362,122.0,0.8363,1629.0
1753547008276,16:23:28.276,ADA/USDT:USDT,0.8361,62.0,0.836,751.0,0.8362,122.0,0.8363,1629.0
1753547008387,16:23:28.387,ADA/USDT:USDT,0.8361,62.0,0.836,751.0,0.8362,122.0,0.8363,1629.0
1753547008494,16:23:28.494,ADA/USDT:USDT,0.8361,62.0,0.836,833.0,0.8362,122.0,0.8363,1629.0
1753547008637,16:23:28.637,ADA/USDT:USDT,0.8361,62.0,0.836,833.0,0.8362,277.0,0.8363,1629.0
1753547008728,16:23:28.728,ADA/USDT:USDT,0.8361,62.0,0.836,833.0,0.8362,277.0,0.8363,1600.0
1753547008823,16:23:28.823,ADA/USDT:USDT,0.8361,62.0,0.836,833.0,0.8362,277.0,0.8363,1600.0
1753547008938,16:23:28.938,ADA/USDT:USDT,0.8361,62.0,0.836,833.0,0.8362,122.0,0.8363,1600.0
1753547009046,16:23:29.046,ADA/USDT:USDT,0.8361,62.0,0.836,833.0,0.8362,122.0,0.8363,1724.0
1753547009144,16:23:29.144,ADA/USDT:USDT,0.8361,62.0,0.836,775.0,0.8362,122.0,0.8363,1159.0
1753547009250,16:23:29.250,ADA/USDT:USDT,0.836,62.0,0.8359,62.0,0.8361,559.0,0.8362,1241.0
1753547009347,16:23:29.347,ADA/USDT:USDT,0.8358,1142.0,0.8357,1232.0,0.836,544.0,0.8361,1051.0
1753547009444,16:23:29.444,ADA/USDT:USDT,0.8358,922.0,0.8357,1171.0,0.836,561.0,0.8361,1147.0
1753547009533,16:23:29.533,ADA/USDT:USDT,0.8358,62.0,0.8357,1438.0,0.836,561.0,0.8361,1147.0
1753547009591,16:23:29.591,ADA/USDT:USDT,0.8358,62.0,0.8357,1438.0,0.836,561.0,0.8361,1412.0
1753547009705,16:23:29.705,ADA/USDT:USDT,0.8358,62.0,0.8357,1438.0,0.836,590.0,0.8361,1412.0
1753547009835,16:23:29.835,ADA/USDT:USDT,0.8358,217.0,0.8357,1438.0,0.836,532.0,0.8361,1377.0
1753547009892,16:23:29.892,ADA/USDT:USDT,0.8358,217.0,0.8357,1438.0,0.836,532.0,0.8361,1377.0
1753547010018,16:23:30.018,ADA/USDT:USDT,0.8358,246.0,0.8357,1409.0,0.836,532.0,0.8361,1377.0
1753547010139,16:23:30.139,ADA/USDT:USDT,0.8358,246.0,0.8357,1438.0,0.836,532.0,0.8361,1377.0
1753547010220,16:23:30.220,ADA/USDT:USDT,0.8358,246.0,0.8357,1438.0,0.836,592.0,0.8361,1377.0
1753547010334,16:23:30.334,ADA/USDT:USDT,0.8359,26.0,0.8358,217.0,0.836,217.0,0.8361,1156.0
1753547010413,16:23:30.413,ADA/USDT:USDT,0.8359,26.0,0.8358,217.0,0.836,217.0,0.8361,1377.0
1753547010514,16:23:30.514,ADA/USDT:USDT,0.8359,26.0,0.8358,217.0,0.836,217.0,0.8361,1377.0
1753547010648,16:23:30.648,ADA/USDT:USDT,0.8359,26.0,0.8358,217.0,0.836,217.0,0.8361,1377.0
1753547010734,16:23:30.734,ADA/USDT:USDT,0.8358,217.0,0.8357,2142.0,0.836,376.0,0.8361,1438.0
1753547010849,16:23:30.849,ADA/USDT:USDT,0.8359,217.0,0.8358,676.0,0.836,62.0,0.8361,1348.0
1753547010945,16:23:30.945,ADA/USDT:USDT,0.836,26.0,0.8359,217.0,0.8361,1114.0,0.8362,2513.0
1753547011045,16:23:31.045,ADA/USDT:USDT,0.8359,62.0,0.8358,676.0,0.836,62.0,0.8361,1320.0
1753547011086,16:23:31.086,ADA/USDT:USDT,0.8359,62.0,0.8358,705.0,0.836,62.0,0.8361,1320.0
1753547011232,16:23:31.232,ADA/USDT:USDT,0.8359,62.0,0.8358,705.0,0.836,62.0,0.8361,1320.0
1753547011292,16:23:31.292,ADA/USDT:USDT,0.8359,62.0,0.8358,705.0,0.836,62.0,0.8361,1320.0
1753547011424,16:23:31.424,ADA/USDT:USDT,0.8359,217.0,0.8358,705.0,0.836,62.0,0.8361,1209.0
1753547011533,16:23:31.533,ADA/USDT:USDT,0.836,26.0,0.8359,522.0,0.8361,786.0,0.8362,2142.0
1753547011617,16:23:31.617,ADA/USDT:USDT,0.836,26.0,0.8359,522.0,0.8361,726.0,0.8362,2142.0
1753547011743,16:23:31.743,ADA/USDT:USDT,0.836,26.0,0.8359,522.0,0.8361,726.0,0.8362,2142.0
1753547011831,16:23:31.831,ADA/USDT:USDT,0.836,26.0,0.8359,522.0,0.8361,726.0,0.8362,2142.0
1753547011882,16:23:31.882,ADA/USDT:USDT,0.836,26.0,0.8359,522.0,0.8361,726.0,0.8362,2142.0
1753547012039,16:23:32.039,ADA/USDT:USDT,0.8359,217.0,0.8358,1380.0,0.836,86.0,0.8361,726.0
1753547012095,16:23:32.095,ADA/USDT:USDT,0.8359,217.0,0.8358,1380.0,0.836,26.0,0.8361,992.0
1753547012216,16:23:32.216,ADA/USDT:USDT,0.8359,217.0,0.8358,1380.0,0.836,26.0,0.8361,992.0
1753547012311,16:23:32.311,ADA/USDT:USDT,0.8359,217.0,0.8358,1380.0,0.836,26.0,0.8361,992.0
1753547012411,16:23:32.411,ADA/USDT:USDT,0.8359,217.0,0.8358,1380.0,0.836,26.0,0.8361,992.0
1753547012547,16:23:32.547,ADA/USDT:USDT,0.8359,217.0,0.8358,1380.0,0.836,26.0,0.8361,1021.0
1753547012615,16:23:32.615,ADA/USDT:USDT,0.8359,62.0,0.8358,676.0,0.836,26.0,0.8361,1021.0
1753547012711,16:23:32.711,ADA/USDT:USDT,0.8359,62.0,0.8358,676.0,0.836,243.0,0.8361,1021.0
1753547012827,16:23:32.827,ADA/USDT:USDT,0.8359,62.0,0.8358,676.0,0.836,243.0,0.8361,1021.0
1753547012947,16:23:32.947,ADA/USDT:USDT,0.8359,62.0,0.8358,676.0,0.836,243.0,0.8361,1021.0
1753547013020,16:23:33.020,ADA/USDT:USDT,0.8359,62.0,0.8358,676.0,0.836,243.0,0.8361,1021.0
1753547013149,16:23:33.149,ADA/USDT:USDT,0.8359,62.0,0.8358,676.0,0.836,243.0,0.8361,1021.0
1753547013230,16:23:33.230,ADA/USDT:USDT,0.8359,62.0,0.8358,676.0,0.836,243.0,0.8361,1021.0
1753547013349,16:23:33.349,ADA/USDT:USDT,0.8358,217.0,0.8357,1682.0,0.836,332.0,0.8361,1050.0
1753547013449,16:23:33.449,ADA/USDT:USDT,0.8358,217.0,0.8357,1682.0,0.8359,88.0,0.836,611.0
1753547013548,16:23:33.548,ADA/USDT:USDT,0.8358,62.0,0.8357,217.0,0.8359,272.0,0.836,580.0
1753547013605,16:23:33.605,ADA/USDT:USDT,0.8357,217.0,0.8356,2383.0,0.8358,26.0,0.8359,243.0
1753547013738,16:23:33.738,ADA/USDT:USDT,0.8357,217.0,0.8356,2383.0,0.8358,26.0,0.8359,243.0
1753547013829,16:23:33.829,ADA/USDT:USDT,0.8357,217.0,0.8356,2412.0,0.8358,26.0,0.8359,243.0
1753547013940,16:23:33.940,ADA/USDT:USDT,0.8358,62.0,0.8357,523.0,0.8359,148.0,0.836,1410.0
1753547014038,16:23:34.038,ADA/USDT:USDT,0.8358,62.0,0.8357,523.0,0.8359,88.0,0.836,1410.0
1753547014148,16:23:34.148,ADA/USDT:USDT,0.8358,62.0,0.8357,523.0,0.8359,62.0,0.836,1410.0
1753547014248,16:23:34.248,ADA/USDT:USDT,0.8358,62.0,0.8357,523.0,0.8359,217.0,0.836,1134.0
1753547014322,16:23:34.322,ADA/USDT:USDT,0.8358,62.0,0.8357,523.0,0.8359,217.0,0.836,1439.0
1753547014416,16:23:34.416,ADA/USDT:USDT,0.8358,62.0,0.8357,523.0,0.8359,217.0,0.836,1439.0
1753547014548,16:23:34.548,ADA/USDT:USDT,0.8358,62.0,0.8357,581.0,0.8359,217.0,0.836,1410.0
1753547014639,16:23:34.639,ADA/USDT:USDT,0.8358,217.0,0.8357,581.0,0.836,1410.0,0.8361,1790.0
1753547014673,16:23:34.673,ADA/USDT:USDT,0.8358,217.0,0.8357,581.0,0.836,1586.0,0.8361,2095.0
1753547014779,16:23:34.779,ADA/USDT:USDT,0.8358,217.0,0.8357,581.0,0.836,1586.0,0.8361,2095.0
1753547014931,16:23:34.931,ADA/USDT:USDT,0.8358,217.0,0.8357,581.0,0.836,1586.0,0.8361,2124.0
1753547015002,16:23:35.002,ADA/USDT:USDT,0.8358,217.0,0.8357,581.0,0.836,1586.0,0.8361,1448.0
1753547015078,16:23:35.078,ADA/USDT:USDT,0.8358,217.0,0.8357,581.0,0.836,1586.0,0.8361,1448.0
1753547015217,16:23:35.217,ADA/USDT:USDT,0.8358,217.0,0.8357,581.0,0.836,1586.0,0.8361,1448.0
1753547015310,16:23:35.310,ADA/USDT:USDT,0.8358,217.0,0.8357,581.0,0.836,1586.0,0.8361,1448.0
1753547015433,16:23:35.433,ADA/USDT:USDT,0.8358,217.0,0.8357,581.0,0.836,1586.0,0.8361,1448.0
1753547015511,16:23:35.511,ADA/USDT:USDT,0.8358,217.0,0.8357,581.0,0.836,1586.0,0.8361,1448.0
1753547015570,16:23:35.570,ADA/USDT:USDT,0.8358,217.0,0.8357,581.0,0.836,1586.0,0.8361,1448.0
1753547015746,16:23:35.746,ADA/USDT:USDT,0.8358,217.0,0.8357,552.0,0.8359,26.0,0.836,1032.0
1753547015825,16:23:35.825,ADA/USDT:USDT,0.8358,62.0,0.8357,552.0,0.8359,88.0,0.836,1032.0
1753547016044,16:23:36.044,ADA/USDT:USDT,0.8358,62.0,0.8357,552.0,0.8359,88.0,0.836,1032.0
1753547016145,16:23:36.145,ADA/USDT:USDT,0.8358,62.0,0.8357,552.0,0.8359,88.0,0.836,1032.0
1753547016191,16:23:36.191,ADA/USDT:USDT,0.8358,62.0,0.8357,581.0,0.8359,88.0,0.836,1032.0
1753547016337,16:23:36.337,ADA/USDT:USDT,0.8358,62.0,0.8357,581.0,0.8359,88.0,0.836,1032.0
1753547016450,16:23:36.450,ADA/USDT:USDT,0.8358,217.0,0.8357,581.0,0.8359,148.0,0.836,1032.0
1753547016547,16:23:36.547,ADA/USDT:USDT,0.8358,217.0,0.8357,581.0,0.8359,148.0,0.836,1032.0
1753547016608,16:23:36.608,ADA/USDT:USDT,0.8358,217.0,0.8357,947.0,0.8359,88.0,0.836,1032.0
1753547016651,16:23:36.651,ADA/USDT:USDT,0.8358,217.0,0.8357,947.0,0.8359,88.0,0.836,1032.0
1753547016848,16:23:36.848,ADA/USDT:USDT,0.8358,217.0,0.8357,947.0,0.8359,88.0,0.836,1032.0
1753547016913,16:23:36.913,ADA/USDT:USDT,0.8358,217.0,0.8357,947.0,0.8359,88.0,0.836,1032.0
1753547017015,16:23:37.015,ADA/USDT:USDT,0.8358,217.0,0.8357,947.0,0.8359,88.0,0.836,1003.0
1753547017144,16:23:37.144,ADA/USDT:USDT,0.8358,62.0,0.8357,523.0,0.8359,243.0,0.836,1064.0
1753547017228,16:23:37.228,ADA/USDT:USDT,0.8358,217.0,0.8357,815.0,0.8359,62.0,0.836,1006.0
1753547017347,16:23:37.347,ADA/USDT:USDT,0.8359,88.0,0.8358,253.0,0.836,122.0,0.8361,1851.0
1753547017448,16:23:37.448,ADA/USDT:USDT,0.8359,88.0,0.8358,282.0,0.836,217.0,0.8361,1851.0
1753547017537,16:23:37.537,ADA/USDT:USDT,0.8358,217.0,0.8357,1798.0,0.8359,26.0,0.836,522.0
1753547017634,16:23:37.634,ADA/USDT:USDT,0.8358,217.0,0.8357,1827.0,0.8359,26.0,0.836,522.0
1753547017747,16:23:37.747,ADA/USDT:USDT,0.8359,26.0,0.8358,246.0,0.836,217.0,0.8361,2121.0
1753547017849,16:23:37.849,ADA/USDT:USDT,0.8359,243.0,0.8358,217.0,0.836,62.0,0.8361,2121.0
1753547017933,16:23:37.933,ADA/USDT:USDT,0.8359,88.0,0.8358,217.0,0.836,62.0,0.8361,2092.0
1753547018011,16:23:38.011,ADA/USDT:USDT,0.8359,88.0,0.8358,217.0,0.836,62.0,0.8361,2121.0
1753547018134,16:23:38.134,ADA/USDT:USDT,0.8359,88.0,0.8358,217.0,0.836,62.0,0.8361,2150.0
1753547018228,16:23:38.228,ADA/USDT:USDT,0.8359,88.0,0.8358,217.0,0.836,62.0,0.8361,2150.0
1753547018331,16:23:38.331,ADA/USDT:USDT,0.8359,88.0,0.8358,246.0,0.836,62.0,0.8361,2150.0
1753547018429,16:23:38.429,ADA/USDT:USDT,0.8359,88.0,0.8358,217.0,0.836,62.0,0.8361,2121.0
1753547018541,16:23:38.541,ADA/USDT:USDT,0.8359,88.0,0.8358,217.0,0.836,62.0,0.8361,2121.0
1753547018596,16:23:38.596,ADA/USDT:USDT,0.8359,88.0,0.8358,217.0,0.836,62.0,0.8361,2121.0
1753547018748,16:23:38.748,ADA/USDT:USDT,0.8359,88.0,0.8358,217.0,0.836,62.0,0.8361,2092.0
1753547018841,16:23:38.841,ADA/USDT:USDT,0.8359,88.0,0.8358,217.0,0.836,62.0,0.8361,2150.0
1753547018938,16:23:38.938,ADA/USDT:USDT,0.8359,62.0,0.8358,217.0,0.836,122.0,0.8361,2092.0
1753547019031,16:23:39.031,ADA/USDT:USDT,0.8359,62.0,0.8358,275.0,0.836,122.0,0.8361,2092.0
1753547019125,16:23:39.125,ADA/USDT:USDT,0.8359,62.0,0.8358,275.0,0.836,122.0,0.8361,2092.0
1753547019231,16:23:39.231,ADA/USDT:USDT,0.8359,62.0,0.8358,275.0,0.836,122.0,0.8361,1880.0
1753547019340,16:23:39.340,ADA/USDT:USDT,0.8359,62.0,0.8358,217.0,0.836,185.0,0.8361,1880.0
1753547019410,16:23:39.410,ADA/USDT:USDT,0.8359,62.0,0.8358,217.0,0.836,185.0,0.8361,1880.0
1753547019549,16:23:39.549,ADA/USDT:USDT,0.8359,62.0,0.8358,217.0,0.836,185.0,0.8361,1909.0
1753547019641,16:23:39.641,ADA/USDT:USDT,0.8359,62.0,0.8358,217.0,0.836,185.0,0.8361,1909.0
1753547019739,16:23:39.739,ADA/USDT:USDT,0.8359,62.0,0.8358,217.0,0.836,185.0,0.8361,1880.0
1753547019923,16:23:39.923,ADA/USDT:USDT,0.8359,274.0,0.8358,275.0,0.836,60.0,0.8361,1546.0
1753547020049,16:23:40.049,ADA/USDT:USDT,0.836,88.0,0.8359,580.0,0.8361,747.0,0.8362,2069.0
1753547020150,16:23:40.150,ADA/USDT:USDT,0.8359,523.0,0.8358,217.0,0.836,39.0,0.8361,871.0
1753547020243,16:23:40.243,ADA/USDT:USDT,0.8359,62.0,0.8358,217.0,0.836,99.0,0.8361,871.0
1753547020314,16:23:40.314,ADA/USDT:USDT,0.8359,62.0,0.8358,217.0,0.836,39.0,0.8361,871.0
1753547020438,16:23:40.438,ADA/USDT:USDT,0.8359,62.0,0.8358,217.0,0.836,39.0,0.8361,1176.0
1753547020464,16:23:40.464,ADA/USDT:USDT,0.8359,62.0,0.8358,217.0,0.836,39.0,0.8361,1176.0
1753547020643,16:23:40.643,ADA/USDT:USDT,0.8359,62.0,0.8358,246.0,0.836,101.0,0.8361,522.0
1753547020749,16:23:40.749,ADA/USDT:USDT,0.8358,217.0,0.8357,1798.0,0.8359,60.0,0.836,382.0
1753547020837,16:23:40.837,ADA/USDT:USDT,0.8358,217.0,0.8357,1856.0,0.836,382.0,0.8361,672.0
1753547020934,16:23:40.934,ADA/USDT:USDT,0.8358,217.0,0.8357,1432.0,0.8359,108.0,0.836,440.0
1753547021035,16:23:41.035,ADA/USDT:USDT,0.8358,217.0,0.8357,1490.0,0.836,411.0,0.8361,733.0
1753547021147,16:23:41.147,ADA/USDT:USDT,0.8358,217.0,0.8357,1490.0,0.836,354.0,0.8361,762.0
1753547021241,16:23:41.241,ADA/USDT:USDT,0.8358,217.0,0.8357,1856.0,0.836,354.0,0.8361,762.0
1753547021296,16:23:41.296,ADA/USDT:USDT,0.8358,217.0,0.8357,1856.0,0.836,354.0,0.8361,762.0
1753547021448,16:23:41.448,ADA/USDT:USDT,0.8358,217.0,0.8357,1856.0,0.836,354.0,0.8361,762.0
1753547021524,16:23:41.524,ADA/USDT:USDT,0.8358,217.0,0.8357,1856.0,0.836,354.0,0.8361,998.0
1753547021588,16:23:41.588,ADA/USDT:USDT,0.8358,217.0,0.8357,1856.0,0.836,354.0,0.8361,998.0
1753547021747,16:23:41.747,ADA/USDT:USDT,0.8358,217.0,0.8357,1181.0,0.836,354.0,0.8361,998.0
1753547021847,16:23:41.847,ADA/USDT:USDT,0.8358,217.0,0.8357,1181.0,0.836,354.0,0.8361,998.0
1753547021936,16:23:41.936,ADA/USDT:USDT,0.8358,217.0,0.8357,1181.0,0.836,354.0,0.8361,819.0
1753547021985,16:23:41.985,ADA/USDT:USDT,0.8358,217.0,0.8357,1181.0,0.836,199.0,0.8361,819.0
1753547022119,16:23:42.119,ADA/USDT:USDT,0.8358,217.0,0.8357,1181.0,0.836,199.0,0.8361,819.0
1753547022217,16:23:42.217,ADA/USDT:USDT,0.8358,217.0,0.8357,1181.0,0.836,199.0,0.8361,819.0
1753547022329,16:23:42.329,ADA/USDT:USDT,0.8359,62.0,0.8358,217.0,0.836,259.0,0.8361,758.0
1753547022381,16:23:42.381,ADA/USDT:USDT,0.8359,217.0,0.8358,217.0,0.836,170.0,0.8361,758.0
1753547022520,16:23:42.520,ADA/USDT:USDT,0.8359,217.0,0.8358,275.0,0.836,170.0,0.8361,758.0
1753547022574,16:23:42.574,ADA/USDT:USDT,0.8359,217.0,0.8358,275.0,0.836,170.0,0.8361,758.0
1753547023048,16:23:43.048,ADA/USDT:USDT,0.836,251.0,0.8359,552.0,0.8361,358.0,0.8362,2118.0
1753547023146,16:23:43.146,ADA/USDT:USDT,0.836,251.0,0.8359,552.0,0.8361,217.0,0.8362,2147.0
1753547023203,16:23:43.203,ADA/USDT:USDT,0.836,62.0,0.8359,523.0,0.8361,217.0,0.8362,2176.0
1753547023337,16:23:43.337,ADA/USDT:USDT,0.836,62.0,0.8359,523.0,0.8361,217.0,0.8362,2176.0
1753547023394,16:23:43.394,ADA/USDT:USDT,0.836,62.0,0.8359,523.0,0.8361,217.0,0.8362,1806.0
1753547023749,16:23:43.749,ADA/USDT:USDT,0.8359,62.0,0.8358,217.0,0.836,604.0,0.8361,552.0
1753547023801,16:23:43.801,ADA/USDT:USDT,0.8358,217.0,0.8357,1947.0,0.8359,26.0,0.836,532.0
1753547023935,16:23:43.935,ADA/USDT:USDT,0.8358,217.0,0.8357,1947.0,0.8359,26.0,0.836,812.0
1753547024004,16:23:44.004,ADA/USDT:USDT,0.8358,217.0,0.8357,1947.0,0.8359,26.0,0.836,812.0
1753547024112,16:23:44.112,ADA/USDT:USDT,0.8359,101.0,0.8358,367.0,0.836,217.0,0.8361,552.0
1753547024164,16:23:44.164,ADA/USDT:USDT,0.8359,101.0,0.8358,367.0,0.836,217.0,0.8361,552.0
1753547024310,16:23:44.310,ADA/USDT:USDT,0.8359,101.0,0.8358,367.0,0.836,62.0,0.8361,552.0
1753547024617,16:23:44.617,ADA/USDT:USDT,0.836,26.0,0.8359,101.0,0.8361,306.0,0.8362,2220.0
1753547024727,16:23:44.727,ADA/USDT:USDT,0.836,26.0,0.8359,368.0,0.8361,246.0,0.8362,1544.0
1753547024842,16:23:44.842,ADA/USDT:USDT,0.8359,101.0,0.8358,217.0,0.836,327.0,0.8361,552.0
1753547024894,16:23:44.894,ADA/USDT:USDT,0.8359,101.0,0.8358,217.0,0.836,327.0,0.8361,552.0
1753547025041,16:23:45.041,ADA/USDT:USDT,0.8359,101.0,0.8358,217.0,0.836,327.0,0.8361,552.0
1753547025060,16:23:45.060,ADA/USDT:USDT,0.8359,101.0,0.8358,217.0,0.836,327.0,0.8361,552.0
1753547025154,16:23:45.154,ADA/USDT:USDT,0.8359,101.0,0.8358,217.0,0.836,327.0,0.8361,790.0
1753547025336,16:23:45.336,ADA/USDT:USDT,0.8359,101.0,0.8358,217.0,0.836,327.0,0.8361,790.0
1753547025432,16:23:45.432,ADA/USDT:USDT,0.8359,101.0,0.8358,217.0,0.836,327.0,0.8361,790.0
1753547025639,16:23:45.639,ADA/USDT:USDT,0.8359,101.0,0.8358,217.0,0.836,327.0,0.8361,790.0
1753547025655,16:23:45.655,ADA/USDT:USDT,0.8359,340.0,0.8358,217.0,0.836,327.0,0.8361,790.0
1753547025833,16:23:45.833,ADA/USDT:USDT,0.836,88.0,0.8359,763.0,0.8361,544.0,0.8362,2436.0
1753547025926,16:23:45.926,ADA/USDT:USDT,0.8361,26.0,0.836,524.0,0.8362,1502.0,0.8363,803.0
1753547026027,16:23:46.027,ADA/USDT:USDT,0.8361,26.0,0.836,524.0,0.8362,1502.0,0.8363,803.0
1753547026143,16:23:46.143,ADA/USDT:USDT,0.836,524.0,0.8359,1131.0,0.8362,1502.0,0.8363,832.0
1753547026249,16:23:46.249,ADA/USDT:USDT,0.836,62.0,0.8359,1438.0,0.8361,291.0,0.8362,1748.0
1753547026323,16:23:46.323,ADA/USDT:USDT,0.836,62.0,0.8359,1467.0,0.8361,136.0,0.8362,1748.0
1753547026414,16:23:46.414,ADA/USDT:USDT,0.836,62.0,0.8359,1467.0,0.8361,136.0,0.8362,1748.0
1753547026621,16:23:46.621,ADA/USDT:USDT,0.836,50.0,0.8359,1467.0,0.8361,136.0,0.8362,1748.0
1753547026687,16:23:46.687,ADA/USDT:USDT,0.836,50.0,0.8359,1467.0,0.8361,142.0,0.8362,1748.0
1753547027022,16:23:47.022,ADA/USDT:USDT,0.836,50.0,0.8359,792.0,0.8361,142.0,0.8362,1748.0
1753547027059,16:23:47.059,ADA/USDT:USDT,0.836,50.0,0.8359,792.0,0.8361,142.0,0.8362,1748.0
1753547027313,16:23:47.313,ADA/USDT:USDT,0.836,50.0,0.8359,792.0,0.8361,202.0,0.8362,1748.0
1753547027642,16:23:47.642,ADA/USDT:USDT,0.836,50.0,0.8359,792.0,0.8361,32.0,0.8362,1748.0
1753547027680,16:23:47.680,ADA/USDT:USDT,0.836,205.0,0.8359,821.0,0.8361,6.0,0.8362,1748.0
1753547027804,16:23:47.804,ADA/USDT:USDT,0.836,205.0,0.8359,821.0,0.8361,6.0,0.8362,1748.0
1753547027949,16:23:47.949,ADA/USDT:USDT,0.836,205.0,0.8359,821.0,0.8361,6.0,0.8362,1748.0
1753547028123,16:23:48.123,ADA/USDT:USDT,0.836,205.0,0.8359,821.0,0.8361,6.0,0.8362,1748.0
1753547028220,16:23:48.220,ADA/USDT:USDT,0.836,205.0,0.8359,821.0,0.8361,6.0,0.8362,1748.0
1753547028335,16:23:48.335,ADA/USDT:USDT,0.836,205.0,0.8359,821.0,0.8361,6.0,0.8362,1748.0
1753547028353,16:23:48.353,ADA/USDT:USDT,0.836,205.0,0.8359,821.0,0.8361,6.0,0.8362,1748.0
1753547028478,16:23:48.478,ADA/USDT:USDT,0.836,205.0,0.8359,821.0,0.8361,64.0,0.8362,1748.0
1753547028633,16:23:48.633,ADA/USDT:USDT,0.836,205.0,0.8359,821.0,0.8361,66.0,0.8362,1748.0
1753547028826,16:23:48.826,ADA/USDT:USDT,0.836,205.0,0.8359,821.0,0.8361,66.0,0.8362,1748.0
1753547029022,16:23:49.022,ADA/USDT:USDT,0.836,205.0,0.8359,792.0,0.8361,66.0,0.8362,1777.0
1753547029088,16:23:49.088,ADA/USDT:USDT,0.836,205.0,0.8359,763.0,0.8361,66.0,0.8362,1806.0
1753547029242,16:23:49.242,ADA/USDT:USDT,0.836,205.0,0.8359,763.0,0.8361,66.0,0.8362,1806.0
1753547029314,16:23:49.314,ADA/USDT:USDT,0.836,50.0,0.8359,763.0,0.8361,66.0,0.8362,1806.0
1753547029446,16:23:49.446,ADA/USDT:USDT,0.836,50.0,0.8359,792.0,0.8361,66.0,0.8362,1806.0
1753547029686,16:23:49.686,ADA/USDT:USDT,0.836,50.0,0.8359,763.0,0.8361,66.0,0.8362,1806.0
1753547029774,16:23:49.774,ADA/USDT:USDT,0.836,50.0,0.8359,763.0,0.8361,66.0,0.8362,1806.0
1753547029932,16:23:49.932,ADA/USDT:USDT,0.836,50.0,0.8359,763.0,0.8361,66.0,0.8362,1806.0
1753547029999,16:23:49.999,ADA/USDT:USDT,0.836,50.0,0.8359,763.0,0.8361,221.0,0.8362,1806.0
1753547030065,16:23:50.065,ADA/USDT:USDT,0.836,50.0,0.8359,763.0,0.8361,221.0,0.8362,1806.0
1753547030234,16:23:50.234,ADA/USDT:USDT,0.836,50.0,0.8359,821.0,0.8361,4.0,0.8362,1777.0
1753547030310,16:23:50.310,ADA/USDT:USDT,0.836,50.0,0.8359,821.0,0.8361,4.0,0.8362,2014.0
1753547030413,16:23:50.413,ADA/USDT:USDT,0.836,205.0,0.8359,821.0,0.8361,4.0,0.8362,2014.0
1753547030528,16:23:50.528,ADA/USDT:USDT,0.836,205.0,0.8359,821.0,0.8361,4.0,0.8362,1985.0
1753547030627,16:23:50.627,ADA/USDT:USDT,0.836,205.0,0.8359,821.0,0.8361,4.0,0.8362,1985.0
1753547030747,16:23:50.747,ADA/USDT:USDT,0.8362,26.0,0.8361,205.0,0.8363,320.0,0.8364,2497.0
1753547030833,16:23:50.833,ADA/USDT:USDT,0.8361,512.0,0.836,283.0,0.8363,320.0,0.8364,2555.0
1753547030924,16:23:50.924,ADA/USDT:USDT,0.8361,205.0,0.836,590.0,0.8362,26.0,0.8363,656.0
1753547031011,16:23:51.011,ADA/USDT:USDT,0.8361,205.0,0.836,587.0,0.8362,26.0,0.8363,627.0
1753547031133,16:23:51.133,ADA/USDT:USDT,0.8361,50.0,0.836,570.0,0.8362,62.0,0.8363,627.0
1753547031242,16:23:51.242,ADA/USDT:USDT,0.836,50.0,0.8359,763.0,0.8361,363.0,0.8362,674.0
1753547031324,16:23:51.324,ADA/USDT:USDT,0.836,50.0,0.8359,763.0,0.8361,363.0,0.8362,674.0
1753547031421,16:23:51.421,ADA/USDT:USDT,0.836,205.0,0.8359,821.0,0.8361,74.0,0.8362,524.0
1753547031542,16:23:51.542,ADA/USDT:USDT,0.8361,26.0,0.836,205.0,0.8362,217.0,0.8363,758.0
1753547031637,16:23:51.637,ADA/USDT:USDT,0.8361,26.0,0.836,512.0,0.8362,217.0,0.8363,729.0
1753547031690,16:23:51.690,ADA/USDT:USDT,0.8361,26.0,0.836,512.0,0.8362,217.0,0.8363,668.0
1753547031848,16:23:51.848,ADA/USDT:USDT,0.8361,26.0,0.836,512.0,0.8362,62.0,0.8363,668.0
1753547031915,16:23:51.915,ADA/USDT:USDT,0.8361,88.0,0.836,512.0,0.8362,62.0,0.8363,697.0
1753547032037,16:23:52.037,ADA/USDT:USDT,0.8361,88.0,0.836,512.0,0.8362,62.0,0.8363,668.0
1753547032340,16:23:52.340,ADA/USDT:USDT,0.8362,88.0,0.8361,422.0,0.8363,165.0,0.8364,1275.0
1753547032444,16:23:52.444,ADA/USDT:USDT,0.8362,26.0,0.8361,524.0,0.8363,320.0,0.8364,1640.0
1753547032453,16:23:52.453,ADA/USDT:USDT,0.8362,26.0,0.8361,524.0,0.8363,320.0,0.8364,1640.0
1753547032736,16:23:52.736,ADA/USDT:USDT,0.8362,26.0,0.8361,524.0,0.8363,320.0,0.8364,1640.0
1753547032830,16:23:52.830,ADA/USDT:USDT,0.8362,88.0,0.8361,524.0,0.8363,165.0,0.8364,1877.0
1753547032862,16:23:52.862,ADA/USDT:USDT,0.8362,88.0,0.8361,553.0,0.8363,165.0,0.8364,1848.0
1753547033022,16:23:53.022,ADA/USDT:USDT,0.8362,88.0,0.8361,524.0,0.8363,320.0,0.8364,1877.0
1753547033133,16:23:53.133,ADA/USDT:USDT,0.8361,524.0,0.836,269.0,0.8363,320.0,0.8364,1877.0
1753547033244,16:23:53.244,ADA/USDT:USDT,0.8361,88.0,0.836,512.0,0.8362,62.0,0.8363,320.0
1753547033334,16:23:53.334,ADA/USDT:USDT,0.8361,88.0,0.836,512.0,0.8362,62.0,0.8363,627.0
1753547033421,16:23:53.421,ADA/USDT:USDT,0.8361,88.0,0.836,512.0,0.8362,62.0,0.8363,627.0
1753547033536,16:23:53.536,ADA/USDT:USDT,0.836,50.0,0.8359,1438.0,0.8361,26.0,0.8362,275.0
1753547033630,16:23:53.630,ADA/USDT:USDT,0.836,50.0,0.8359,1438.0,0.8361,26.0,0.8362,582.0
1753547033749,16:23:53.749,ADA/USDT:USDT,0.836,205.0,0.8359,1467.0,0.8361,26.0,0.8362,582.0
1753547033820,16:23:53.820,ADA/USDT:USDT,0.836,205.0,0.8359,1496.0,0.8362,246.0,0.8363,717.0
1753547033854,16:23:53.854,ADA/USDT:USDT,0.836,205.0,0.8359,1496.0,0.8362,246.0,0.8363,717.0
1753547034008,16:23:54.008,ADA/USDT:USDT,0.8361,62.0,0.836,512.0,0.8362,62.0,0.8363,627.0
1753547034147,16:23:54.147,ADA/USDT:USDT,0.8361,62.0,0.836,512.0,0.8362,62.0,0.8363,627.0
1753547034248,16:23:54.248,ADA/USDT:USDT,0.8361,217.0,0.836,512.0,0.8362,62.0,0.8363,627.0
1753547034252,16:23:54.252,ADA/USDT:USDT,0.8361,217.0,0.836,512.0,0.8362,62.0,0.8363,627.0
1753547034437,16:23:54.437,ADA/USDT:USDT,0.8361,217.0,0.836,512.0,0.8362,62.0,0.8363,656.0
1753547034466,16:23:54.466,ADA/USDT:USDT,0.8361,217.0,0.836,512.0,0.8362,62.0,0.8363,656.0
1753547034831,16:23:54.831,ADA/USDT:USDT,0.8361,217.0,0.836,512.0,0.8362,62.0,0.8363,656.0
1753547034925,16:23:54.925,ADA/USDT:USDT,0.8361,62.0,0.836,512.0,0.8362,62.0,0.8363,656.0
1753547035020,16:23:55.020,ADA/USDT:USDT,0.8361,62.0,0.836,512.0,0.8362,217.0,0.8363,685.0
1753547035142,16:23:55.142,ADA/USDT:USDT,0.8361,62.0,0.836,541.0,0.8362,62.0,0.8363,685.0
1753547035233,16:23:55.233,ADA/USDT:USDT,0.836,205.0,0.8359,912.0,0.8362,217.0,0.8363,685.0
1753547035318,16:23:55.318,ADA/USDT:USDT,0.836,205.0,0.8359,1249.0,0.8362,217.0,0.8363,685.0
1753547035438,16:23:55.438,ADA/USDT:USDT,0.8361,62.0,0.836,513.0,0.8362,217.0,0.8363,685.0
1753547035530,16:23:55.530,ADA/USDT:USDT,0.836,205.0,0.8359,1188.0,0.8362,217.0,0.8363,685.0
1753547035603,16:23:55.603,ADA/USDT:USDT,0.836,205.0,0.8359,1188.0,0.8362,217.0,0.8363,685.0
1753547035734,16:23:55.734,ADA/USDT:USDT,0.836,205.0,0.8359,1188.0,0.8362,217.0,0.8363,685.0
1753547035772,16:23:55.772,ADA/USDT:USDT,0.836,205.0,0.8359,1188.0,0.8362,367.0,0.8363,685.0
1753547036043,16:23:56.043,ADA/USDT:USDT,0.836,205.0,0.8359,1188.0,0.8362,367.0,0.8363,685.0
1753547036065,16:23:56.065,ADA/USDT:USDT,0.836,234.0,0.8359,1188.0,0.8362,367.0,0.8363,656.0
1753547036229,16:23:56.229,ADA/USDT:USDT,0.8361,62.0,0.836,513.0,0.8362,217.0,0.8363,627.0
1753547036323,16:23:56.323,ADA/USDT:USDT,0.8361,62.0,0.836,513.0,0.8362,217.0,0.8363,656.0
1753547036444,16:23:56.444,ADA/USDT:USDT,0.8361,62.0,0.836,513.0,0.8362,217.0,0.8363,685.0
1753547036489,16:23:56.489,ADA/USDT:USDT,0.8361,62.0,0.836,513.0,0.8362,217.0,0.8363,685.0
1753547036573,16:23:56.573,ADA/USDT:USDT,0.8361,62.0,0.836,513.0,0.8362,217.0,0.8363,685.0
1753547036830,16:23:56.830,ADA/USDT:USDT,0.8361,62.0,0.836,513.0,0.8362,217.0,0.8363,685.0
1753547036933,16:23:56.933,ADA/USDT:USDT,0.836,50.0,0.8359,1130.0,0.8361,39.0,0.8362,553.0
1753547036955,16:23:56.955,ADA/USDT:USDT,0.836,50.0,0.8359,1130.0,0.8361,39.0,0.8362,553.0
1753547037098,16:23:57.098,ADA/USDT:USDT,0.836,50.0,0.8359,1130.0,0.8362,246.0,0.8363,1086.0
1753547037223,16:23:57.223,ADA/USDT:USDT,0.836,50.0,0.8359,1159.0,0.8362,246.0,0.8363,1393.0
1753547037419,16:23:57.419,ADA/USDT:USDT,0.836,50.0,0.8359,1159.0,0.8362,246.0,0.8363,1393.0
1753547037649,16:23:57.649,ADA/USDT:USDT,0.836,50.0,0.8359,1159.0,0.8362,246.0,0.8363,1393.0
1753547037945,16:23:57.945,ADA/USDT:USDT,0.836,205.0,0.8359,1159.0,0.8362,246.0,0.8363,1393.0
1753547038003,16:23:58.003,ADA/USDT:USDT,0.8361,62.0,0.836,205.0,0.8362,217.0,0.8363,627.0
1753547038109,16:23:58.109,ADA/USDT:USDT,0.8361,62.0,0.836,513.0,0.8362,217.0,0.8363,627.0
1753547038246,16:23:58.246,ADA/USDT:USDT,0.8362,307.0,0.8361,217.0,0.8363,170.0,0.8364,524.0
1753547038346,16:23:58.346,ADA/USDT:USDT,0.8361,217.0,0.836,1071.0,0.8362,26.0,0.8363,661.0
1753547038449,16:23:58.449,ADA/USDT:USDT,0.8362,62.0,0.8361,525.0,0.8363,325.0,0.8364,553.0
1753547038520,16:23:58.520,ADA/USDT:USDT,0.8362,62.0,0.8361,525.0,0.8363,325.0,0.8364,524.0
1753547038635,16:23:58.635,ADA/USDT:USDT,0.8362,62.0,0.8361,525.0,0.8363,325.0,0.8364,582.0
1753547038743,16:23:58.743,ADA/USDT:USDT,0.8362,62.0,0.8361,891.0,0.8363,325.0,0.8364,553.0
1753547038753,16:23:58.753,ADA/USDT:USDT,0.8362,62.0,0.8361,891.0,0.8363,325.0,0.8364,553.0
1753547038933,16:23:58.933,ADA/USDT:USDT,0.8361,583.0,0.836,1188.0,0.8363,325.0,0.8364,582.0
1753547039044,16:23:59.044,ADA/USDT:USDT,0.8361,583.0,0.836,1188.0,0.8363,354.0,0.8364,553.0
1753547039097,16:23:59.097,ADA/USDT:USDT,0.8361,583.0,0.836,633.0,0.8363,354.0,0.8364,553.0
1753547039170,16:23:59.170,ADA/USDT:USDT,0.8361,583.0,0.836,662.0,0.8363,354.0,0.8364,553.0
1753547039310,16:23:59.310,ADA/USDT:USDT,0.8361,583.0,0.836,662.0,0.8363,354.0,0.8364,553.0
1753547039637,16:23:59.637,ADA/USDT:USDT,0.8362,62.0,0.8361,525.0,0.8363,325.0,0.8364,582.0
1753547039743,16:23:59.743,ADA/USDT:USDT,0.8362,62.0,0.8361,525.0,0.8363,325.0,0.8364,582.0
1753547039842,16:23:59.842,ADA/USDT:USDT,0.8362,217.0,0.8361,554.0,0.8363,170.0,0.8364,246.0
1753547039909,16:23:59.909,ADA/USDT:USDT,0.8362,217.0,0.8361,554.0,0.8363,170.0,0.8364,246.0
1753547040037,16:24:00.037,ADA/USDT:USDT,0.8362,217.0,0.8361,920.0,0.8363,62.0,0.8364,217.0
1753547040120,16:24:00.120,ADA/USDT:USDT,0.8362,217.0,0.8361,920.0,0.8363,62.0,0.8364,525.0
1753547040247,16:24:00.247,ADA/USDT:USDT,0.8363,88.0,0.8362,554.0,0.8364,62.0,0.8365,1544.0
1753547040313,16:24:00.313,ADA/USDT:USDT,0.8363,88.0,0.8362,554.0,0.8364,62.0,0.8365,1473.0
1753547040429,16:24:00.429,ADA/USDT:USDT,0.8363,235.0,0.8362,554.0,0.8364,62.0,0.8365,1781.0
1753547040545,16:24:00.545,ADA/USDT:USDT,0.8363,88.0,0.8362,525.0,0.8364,62.0,0.8365,1839.0
1753547040614,16:24:00.614,ADA/USDT:USDT,0.8363,88.0,0.8362,525.0,0.8364,209.0,0.8365,1839.0
1753547040709,16:24:00.709,ADA/USDT:USDT,0.8363,88.0,0.8362,525.0,0.8364,209.0,0.8365,1839.0
1753547040838,16:24:00.838,ADA/USDT:USDT,0.8363,88.0,0.8362,525.0,0.8364,209.0,0.8365,1810.0
1753547040862,16:24:00.862,ADA/USDT:USDT,0.8363,88.0,0.8362,525.0,0.8364,209.0,0.8365,1810.0
1753547041012,16:24:01.012,ADA/USDT:USDT,0.8363,88.0,0.8362,525.0,0.8364,209.0,0.8365,1810.0
1753547041142,16:24:01.142,ADA/USDT:USDT,0.8363,88.0,0.8362,525.0,0.8364,62.0,0.8365,1810.0
1753547041246,16:24:01.246,ADA/USDT:USDT,0.8363,88.0,0.8362,525.0,0.8364,74.0,0.8365,1839.0
1753547041348,16:24:01.348,ADA/USDT:USDT,0.8363,88.0,0.8362,554.0,0.8364,74.0,0.8365,1810.0
1753547041444,16:24:01.444,ADA/USDT:USDT,0.8363,88.0,0.8362,554.0,0.8364,74.0,0.8365,1810.0
1753547041496,16:24:01.496,ADA/USDT:USDT,0.8363,88.0,0.8362,554.0,0.8364,74.0,0.8365,1810.0
1753547041629,16:24:01.629,ADA/USDT:USDT,0.8363,88.0,0.8362,554.0,0.8364,221.0,0.8365,1810.0
1753547041729,16:24:01.729,ADA/USDT:USDT,0.8363,88.0,0.8362,554.0,0.8364,221.0,0.8365,1781.0
1753547041845,16:24:01.845,ADA/USDT:USDT,0.8363,88.0,0.8362,554.0,0.8364,221.0,0.8365,1781.0
1753547041943,16:24:01.943,ADA/USDT:USDT,0.8363,88.0,0.8362,525.0,0.8364,221.0,0.8365,1839.0
1753547042031,16:24:02.031,ADA/USDT:USDT,0.8363,88.0,0.8362,554.0,0.8364,74.0,0.8365,1810.0
1753547042142,16:24:02.142,ADA/USDT:USDT,0.8363,62.0,0.8362,525.0,0.8364,221.0,0.8365,1839.0
1753547042229,16:24:02.229,ADA/USDT:USDT,0.8363,62.0,0.8362,525.0,0.8364,221.0,0.8365,1839.0
1753547042334,16:24:02.334,ADA/USDT:USDT,0.8363,62.0,0.8362,525.0,0.8364,221.0,0.8365,980.0
1753547042446,16:24:02.446,ADA/USDT:USDT,0.8363,62.0,0.8362,525.0,0.8364,221.0,0.8365,980.0
1753547042515,16:24:02.515,ADA/USDT:USDT,0.8363,62.0,0.8362,525.0,0.8364,74.0,0.8365,951.0
1753547042649,16:24:02.649,ADA/USDT:USDT,0.8362,217.0,0.8361,1186.0,0.8364,250.0,0.8365,951.0
1753547042748,16:24:02.748,ADA/USDT:USDT,0.8362,217.0,0.8361,1186.0,0.8364,221.0,0.8365,922.0
1753547042804,16:24:02.804,ADA/USDT:USDT,0.8362,217.0,0.8361,1186.0,0.8364,221.0,0.8365,922.0
1753547042940,16:24:02.940,ADA/USDT:USDT,0.8362,217.0,0.8361,1186.0,0.8364,221.0,0.8365,922.0
1753547043047,16:24:03.047,ADA/USDT:USDT,0.8363,62.0,0.8362,526.0,0.8364,221.0,0.8365,980.0
1753547043076,16:24:03.076,ADA/USDT:USDT,0.8363,62.0,0.8362,526.0,0.8364,221.0,0.8365,980.0
1753547043217,16:24:03.217,ADA/USDT:USDT,0.8363,62.0,0.8362,526.0,0.8364,221.0,0.8365,951.0
1753547043340,16:24:03.340,ADA/USDT:USDT,0.8363,62.0,0.8362,526.0,0.8364,221.0,0.8365,980.0
1753547043393,16:24:03.393,ADA/USDT:USDT,0.8363,62.0,0.8362,526.0,0.8364,221.0,0.8365,980.0
1753547043516,16:24:03.516,ADA/USDT:USDT,0.8363,62.0,0.8362,584.0,0.8364,74.0,0.8365,922.0
1753547043649,16:24:03.649,ADA/USDT:USDT,0.8363,62.0,0.8362,555.0,0.8364,74.0,0.8365,980.0
1753547043736,16:24:03.736,ADA/USDT:USDT,0.8363,62.0,0.8362,526.0,0.8364,74.0,0.8365,980.0
1753547043809,16:24:03.809,ADA/USDT:USDT,0.8363,62.0,0.8362,555.0,0.8364,74.0,0.8365,980.0
1753547043942,16:24:03.942,ADA/USDT:USDT,0.8363,62.0,0.8362,555.0,0.8364,74.0,0.8365,922.0
1753547044033,16:24:04.033,ADA/USDT:USDT,0.8363,62.0,0.8362,584.0,0.8364,74.0,0.8365,951.0
1753547044147,16:24:04.147,ADA/USDT:USDT,0.8364,88.0,0.8363,547.0,0.8365,112.0,0.8366,2392.0
1753547044214,16:24:04.214,ADA/USDT:USDT,0.8364,88.0,0.8363,576.0,0.8365,112.0,0.8366,1687.0
1753547044342,16:24:04.342,ADA/USDT:USDT,0.8364,88.0,0.8363,547.0,0.8365,112.0,0.8366,1716.0
1753547044448,16:24:04.448,ADA/USDT:USDT,0.8364,88.0,0.8363,547.0,0.8365,112.0,0.8366,1745.0
1753547044503,16:24:04.503,ADA/USDT:USDT,0.8364,88.0,0.8363,547.0,0.8365,112.0,0.8366,1716.0
1753547044631,16:24:04.631,ADA/USDT:USDT,0.8364,88.0,0.8363,547.0,0.8365,112.0,0.8366,1745.0
1753547044813,16:24:04.813,ADA/USDT:USDT,0.8364,88.0,0.8363,547.0,0.8365,112.0,0.8366,886.0
1753547044904,16:24:04.904,ADA/USDT:USDT,0.8364,88.0,0.8363,547.0,0.8365,112.0,0.8366,857.0
1753547045029,16:24:05.029,ADA/USDT:USDT,0.8364,88.0,0.8363,547.0,0.8365,112.0,0.8366,886.0
1753547045118,16:24:05.118,ADA/USDT:USDT,0.8364,88.0,0.8363,547.0,0.8365,112.0,0.8366,886.0
1753547045216,16:24:05.216,ADA/USDT:USDT,0.8364,88.0,0.8363,518.0,0.8365,112.0,0.8366,886.0
1753547045338,16:24:05.338,ADA/USDT:USDT,0.8364,88.0,0.8363,547.0,0.8365,112.0,0.8366,886.0
1753547045362,16:24:05.362,ADA/USDT:USDT,0.8364,88.0,0.8363,547.0,0.8365,112.0,0.8366,886.0
1753547045508,16:24:05.508,ADA/USDT:USDT,0.8364,88.0,0.8363,518.0,0.8365,112.0,0.8366,886.0
1753547045560,16:24:05.560,ADA/USDT:USDT,0.8364,88.0,0.8363,518.0,0.8365,112.0,0.8366,1124.0
1753547045737,16:24:05.737,ADA/USDT:USDT,0.8364,88.0,0.8363,576.0,0.8365,112.0,0.8366,1066.0
1753547045845,16:24:05.845,ADA/USDT:USDT,0.8364,264.0,0.8363,696.0,0.8365,50.0,0.8366,517.0
1753547045939,16:24:05.939,ADA/USDT:USDT,0.8364,264.0,0.8363,696.0,0.8365,50.0,0.8366,517.0
1753547046049,16:24:06.049,ADA/USDT:USDT,0.8364,88.0,0.8363,667.0,0.8365,50.0,0.8366,1001.0
1753547046104,16:24:06.104,ADA/USDT:USDT,0.8364,88.0,0.8363,667.0,0.8365,50.0,0.8366,1001.0
1753547046236,16:24:06.236,ADA/USDT:USDT,0.8364,88.0,0.8363,667.0,0.8365,50.0,0.8366,1001.0
1753547046329,16:24:06.329,ADA/USDT:USDT,0.8364,88.0,0.8363,667.0,0.8365,112.0,0.8366,1001.0
1753547046413,16:24:06.413,ADA/USDT:USDT,0.8364,88.0,0.8363,667.0,0.8365,112.0,0.8366,1001.0
1753547046522,16:24:06.522,ADA/USDT:USDT,0.8364,88.0,0.8363,696.0,0.8365,112.0,0.8366,1001.0
1753547046649,16:24:06.649,ADA/USDT:USDT,0.8364,88.0,0.8363,667.0,0.8365,112.0,0.8366,1001.0
1753547046713,16:24:06.713,ADA/USDT:USDT,0.8364,88.0,0.8363,667.0,0.8365,112.0,0.8366,1001.0
1753547046803,16:24:06.803,ADA/USDT:USDT,0.8364,88.0,0.8363,667.0,0.8365,112.0,0.8366,1001.0
1753547046935,16:24:06.935,ADA/USDT:USDT,0.8364,88.0,0.8363,667.0,0.8365,112.0,0.8366,1001.0
1753547047013,16:24:07.013,ADA/USDT:USDT,0.8364,88.0,0.8363,667.0,0.8365,112.0,0.8366,1001.0
1753547047116,16:24:07.116,ADA/USDT:USDT,0.8364,88.0,0.8363,667.0,0.8365,112.0,0.8366,1001.0
1753547047166,16:24:07.166,ADA/USDT:USDT,0.8364,88.0,0.8363,667.0,0.8365,112.0,0.8366,1001.0
1753547047319,16:24:07.319,ADA/USDT:USDT,0.8364,88.0,0.8363,667.0,0.8365,112.0,0.8366,1001.0
1753547047418,16:24:07.418,ADA/USDT:USDT,0.8364,88.0,0.8363,667.0,0.8365,112.0,0.8366,1001.0
1753547047519,16:24:07.519,ADA/USDT:USDT,0.8364,88.0,0.8363,667.0,0.8365,112.0,0.8366,1001.0
1753547047606,16:24:07.606,ADA/USDT:USDT,0.8364,88.0,0.8363,667.0,0.8365,259.0,0.8366,1001.0
1753547047746,16:24:07.746,ADA/USDT:USDT,0.8364,88.0,0.8363,667.0,0.8365,259.0,0.8366,1001.0
1753547047791,16:24:07.791,ADA/USDT:USDT,0.8364,88.0,0.8363,667.0,0.8365,259.0,0.8366,1001.0
1753547047921,16:24:07.921,ADA/USDT:USDT,0.8364,88.0,0.8363,667.0,0.8365,259.0,0.8366,1002.0
1753547048040,16:24:08.040,ADA/USDT:USDT,0.8364,88.0,0.8363,696.0,0.8365,112.0,0.8366,1002.0
1753547048082,16:24:08.082,ADA/USDT:USDT,0.8364,88.0,0.8363,667.0,0.8365,112.0,0.8366,1002.0
1753547048215,16:24:08.215,ADA/USDT:USDT,0.8364,88.0,0.8363,696.0,0.8365,112.0,0.8366,1002.0
1753547048337,16:24:08.337,ADA/USDT:USDT,0.8364,88.0,0.8363,638.0,0.8365,259.0,0.8366,1031.0
1753547048437,16:24:08.437,ADA/USDT:USDT,0.8363,62.0,0.8362,217.0,0.8364,212.0,0.8365,259.0
1753547048534,16:24:08.534,ADA/USDT:USDT,0.8364,62.0,0.8363,209.0,0.8365,259.0,0.8366,1827.0
1753547048554,16:24:08.554,ADA/USDT:USDT,0.8364,62.0,0.8363,518.0,0.8365,259.0,0.8366,1151.0
1753547048734,16:24:08.734,ADA/USDT:USDT,0.8364,62.0,0.8363,547.0,0.8365,259.0,0.8366,1122.0
1753547048820,16:24:08.820,ADA/USDT:USDT,0.8364,62.0,0.8363,547.0,0.8365,259.0,0.8366,1122.0
1753547048932,16:24:08.932,ADA/USDT:USDT,0.8364,62.0,0.8363,547.0,0.8365,112.0,0.8366,1122.0
1753547049028,16:24:09.028,ADA/USDT:USDT,0.8364,62.0,0.8363,576.0,0.8365,112.0,0.8366,1122.0
1753547049124,16:24:09.124,ADA/USDT:USDT,0.8364,62.0,0.8363,547.0,0.8365,112.0,0.8366,1122.0
1753547049209,16:24:09.209,ADA/USDT:USDT,0.8364,62.0,0.8363,547.0,0.8365,112.0,0.8366,1122.0
1753547049428,16:24:09.428,ADA/USDT:USDT,0.8364,62.0,0.8363,547.0,0.8365,112.0,0.8366,1122.0
1753547049538,16:24:09.538,ADA/USDT:USDT,0.8364,62.0,0.8363,518.0,0.8365,259.0,0.8366,1151.0
1753547049570,16:24:09.570,ADA/USDT:USDT,0.8364,62.0,0.8363,518.0,0.8365,259.0,0.8366,1151.0
1753547049719,16:24:09.719,ADA/USDT:USDT,0.8364,62.0,0.8363,518.0,0.8365,259.0,0.8366,1151.0
1753547049804,16:24:09.804,ADA/USDT:USDT,0.8364,62.0,0.8363,547.0,0.8365,259.0,0.8366,1151.0
1753547049934,16:24:09.934,ADA/USDT:USDT,0.8364,62.0,0.8363,547.0,0.8365,259.0,0.8366,1122.0
1753547050047,16:24:10.047,ADA/USDT:USDT,0.8364,62.0,0.8363,576.0,0.8365,259.0,0.8366,1122.0
1753547050125,16:24:10.125,ADA/USDT:USDT,0.8364,62.0,0.8363,576.0,0.8365,259.0,0.8366,1093.0
1753547050221,16:24:10.221,ADA/USDT:USDT,0.8364,62.0,0.8363,576.0,0.8365,259.0,0.8366,1093.0
1753547050273,16:24:10.273,ADA/USDT:USDT,0.8364,62.0,0.8363,547.0,0.8365,259.0,0.8366,1122.0
1753547050444,16:24:10.444,ADA/USDT:USDT,0.8364,62.0,0.8363,576.0,0.8365,259.0,0.8366,1122.0
1753547050521,16:24:10.521,ADA/USDT:USDT,0.8364,62.0,0.8363,547.0,0.8365,259.0,0.8366,1122.0
1753547050604,16:24:10.604,ADA/USDT:USDT,0.8363,238.0,0.8362,587.0,0.8365,259.0,0.8366,1122.0
1753547050661,16:24:10.661,ADA/USDT:USDT,0.8363,238.0,0.8362,587.0,0.8365,259.0,0.8366,1122.0
1753547050824,16:24:10.824,ADA/USDT:USDT,0.8364,62.0,0.8363,697.0,0.8365,259.0,0.8366,1122.0
1753547050906,16:24:10.906,ADA/USDT:USDT,0.8364,62.0,0.8363,726.0,0.8365,259.0,0.8366,1122.0
1753547051022,16:24:11.022,ADA/USDT:USDT,0.8364,62.0,0.8363,697.0,0.8365,259.0,0.8366,1122.0
1753547051134,16:24:11.134,ADA/USDT:USDT,0.8364,62.0,0.8363,697.0,0.8365,259.0,0.8366,1151.0
1753547051276,16:24:11.276,ADA/USDT:USDT,0.8364,62.0,0.8363,668.0,0.8365,259.0,0.8366,1151.0
1753547051421,16:24:11.421,ADA/USDT:USDT,0.8364,62.0,0.8363,697.0,0.8365,259.0,0.8366,1151.0
1753547051513,16:24:11.513,ADA/USDT:USDT,0.8364,62.0,0.8363,697.0,0.8365,259.0,0.8366,1151.0
1753547051610,16:24:11.610,ADA/USDT:USDT,0.8364,62.0,0.8363,697.0,0.8365,259.0,0.8366,1122.0
1753547051742,16:24:11.742,ADA/USDT:USDT,0.8364,62.0,0.8363,726.0,0.8365,259.0,0.8366,1122.0
1753547051832,16:24:11.832,ADA/USDT:USDT,0.8364,62.0,0.8363,726.0,0.8365,112.0,0.8366,1122.0
1753547051890,16:24:11.890,ADA/USDT:USDT,0.8364,62.0,0.8363,726.0,0.8365,112.0,0.8366,1122.0
1753547052025,16:24:12.025,ADA/USDT:USDT,0.8364,50.0,0.8363,726.0,0.8365,112.0,0.8366,1093.0
1753547052128,16:24:12.128,ADA/USDT:USDT,0.8364,50.0,0.8363,726.0,0.8365,259.0,0.8366,1093.0
1753547052245,16:24:12.245,ADA/USDT:USDT,0.8364,50.0,0.8363,726.0,0.8365,259.0,0.8366,1093.0
1753547052343,16:24:12.343,ADA/USDT:USDT,0.8364,312.0,0.8363,1273.0,0.8365,50.0,0.8366,112.0
1753547052434,16:24:12.434,ADA/USDT:USDT,0.8364,254.0,0.8363,1273.0,0.8365,50.0,0.8366,112.0
1753547052520,16:24:12.520,ADA/USDT:USDT,0.8364,283.0,0.8363,1273.0,0.8365,50.0,0.8366,174.0
1753547052639,16:24:12.639,ADA/USDT:USDT,0.8364,283.0,0.8363,1273.0,0.8365,50.0,0.8366,174.0
1753547052674,16:24:12.674,ADA/USDT:USDT,0.8364,283.0,0.8363,1273.0,0.8365,50.0,0.8366,174.0
1753547052817,16:24:12.817,ADA/USDT:USDT,0.8364,254.0,0.8363,1273.0,0.8365,50.0,0.8366,174.0
1753547052859,16:24:12.859,ADA/USDT:USDT,0.8364,254.0,0.8363,1215.0,0.8365,50.0,0.8366,174.0
1753547053049,16:24:13.049,ADA/USDT:USDT,0.8364,254.0,0.8363,1215.0,0.8365,50.0,0.8366,174.0
1753547053123,16:24:13.123,ADA/USDT:USDT,0.8364,254.0,0.8363,1273.0,0.8365,50.0,0.8366,174.0
1753547053212,16:24:13.212,ADA/USDT:USDT,0.8364,254.0,0.8363,1273.0,0.8365,50.0,0.8366,174.0
1753547053342,16:24:13.342,ADA/USDT:USDT,0.8364,254.0,0.8363,1273.0,0.8365,50.0,0.8366,174.0
1753547053401,16:24:13.401,ADA/USDT:USDT,0.8364,254.0,0.8363,1273.0,0.8365,50.0,0.8366,174.0
1753547053542,16:24:13.542,ADA/USDT:USDT,0.8364,254.0,0.8363,1215.0,0.8365,50.0,0.8366,630.0
1753547053642,16:24:13.642,ADA/USDT:USDT,0.8364,197.0,0.8363,1183.0,0.8365,50.0,0.8366,630.0
1753547053746,16:24:13.746,ADA/USDT:USDT,0.8364,197.0,0.8363,1183.0,0.8365,50.0,0.8366,659.0
1753547053767,16:24:13.767,ADA/USDT:USDT,0.8364,197.0,0.8363,1183.0,0.8365,50.0,0.8366,659.0
1753547053870,16:24:13.870,ADA/USDT:USDT,0.8364,197.0,0.8363,1154.0,0.8365,50.0,0.8366,659.0
1753547054038,16:24:14.038,ADA/USDT:USDT,0.8364,197.0,0.8363,1212.0,0.8365,50.0,0.8366,321.0
1753547054148,16:24:14.148,ADA/USDT:USDT,0.8364,226.0,0.8363,1212.0,0.8365,50.0,0.8366,321.0
1753547054249,16:24:14.249,ADA/USDT:USDT,0.8364,197.0,0.8363,1212.0,0.8365,50.0,0.8366,321.0
1753547054347,16:24:14.347,ADA/USDT:USDT,0.8364,197.0,0.8363,1212.0,0.8365,50.0,0.8366,630.0
1753547054424,16:24:14.424,ADA/USDT:USDT,0.8364,197.0,0.8363,1212.0,0.8365,50.0,0.8366,659.0
1753547054518,16:24:14.518,ADA/USDT:USDT,0.8364,50.0,0.8363,1212.0,0.8365,50.0,0.8366,630.0
1753547054596,16:24:14.596,ADA/USDT:USDT,0.8364,50.0,0.8363,1212.0,0.8365,50.0,0.8366,659.0
1753547054748,16:24:14.748,ADA/USDT:USDT,0.8364,50.0,0.8363,1212.0,0.8365,50.0,0.8366,630.0
1753547054839,16:24:14.839,ADA/USDT:USDT,0.8364,112.0,0.8363,1452.0,0.8365,50.0,0.8366,321.0
1753547054913,16:24:14.913,ADA/USDT:USDT,0.8364,55.0,0.8363,1452.0,0.8365,50.0,0.8366,321.0
1753547055045,16:24:15.045,ADA/USDT:USDT,0.8364,50.0,0.8363,1247.0,0.8365,259.0,0.8366,688.0
1753547055149,16:24:15.149,ADA/USDT:USDT,0.8366,31.0,0.8365,372.0,0.8367,496.0,0.8368,518.0
1753547055249,16:24:15.249,ADA/USDT:USDT,0.8365,62.0,0.8364,1092.0,0.8366,26.0,0.8367,587.0
1753547055340,16:24:15.340,ADA/USDT:USDT,0.8364,359.0,0.8363,1882.0,0.8366,445.0,0.8367,925.0
1753547055392,16:24:15.392,ADA/USDT:USDT,0.8364,209.0,0.8363,1882.0,0.8366,445.0,0.8367,925.0
1753547055545,16:24:15.545,ADA/USDT:USDT,0.8364,209.0,0.8363,1882.0,0.8366,388.0,0.8367,925.0
1753547055645,16:24:15.645,ADA/USDT:USDT,0.8364,62.0,0.8363,647.0,0.8365,266.0,0.8366,388.0
1753547055736,16:24:15.736,ADA/USDT:USDT,0.8364,62.0,0.8363,449.0,0.8365,89.0,0.8366,388.0
1753547055836,16:24:15.836,ADA/USDT:USDT,0.8364,62.0,0.8363,759.0,0.8365,89.0,0.8366,726.0
1753547055949,16:24:15.949,ADA/USDT:USDT,0.8365,62.0,0.8364,605.0,0.8366,62.0,0.8367,1016.0
1753547056015,16:24:16.015,ADA/USDT:USDT,0.8365,62.0,0.8364,605.0,0.8366,62.0,0.8367,896.0
1753547056113,16:24:16.113,ADA/USDT:USDT,0.8365,62.0,0.8364,576.0,0.8366,62.0,0.8367,925.0
1753547056239,16:24:16.239,ADA/USDT:USDT,0.8365,62.0,0.8364,576.0,0.8366,209.0,0.8367,925.0
1753547056417,16:24:16.417,ADA/USDT:USDT,0.8365,62.0,0.8364,519.0,0.8366,209.0,0.8367,925.0
1753547056606,16:24:16.606,ADA/USDT:USDT,0.8365,62.0,0.8364,548.0,0.8366,62.0,0.8367,896.0
1753547056749,16:24:16.749,ADA/USDT:USDT,0.8365,62.0,0.8364,577.0,0.8366,62.0,0.8367,867.0
1753547056814,16:24:16.814,ADA/USDT:USDT,0.8365,62.0,0.8364,548.0,0.8366,62.0,0.8367,896.0
1753547057001,16:24:17.001,ADA/USDT:USDT,0.8365,62.0,0.8364,548.0,0.8366,62.0,0.8367,896.0
1753547057115,16:24:17.115,ADA/USDT:USDT,0.8365,62.0,0.8364,519.0,0.8366,62.0,0.8367,925.0
1753547057322,16:24:17.322,ADA/USDT:USDT,0.8365,62.0,0.8364,519.0,0.8366,209.0,0.8367,925.0
1753547057359,16:24:17.359,ADA/USDT:USDT,0.8365,62.0,0.8364,519.0,0.8366,209.0,0.8367,925.0
1753547057642,16:24:17.642,ADA/USDT:USDT,0.8365,62.0,0.8364,519.0,0.8366,209.0,0.8367,896.0
1753547057745,16:24:17.745,ADA/USDT:USDT,0.8366,26.0,0.8365,519.0,0.8367,558.0,0.8368,1421.0
1753547057843,16:24:17.843,ADA/USDT:USDT,0.8366,26.0,0.8365,519.0,0.8367,558.0,0.8368,1450.0
1753547057947,16:24:17.947,ADA/USDT:USDT,0.8366,235.0,0.8365,914.0,0.8367,361.0,0.8368,1068.0
1753547058040,16:24:18.040,ADA/USDT:USDT,0.8366,88.0,0.8365,548.0,0.8367,357.0,0.8368,1377.0
1753547058149,16:24:18.149,ADA/USDT:USDT,0.8366,88.0,0.8365,548.0,0.8367,357.0,0.8368,1377.0
1753547058249,16:24:18.249,ADA/USDT:USDT,0.8366,235.0,0.8365,943.0,0.8367,357.0,0.8368,1039.0
1753547058349,16:24:18.349,ADA/USDT:USDT,0.8366,88.0,0.8365,519.0,0.8367,392.0,0.8368,1097.0
1753547058443,16:24:18.443,ADA/USDT:USDT,0.8366,62.0,0.8365,519.0,0.8367,245.0,0.8368,1406.0
1753547058539,16:24:18.539,ADA/USDT:USDT,0.8366,62.0,0.8365,519.0,0.8367,245.0,0.8368,1377.0
1753547058612,16:24:18.612,ADA/USDT:USDT,0.8366,62.0,0.8365,519.0,0.8367,245.0,0.8368,1377.0
1753547058744,16:24:18.744,ADA/USDT:USDT,0.8366,62.0,0.8365,519.0,0.8367,245.0,0.8368,1377.0
1753547058844,16:24:18.844,ADA/USDT:USDT,0.8366,62.0,0.8365,669.0,0.8367,307.0,0.8368,1406.0
1753547058935,16:24:18.935,ADA/USDT:USDT,0.8366,62.0,0.8365,669.0,0.8367,307.0,0.8368,1406.0
1753547059019,16:24:19.019,ADA/USDT:USDT,0.8366,62.0,0.8365,669.0,0.8367,307.0,0.8368,1406.0
1753547059073,16:24:19.073,ADA/USDT:USDT,0.8366,62.0,0.8365,669.0,0.8367,307.0,0.8368,1406.0
1753547059238,16:24:19.238,ADA/USDT:USDT,0.8366,62.0,0.8365,669.0,0.8367,307.0,0.8368,1406.0
1753547059347,16:24:19.347,ADA/USDT:USDT,0.8366,62.0,0.8365,698.0,0.8367,307.0,0.8368,1377.0
1753547059449,16:24:19.449,ADA/USDT:USDT,0.8366,267.0,0.8365,727.0,0.8367,13.0,0.8368,1039.0
1753547059531,16:24:19.531,ADA/USDT:USDT,0.8366,62.0,0.8365,1035.0,0.8367,75.0,0.8368,1377.0
1753547059635,16:24:19.635,ADA/USDT:USDT,0.8364,737.0,0.8363,837.0,0.8365,209.0,0.8366,559.0
1753547059739,16:24:19.739,ADA/USDT:USDT,0.8364,62.0,0.8363,759.0,0.8365,62.0,0.8366,547.0
1753547059840,16:24:19.840,ADA/USDT:USDT,0.8365,88.0,0.8364,548.0,0.8366,209.0,0.8367,548.0
1753547059948,16:24:19.948,ADA/USDT:USDT,0.8365,88.0,0.8364,519.0,0.8366,62.0,0.8367,577.0
1753547060009,16:24:20.009,ADA/USDT:USDT,0.8365,26.0,0.8364,519.0,0.8366,231.0,0.8367,580.0
1753547060129,16:24:20.129,ADA/USDT:USDT,0.8364,209.0,0.8363,1125.0,0.8366,260.0,0.8367,671.0
1753547060196,16:24:20.196,ADA/USDT:USDT,0.8364,209.0,0.8363,1125.0,0.8366,202.0,0.8367,671.0
1753547060309,16:24:20.309,ADA/USDT:USDT,0.8364,209.0,0.8363,1154.0,0.8366,62.0,0.8367,671.0
1753547060448,16:24:20.448,ADA/USDT:USDT,0.8364,209.0,0.8363,1125.0,0.8366,202.0,0.8367,671.0
1753547060549,16:24:20.549,ADA/USDT:USDT,0.8365,90.0,0.8364,519.0,0.8366,202.0,0.8367,580.0
1753547060599,16:24:20.599,ADA/USDT:USDT,0.8365,62.0,0.8364,519.0,0.8366,202.0,0.8367,580.0
1753547060705,16:24:20.705,ADA/USDT:USDT,0.8365,62.0,0.8364,519.0,0.8366,62.0,0.8367,671.0
1753547060807,16:24:20.807,ADA/USDT:USDT,0.8365,62.0,0.8364,519.0,0.8366,202.0,0.8367,700.0
1753547060919,16:24:20.919,ADA/USDT:USDT,0.8365,62.0,0.8364,519.0,0.8366,202.0,0.8367,700.0
1753547061145,16:24:21.145,ADA/USDT:USDT,0.8364,209.0,0.8363,996.0,0.8366,231.0,0.8367,671.0
1753547061238,16:24:21.238,ADA/USDT:USDT,0.8364,209.0,0.8363,1245.0,0.8366,443.0,0.8367,671.0
1753547061342,16:24:21.342,ADA/USDT:USDT,0.8364,209.0,0.8363,1274.0,0.8366,443.0,0.8367,642.0
1753547061430,16:24:21.430,ADA/USDT:USDT,0.8364,209.0,0.8363,1274.0,0.8366,501.0,0.8367,642.0
1753547061546,16:24:21.546,ADA/USDT:USDT,0.8364,209.0,0.8363,1274.0,0.8366,443.0,0.8367,671.0
1753547061649,16:24:21.649,ADA/USDT:USDT,0.8364,62.0,0.8363,1245.0,0.8365,62.0,0.8366,501.0
1753547061748,16:24:21.748,ADA/USDT:USDT,0.8364,62.0,0.8363,1245.0,0.8365,202.0,0.8366,781.0
1753547061833,16:24:21.833,ADA/USDT:USDT,0.8364,62.0,0.8363,1245.0,0.8365,202.0,0.8366,810.0
1753547061913,16:24:21.913,ADA/USDT:USDT,0.8364,62.0,0.8363,1245.0,0.8365,202.0,0.8366,810.0
1753547062004,16:24:22.004,ADA/USDT:USDT,0.8364,62.0,0.8363,1245.0,0.8365,202.0,0.8366,810.0
1753547062138,16:24:22.138,ADA/USDT:USDT,0.8363,935.0,0.8362,1989.0,0.8365,202.0,0.8366,781.0
1753547062249,16:24:22.249,ADA/USDT:USDT,0.8363,62.0,0.8362,1280.0,0.8365,231.0,0.8366,752.0
1753547062333,16:24:22.333,ADA/USDT:USDT,0.8363,62.0,0.8362,527.0,0.8364,202.0,0.8365,569.0
1753547062442,16:24:22.442,ADA/USDT:USDT,0.8362,217.0,0.8361,971.0,0.8364,202.0,0.8365,540.0
1753547062549,16:24:22.549,ADA/USDT:USDT,0.8362,246.0,0.8361,971.0,0.8364,202.0,0.8365,511.0
1753547062600,16:24:22.600,ADA/USDT:USDT,0.8362,246.0,0.8361,971.0,0.8364,202.0,0.8365,511.0
1753547062721,16:24:22.721,ADA/USDT:USDT,0.8362,275.0,0.8361,971.0,0.8364,202.0,0.8365,511.0
1753547062842,16:24:22.842,ADA/USDT:USDT,0.8362,217.0,0.8361,954.0,0.8364,202.0,0.8365,569.0
1753547062941,16:24:22.941,ADA/USDT:USDT,0.8362,217.0,0.8361,893.0,0.8364,202.0,0.8365,569.0
1753547063037,16:24:23.037,ADA/USDT:USDT,0.8363,62.0,0.8362,527.0,0.8364,62.0,0.8365,569.0
1753547063104,16:24:23.104,ADA/USDT:USDT,0.8363,62.0,0.8362,556.0,0.8364,62.0,0.8365,569.0
1753547063248,16:24:23.248,ADA/USDT:USDT,0.8363,62.0,0.8362,556.0,0.8364,62.0,0.8365,569.0
1753547063308,16:24:23.308,ADA/USDT:USDT,0.8363,62.0,0.8362,556.0,0.8364,62.0,0.8365,569.0
1753547063439,16:24:23.439,ADA/USDT:USDT,0.8363,62.0,0.8362,556.0,0.8364,62.0,0.8365,569.0
1753547063546,16:24:23.546,ADA/USDT:USDT,0.8363,202.0,0.8362,585.0,0.8364,62.0,0.8365,540.0
1753547063641,16:24:23.641,ADA/USDT:USDT,0.8363,202.0,0.8362,585.0,0.8365,231.0,0.8366,2039.0
1753547063737,16:24:23.737,ADA/USDT:USDT,0.8364,285.0,0.8363,1028.0,0.8365,62.0,0.8366,2288.0
1753547063834,16:24:23.834,ADA/USDT:USDT,0.8364,257.0,0.8363,1057.0,0.8365,62.0,0.8366,1612.0
1753547063934,16:24:23.934,ADA/USDT:USDT,0.8364,228.0,0.8363,541.0,0.8365,74.0,0.8366,1641.0
1753547064007,16:24:24.007,ADA/USDT:USDT,0.8364,228.0,0.8363,541.0,0.8365,74.0,0.8366,1641.0
1753547064144,16:24:24.144,ADA/USDT:USDT,0.8364,228.0,0.8363,541.0,0.8365,74.0,0.8366,1670.0
1753547064249,16:24:24.249,ADA/USDT:USDT,0.8364,88.0,0.8363,512.0,0.8365,74.0,0.8366,1670.0
1753547064326,16:24:24.326,ADA/USDT:USDT,0.8364,88.0,0.8363,512.0,0.8365,214.0,0.8366,1670.0
1753547064436,16:24:24.436,ADA/USDT:USDT,0.8364,88.0,0.8363,512.0,0.8365,214.0,0.8366,1670.0
1753547064545,16:24:24.545,ADA/USDT:USDT,0.8364,88.0,0.8363,512.0,0.8365,74.0,0.8366,1670.0
1753547064603,16:24:24.603,ADA/USDT:USDT,0.8364,88.0,0.8363,541.0,0.8365,74.0,0.8366,1670.0
1753547064723,16:24:24.723,ADA/USDT:USDT,0.8364,88.0,0.8363,541.0,0.8365,74.0,0.8366,1641.0
1753547064844,16:24:24.844,ADA/USDT:USDT,0.8364,228.0,0.8363,541.0,0.8365,74.0,0.8366,1641.0
1753547064910,16:24:24.910,ADA/USDT:USDT,0.8364,228.0,0.8363,541.0,0.8365,74.0,0.8366,1641.0
1753547065001,16:24:25.001,ADA/USDT:USDT,0.8364,228.0,0.8363,541.0,0.8365,74.0,0.8366,1641.0
1753547065128,16:24:25.128,ADA/USDT:USDT,0.8364,228.0,0.8363,541.0,0.8365,74.0,0.8366,1641.0
1753547065247,16:24:25.247,ADA/USDT:USDT,0.8364,228.0,0.8363,541.0,0.8365,74.0,0.8366,1641.0
1753547065334,16:24:25.334,ADA/USDT:USDT,0.8364,228.0,0.8363,541.0,0.8365,74.0,0.8366,1641.0
1753547065432,16:24:25.432,ADA/USDT:USDT,0.8364,88.0,0.8363,512.0,0.8365,74.0,0.8366,1670.0
1753547065534,16:24:25.534,ADA/USDT:USDT,0.8363,512.0,0.8362,513.0,0.8365,243.0,0.8366,1670.0
1753547065596,16:24:25.596,ADA/USDT:USDT,0.8363,62.0,0.8362,762.0,0.8364,364.0,0.8365,573.0
1753547065741,16:24:25.741,ADA/USDT:USDT,0.8363,62.0,0.8362,762.0,0.8364,364.0,0.8365,573.0
1753547065848,16:24:25.848,ADA/USDT:USDT,0.8363,62.0,0.8362,762.0,0.8364,352.0,0.8365,573.0
1753547065917,16:24:25.917,ADA/USDT:USDT,0.8363,62.0,0.8362,762.0,0.8364,352.0,0.8365,544.0
1753547065996,16:24:25.996,ADA/USDT:USDT,0.8363,62.0,0.8362,762.0,0.8364,352.0,0.8365,573.0
1753547066078,16:24:26.078,ADA/USDT:USDT,0.8363,62.0,0.8362,762.0,0.8364,352.0,0.8365,544.0
1753547066249,16:24:26.249,ADA/USDT:USDT,0.8363,62.0,0.8362,762.0,0.8364,352.0,0.8365,544.0
1753547066322,16:24:26.322,ADA/USDT:USDT,0.8363,62.0,0.8362,791.0,0.8364,202.0,0.8365,541.0
1753547066444,16:24:26.444,ADA/USDT:USDT,0.8363,62.0,0.8362,820.0,0.8364,62.0,0.8365,202.0
1753547066540,16:24:26.540,ADA/USDT:USDT,0.8363,62.0,0.8362,820.0,0.8364,62.0,0.8365,541.0
1753547066634,16:24:26.634,ADA/USDT:USDT,0.8363,62.0,0.8362,820.0,0.8364,62.0,0.8365,512.0
1753547066740,16:24:26.740,ADA/USDT:USDT,0.8364,101.0,0.8363,630.0,0.8365,62.0,0.8366,1302.0
1753547066844,16:24:26.844,ADA/USDT:USDT,0.8364,101.0,0.8363,601.0,0.8365,62.0,0.8366,1302.0
1753547066939,16:24:26.939,ADA/USDT:USDT,0.8364,101.0,0.8363,601.0,0.8365,74.0,0.8366,1641.0
1753547067039,16:24:27.039,ADA/USDT:USDT,0.8364,241.0,0.8363,630.0,0.8365,74.0,0.8366,1612.0
1753547067132,16:24:27.132,ADA/USDT:USDT,0.8364,241.0,0.8363,630.0,0.8365,74.0,0.8366,1612.0
1753547067245,16:24:27.245,ADA/USDT:USDT,0.8364,241.0,0.8363,630.0,0.8365,74.0,0.8366,1612.0
1753547067336,16:24:27.336,ADA/USDT:USDT,0.8364,241.0,0.8363,601.0,0.8365,74.0,0.8366,1641.0
1753547067434,16:24:27.434,ADA/USDT:USDT,0.8364,241.0,0.8363,601.0,0.8365,74.0,0.8366,1641.0
1753547067519,16:24:27.519,ADA/USDT:USDT,0.8364,101.0,0.8363,572.0,0.8365,74.0,0.8366,1670.0
1753547067620,16:24:27.620,ADA/USDT:USDT,0.8364,101.0,0.8363,515.0,0.8365,74.0,0.8366,1670.0
1753547067730,16:24:27.730,ADA/USDT:USDT,0.8364,101.0,0.8363,544.0,0.8365,74.0,0.8366,1670.0
1753547067821,16:24:27.821,ADA/USDT:USDT,0.8364,62.0,0.8363,515.0,0.8365,74.0,0.8366,1670.0
1753547067932,16:24:27.932,ADA/USDT:USDT,0.8364,62.0,0.8363,515.0,0.8365,74.0,0.8366,1670.0
1753547067981,16:24:27.981,ADA/USDT:USDT,0.8364,62.0,0.8363,515.0,0.8365,74.0,0.8366,1670.0
1753547068091,16:24:28.091,ADA/USDT:USDT,0.8364,62.0,0.8363,515.0,0.8365,74.0,0.8366,1670.0
1753547068214,16:24:28.214,ADA/USDT:USDT,0.8364,62.0,0.8363,544.0,0.8365,74.0,0.8366,1670.0
1753547068340,16:24:28.340,ADA/USDT:USDT,0.8364,62.0,0.8363,544.0,0.8365,74.0,0.8366,1670.0
1753547068449,16:24:28.449,ADA/USDT:USDT,0.8364,62.0,0.8363,544.0,0.8365,74.0,0.8366,1641.0
1753547068549,16:24:28.549,ADA/USDT:USDT,0.8364,62.0,0.8363,544.0,0.8365,74.0,0.8366,1641.0
1753547068593,16:24:28.593,ADA/USDT:USDT,0.8364,62.0,0.8363,544.0,0.8365,74.0,0.8366,1641.0
1753547068734,16:24:28.734,ADA/USDT:USDT,0.8364,62.0,0.8363,573.0,0.8365,74.0,0.8366,782.0
1753547068817,16:24:28.817,ADA/USDT:USDT,0.8364,62.0,0.8363,544.0,0.8365,74.0,0.8366,782.0
1753547068918,16:24:28.918,ADA/USDT:USDT,0.8364,202.0,0.8363,573.0,0.8365,74.0,0.8366,753.0
1753547069023,16:24:29.023,ADA/USDT:USDT,0.8364,202.0,0.8363,573.0,0.8365,12.0,0.8366,443.0
1753547069145,16:24:29.145,ADA/USDT:USDT,0.8364,202.0,0.8363,573.0,0.8365,12.0,0.8366,443.0
1753547069238,16:24:29.238,ADA/USDT:USDT,0.8364,202.0,0.8363,515.0,0.8366,443.0,0.8367,713.0
1753547069342,16:24:29.342,ADA/USDT:USDT,0.8364,202.0,0.8363,892.0,0.8366,472.0,0.8367,652.0
1753547069437,16:24:29.437,ADA/USDT:USDT,0.8364,202.0,0.8363,892.0,0.8366,484.0,0.8367,652.0
1753547069541,16:24:29.541,ADA/USDT:USDT,0.8365,88.0,0.8364,691.0,0.8366,74.0,0.8367,669.0
1753547069645,16:24:29.645,ADA/USDT:USDT,0.8365,88.0,0.8364,512.0,0.8366,214.0,0.8367,698.0
1753547069729,16:24:29.729,ADA/USDT:USDT,0.8365,228.0,0.8364,570.0,0.8366,74.0,0.8367,669.0
1753547069825,16:24:29.825,ADA/USDT:USDT,0.8365,228.0,0.8364,570.0,0.8366,74.0,0.8367,669.0
1753547069916,16:24:29.916,ADA/USDT:USDT,0.8365,228.0,0.8364,570.0,0.8366,74.0,0.8367,669.0
1753547070048,16:24:30.048,ADA/USDT:USDT,0.8365,228.0,0.8364,541.0,0.8366,74.0,0.8367,669.0
1753547070150,16:24:30.150,ADA/USDT:USDT,0.8364,202.0,0.8363,1073.0,0.8366,243.0,0.8367,669.0
1753547070249,16:24:30.249,ADA/USDT:USDT,0.8364,202.0,0.8363,1012.0,0.8366,243.0,0.8367,669.0
1753547070343,16:24:30.343,ADA/USDT:USDT,0.8364,231.0,0.8363,1012.0,0.8366,214.0,0.8367,669.0
1753547070445,16:24:30.445,ADA/USDT:USDT,0.8364,231.0,0.8363,1012.0,0.8366,214.0,0.8367,640.0
1753547070497,16:24:30.497,ADA/USDT:USDT,0.8364,231.0,0.8363,1012.0,0.8366,214.0,0.8367,640.0
1753547070623,16:24:30.623,ADA/USDT:USDT,0.8364,231.0,0.8363,1012.0,0.8366,214.0,0.8367,640.0
1753547070712,16:24:30.712,ADA/USDT:USDT,0.8364,231.0,0.8363,1012.0,0.8366,214.0,0.8367,640.0
1753547070849,16:24:30.849,ADA/USDT:USDT,0.8364,150.0,0.8363,1012.0,0.8365,62.0,0.8366,260.0
1753547070946,16:24:30.946,ADA/USDT:USDT,0.8364,150.0,0.8363,1041.0,0.8365,62.0,0.8366,541.0
1753547071034,16:24:31.034,ADA/USDT:USDT,0.8364,150.0,0.8363,1594.0,0.8365,62.0,0.8366,925.0
1753547071127,16:24:31.127,ADA/USDT:USDT,0.8364,150.0,0.8363,1594.0,0.8366,615.0,0.8367,1753.0
1753547071216,16:24:31.216,ADA/USDT:USDT,0.8364,150.0,0.8363,1594.0,0.8366,615.0,0.8367,1989.0
1753547071338,16:24:31.338,ADA/USDT:USDT,0.8365,62.0,0.8364,500.0,0.8366,214.0,0.8367,1647.0
1753547071437,16:24:31.437,ADA/USDT:USDT,0.8365,62.0,0.8364,500.0,0.8366,214.0,0.8367,942.0
1753547071543,16:24:31.543,ADA/USDT:USDT,0.8365,62.0,0.8364,471.0,0.8366,214.0,0.8367,971.0
1753547071600,16:24:31.600,ADA/USDT:USDT,0.8365,62.0,0.8364,471.0,0.8366,214.0,0.8367,1281.0
1753547071725,16:24:31.725,ADA/USDT:USDT,0.8365,62.0,0.8364,529.0,0.8366,74.0,0.8367,1281.0
1753547071842,16:24:31.842,ADA/USDT:USDT,0.8365,62.0,0.8364,529.0,0.8366,74.0,0.8367,1252.0
1753547071946,16:24:31.946,ADA/USDT:USDT,0.8365,202.0,0.8364,529.0,0.8366,74.0,0.8367,1132.0
1753547072032,16:24:32.032,ADA/USDT:USDT,0.8365,202.0,0.8364,755.0,0.8366,74.0,0.8367,822.0
1753547072150,16:24:32.150,ADA/USDT:USDT,0.8364,73.0,0.8363,881.0,0.8365,26.0,0.8366,825.0
