timestamp,time,symbol,bid1_price,bid1_volume,bid2_price,bid2_volume,ask1_price,ask1_volume,ask2_price,ask2_volume
1753546948067,16:22:28.067,1INCH/USDT:USDT,0.283,6367.8,0.2829,10828.5,0.2831,19.5,0.2832,7777.5
1753546948367,16:22:28.367,1INCH/USDT:USDT,0.283,6054.1,0.2829,9015.9,0.2831,19.5,0.2832,9558.0
1753546948466,16:22:28.466,1INCH/USDT:USDT,0.283,6054.1,0.2829,9015.9,0.2831,19.5,0.2832,9558.0
1753546949167,16:22:29.167,1INCH/USDT:USDT,0.283,6407.4,0.2829,9015.9,0.2831,19.5,0.2832,7777.5
1753546949368,16:22:29.368,1INCH/USDT:USDT,0.283,6408.7,0.2829,10828.5,0.2831,19.5,0.2832,7777.5
1753546950466,16:22:30.466,1INCH/USDT:USDT,0.283,6836.8,0.2829,10858.4,0.2831,19.5,0.2832,7777.5
1753546950867,16:22:30.867,1INCH/USDT:USDT,0.283,6483.5,0.2829,10858.4,0.2831,19.5,0.2832,9558.0
1753546952270,16:22:32.270,1INCH/USDT:USDT,0.283,7049.3,0.2829,10858.4,0.2831,19.5,0.2832,9558.0
1753546953167,16:22:33.167,1INCH/USDT:USDT,0.283,7049.6,0.2829,10858.4,0.2831,19.5,0.2832,7777.5
1753546954167,16:22:34.167,1INCH/USDT:USDT,0.283,7049.6,0.2829,10858.4,0.2831,19.5,0.2832,7777.5
1753546954266,16:22:34.266,1INCH/USDT:USDT,0.283,7049.6,0.2829,10858.4,0.2831,19.5,0.2832,7777.5
1753546954667,16:22:34.667,1INCH/USDT:USDT,0.283,7049.7,0.2829,10858.4,0.2831,19.5,0.2832,7777.5
1753546954767,16:22:34.767,1INCH/USDT:USDT,0.283,7049.7,0.2829,11042.2,0.2831,19.5,0.2832,7777.5
1753546955667,16:22:35.667,1INCH/USDT:USDT,0.283,7049.7,0.2829,11107.8,0.2831,19.5,0.2832,7777.5
1753546955766,16:22:35.766,1INCH/USDT:USDT,0.283,7049.7,0.2829,11172.3,0.2831,19.5,0.2832,7777.5
1753546955967,16:22:35.967,1INCH/USDT:USDT,0.283,7052.6,0.2829,11172.3,0.2831,19.5,0.2832,7777.5
1753546956567,16:22:36.567,1INCH/USDT:USDT,0.283,7052.6,0.2829,11172.3,0.2831,19.5,0.2832,7777.5
1753546957267,16:22:37.267,1INCH/USDT:USDT,0.283,7052.6,0.2829,11172.3,0.2831,19.5,0.2832,7776.5
1753546957466,16:22:37.466,1INCH/USDT:USDT,0.283,7052.6,0.2829,11172.3,0.2831,19.5,0.2832,7776.5
1753546959967,16:22:39.967,1INCH/USDT:USDT,0.283,7052.6,0.2829,11172.3,0.2831,19.5,0.2832,6450.8
1753546960067,16:22:40.067,1INCH/USDT:USDT,0.2831,4371.7,0.283,11872.4,0.2832,557.0,0.2833,16221.2
1753546960167,16:22:40.167,1INCH/USDT:USDT,0.2831,2791.8,0.283,11622.0,0.2832,1917.1,0.2833,16346.3
1753546960272,16:22:40.272,1INCH/USDT:USDT,0.2831,2791.8,0.283,11622.0,0.2832,1917.1,0.2833,16346.3
1753546960367,16:22:40.367,1INCH/USDT:USDT,0.2831,2791.8,0.283,11622.0,0.2832,2042.2,0.2833,16346.3
1753546960467,16:22:40.467,1INCH/USDT:USDT,0.2831,2083.4,0.283,11622.0,0.2832,2042.2,0.2833,16346.3
1753546960567,16:22:40.567,1INCH/USDT:USDT,0.2831,2083.4,0.283,11622.0,0.2832,2042.2,0.2833,16346.3
1753546960667,16:22:40.667,1INCH/USDT:USDT,0.283,9079.4,0.2829,11198.9,0.2832,2042.2,0.2833,16346.3
1753546960768,16:22:40.768,1INCH/USDT:USDT,0.283,9079.4,0.2829,11198.9,0.2832,2042.2,0.2833,16346.3
1753546960867,16:22:40.867,1INCH/USDT:USDT,0.283,9204.7,0.2829,11198.9,0.2832,2042.2,0.2833,16346.3
1753546961067,16:22:41.067,1INCH/USDT:USDT,0.283,9329.8,0.2829,10921.9,0.2832,1917.1,0.2833,16221.2
1753546961167,16:22:41.167,1INCH/USDT:USDT,0.283,9329.8,0.2829,10921.9,0.2832,1917.1,0.2833,16221.2
1753546961267,16:22:41.267,1INCH/USDT:USDT,0.2831,427.5,0.283,8861.7,0.2832,1956.7,0.2833,16221.2
1753546961367,16:22:41.367,1INCH/USDT:USDT,0.2831,2955.5,0.283,10616.9,0.2832,1956.7,0.2833,16346.3
1753546961667,16:22:41.667,1INCH/USDT:USDT,0.2831,2955.5,0.283,11403.3,0.2832,1956.7,0.2833,16346.3
1753546961768,16:22:41.768,1INCH/USDT:USDT,0.2831,2955.5,0.283,11403.3,0.2832,1956.7,0.2833,16346.3
1753546961866,16:22:41.866,1INCH/USDT:USDT,0.2831,2955.5,0.283,11152.9,0.2832,1956.7,0.2833,16346.3
1753546962067,16:22:42.067,1INCH/USDT:USDT,0.2831,2955.5,0.283,11152.9,0.2832,1956.7,0.2833,16346.3
1753546962166,16:22:42.166,1INCH/USDT:USDT,0.2831,2955.5,0.283,11152.9,0.2832,1917.1,0.2833,16346.3
1753546962267,16:22:42.267,1INCH/USDT:USDT,0.2831,2955.5,0.283,11152.9,0.2832,1917.1,0.2833,16346.3
1753546962867,16:22:42.867,1INCH/USDT:USDT,0.2831,2955.5,0.283,11152.9,0.2832,1917.1,0.2833,16346.3
1753546963167,16:22:43.167,1INCH/USDT:USDT,0.2831,2955.5,0.283,11152.9,0.2832,1956.7,0.2833,16346.3
1753546963867,16:22:43.867,1INCH/USDT:USDT,0.2831,2955.5,0.283,11152.9,0.2832,1956.7,0.2833,16346.3
1753546964167,16:22:44.167,1INCH/USDT:USDT,0.2831,2955.5,0.283,11152.9,0.2832,1917.1,0.2833,16346.3
1753546964367,16:22:44.367,1INCH/USDT:USDT,0.2831,2955.5,0.283,11152.9,0.2832,1917.1,0.2833,16346.3
1753546964467,16:22:44.467,1INCH/USDT:USDT,0.2831,2955.5,0.283,11152.9,0.2832,2042.2,0.2833,16346.3
1753546964567,16:22:44.567,1INCH/USDT:USDT,0.2831,2955.5,0.283,11152.9,0.2832,1917.1,0.2833,16346.3
1753546965268,16:22:45.268,1INCH/USDT:USDT,0.2831,2955.6,0.283,11152.9,0.2832,557.0,0.2833,16346.3
1753546965367,16:22:45.367,1INCH/USDT:USDT,0.2831,2955.6,0.283,11278.0,0.2832,557.0,0.2833,16346.3
1753546965466,16:22:45.466,1INCH/USDT:USDT,0.2831,2955.6,0.283,11278.0,0.2832,557.0,0.2833,16346.3
1753546966467,16:22:46.467,1INCH/USDT:USDT,0.2831,2955.6,0.283,11278.0,0.2832,557.0,0.2833,16346.3
1753546966767,16:22:46.767,1INCH/USDT:USDT,0.2831,3206.1,0.283,11278.0,0.2832,557.0,0.2833,16346.3
1753546966866,16:22:46.866,1INCH/USDT:USDT,0.2831,3206.1,0.283,11278.0,0.2832,557.0,0.2833,16346.3
1753546967367,16:22:47.367,1INCH/USDT:USDT,0.2831,2955.7,0.283,11152.9,0.2832,557.0,0.2833,16346.3
1753546967467,16:22:47.467,1INCH/USDT:USDT,0.2831,2955.7,0.283,11152.9,0.2832,557.0,0.2833,16346.3
1753546967667,16:22:47.667,1INCH/USDT:USDT,0.2831,2955.7,0.283,11152.9,0.2832,2041.4,0.2833,16346.3
1753546967767,16:22:47.767,1INCH/USDT:USDT,0.2831,2955.7,0.283,11152.9,0.2832,2041.4,0.2833,16346.3
1753546968666,16:22:48.666,1INCH/USDT:USDT,0.2831,2955.7,0.283,11152.9,0.2832,1916.3,0.2833,16346.3
1753546969167,16:22:49.167,1INCH/USDT:USDT,0.2831,2955.7,0.283,11152.9,0.2832,1916.3,0.2833,16346.3
1753546969268,16:22:49.268,1INCH/USDT:USDT,0.283,3699.2,0.2829,13748.5,0.2832,2041.4,0.2833,16221.2
1753546969367,16:22:49.367,1INCH/USDT:USDT,0.283,3574.1,0.2829,13748.5,0.2832,2041.4,0.2833,16221.2
1753546969467,16:22:49.467,1INCH/USDT:USDT,0.283,5132.6,0.2829,13748.5,0.2832,1916.3,0.2833,16221.2
1753546969667,16:22:49.667,1INCH/USDT:USDT,0.283,6733.0,0.2829,13748.5,0.2832,1916.3,0.2833,16221.2
1753546970067,16:22:50.067,1INCH/USDT:USDT,0.283,6733.0,0.2829,13748.5,0.2832,1916.3,0.2833,16221.2
1753546970167,16:22:50.167,1INCH/USDT:USDT,0.283,6772.6,0.2829,13748.5,0.2832,1916.3,0.2833,16221.2
1753546970367,16:22:50.367,1INCH/USDT:USDT,0.283,6772.6,0.2829,13748.5,0.2832,1916.3,0.2833,16221.2
1753546970466,16:22:50.466,1INCH/USDT:USDT,0.283,6772.6,0.2829,13748.5,0.2832,1916.3,0.2833,16221.2
1753546970566,16:22:50.566,1INCH/USDT:USDT,0.283,6772.6,0.2829,13748.5,0.2832,1916.3,0.2833,16221.2
1753546971166,16:22:51.166,1INCH/USDT:USDT,0.283,6772.6,0.2829,13748.5,0.2832,1916.3,0.2833,16221.2
1753546971266,16:22:51.266,1INCH/USDT:USDT,0.283,6772.6,0.2829,13748.5,0.2832,1955.9,0.2833,16221.2
1753546971666,16:22:51.666,1INCH/USDT:USDT,0.283,6772.6,0.2829,13748.5,0.2832,1955.9,0.2833,16221.2
1753546971966,16:22:51.966,1INCH/USDT:USDT,0.283,6772.6,0.2829,13748.5,0.2832,1955.9,0.2833,16221.2
1753546972167,16:22:52.167,1INCH/USDT:USDT,0.283,3663.7,0.2829,13748.5,0.2831,106.1,0.2832,12417.3
1753546972269,16:22:52.269,1INCH/USDT:USDT,0.283,3663.7,0.2829,13748.5,0.2831,106.1,0.2832,12417.3
1753546972366,16:22:52.366,1INCH/USDT:USDT,0.283,3789.0,0.2829,13748.5,0.2831,106.1,0.2832,12417.3
1753546972468,16:22:52.468,1INCH/USDT:USDT,0.283,3789.0,0.2829,13748.5,0.2831,106.1,0.2832,10747.2
1753546972666,16:22:52.666,1INCH/USDT:USDT,0.283,3789.0,0.2829,13748.5,0.2831,106.1,0.2832,10747.2
1753546974269,16:22:54.269,1INCH/USDT:USDT,0.283,3789.0,0.2829,13748.5,0.2831,106.1,0.2832,10747.2
1753546974367,16:22:54.367,1INCH/USDT:USDT,0.283,3789.0,0.2829,13748.5,0.2831,106.1,0.2832,10747.2
1753546974467,16:22:54.467,1INCH/USDT:USDT,0.283,3789.0,0.2829,13748.5,0.2831,106.1,0.2832,10747.2
1753546974967,16:22:54.967,1INCH/USDT:USDT,0.283,3789.0,0.2829,13748.5,0.2831,106.1,0.2832,10747.2
1753546975767,16:22:55.767,1INCH/USDT:USDT,0.283,3789.0,0.2829,13748.5,0.2831,106.1,0.2832,10747.2
1753546975866,16:22:55.866,1INCH/USDT:USDT,0.283,3789.0,0.2829,13748.5,0.2831,106.1,0.2832,10747.2
1753546976467,16:22:56.467,1INCH/USDT:USDT,0.283,3789.0,0.2829,13748.5,0.2831,106.1,0.2832,10747.2
1753546976567,16:22:56.567,1INCH/USDT:USDT,0.283,3927.0,0.2829,13748.5,0.2831,106.1,0.2832,10747.2
1753546976667,16:22:56.667,1INCH/USDT:USDT,0.283,3801.7,0.2829,13873.8,0.2831,106.1,0.2832,10747.2
1753546976767,16:22:56.767,1INCH/USDT:USDT,0.283,3927.0,0.2829,13873.8,0.2831,106.1,0.2832,10747.2
1753546977067,16:22:57.067,1INCH/USDT:USDT,0.283,3663.7,0.2829,13873.8,0.2831,106.1,0.2832,10747.2
1753546977166,16:22:57.166,1INCH/USDT:USDT,0.283,3789.0,0.2829,13940.8,0.2831,106.1,0.2832,10747.2
1753546977566,16:22:57.566,1INCH/USDT:USDT,0.283,3789.0,0.2829,13940.8,0.2831,105.9,0.2832,10747.2
1753546977667,16:22:57.667,1INCH/USDT:USDT,0.283,3789.0,0.2829,13940.8,0.2831,105.9,0.2832,10747.2
1753546977867,16:22:57.867,1INCH/USDT:USDT,0.283,3789.0,0.2829,13940.8,0.2831,105.9,0.2832,10747.2
1753546978167,16:22:58.167,1INCH/USDT:USDT,0.283,3792.5,0.2829,13940.8,0.2831,105.9,0.2832,10747.2
1753546978367,16:22:58.367,1INCH/USDT:USDT,0.283,3792.5,0.2829,13940.8,0.2831,105.9,0.2832,10747.2
1753546978667,16:22:58.667,1INCH/USDT:USDT,0.283,3792.5,0.2829,13940.8,0.2831,105.9,0.2832,10747.2
1753546978767,16:22:58.767,1INCH/USDT:USDT,0.283,3792.5,0.2829,13940.8,0.2831,105.9,0.2832,10747.2
1753546979067,16:22:59.067,1INCH/USDT:USDT,0.283,3792.5,0.2829,13940.8,0.2831,67.9,0.2832,3696.8
1753546979166,16:22:59.166,1INCH/USDT:USDT,0.283,3792.5,0.2829,13940.8,0.2831,67.9,0.2832,11422.0
1753546979267,16:22:59.267,1INCH/USDT:USDT,0.283,4335.3,0.2829,13940.8,0.2831,67.9,0.2832,11422.0
1753546979867,16:22:59.867,1INCH/USDT:USDT,0.283,4335.3,0.2829,13940.8,0.2831,67.9,0.2832,11422.0
1753546980066,16:23:00.066,1INCH/USDT:USDT,0.283,4335.3,0.2829,13940.8,0.2831,67.9,0.2832,11422.0
1753546980267,16:23:00.267,1INCH/USDT:USDT,0.283,2926.5,0.2829,9426.7,0.2831,1393.3,0.2832,10871.4
1753546980367,16:23:00.367,1INCH/USDT:USDT,0.283,3051.6,0.2829,9426.7,0.2831,1393.3,0.2832,12488.4
1753546980466,16:23:00.466,1INCH/USDT:USDT,0.283,3051.6,0.2829,9426.7,0.2831,1393.3,0.2832,12488.4
1753546980668,16:23:00.668,1INCH/USDT:USDT,0.283,3051.6,0.2829,9426.7,0.2831,1393.3,0.2832,12488.4
1753546980767,16:23:00.767,1INCH/USDT:USDT,0.283,3051.6,0.2829,9426.7,0.2831,1393.3,0.2832,12488.4
1753546981067,16:23:01.067,1INCH/USDT:USDT,0.283,3051.6,0.2829,9426.7,0.2831,1393.3,0.2832,12488.4
1753546981167,16:23:01.167,1INCH/USDT:USDT,0.283,2886.9,0.2829,9426.7,0.2831,1393.3,0.2832,9876.2
1753546981267,16:23:01.267,1INCH/USDT:USDT,0.283,2886.9,0.2829,9426.7,0.2831,1393.3,0.2832,9876.2
1753546981967,16:23:01.967,1INCH/USDT:USDT,0.283,1886.9,0.2829,9426.7,0.2831,1393.3,0.2832,11506.9
1753546982068,16:23:02.068,1INCH/USDT:USDT,0.2829,6668.4,0.2828,17645.0,0.283,1402.4,0.2831,2828.7
1753546982166,16:23:02.166,1INCH/USDT:USDT,0.2829,2816.2,0.2828,15881.3,0.283,3366.5,0.2831,13013.9
1753546982272,16:23:02.272,1INCH/USDT:USDT,0.2829,2816.2,0.2828,15881.3,0.283,3366.5,0.2831,13013.9
1753546982367,16:23:02.367,1INCH/USDT:USDT,0.2829,2816.2,0.2828,11796.3,0.283,4491.8,0.2831,13013.9
1753546982467,16:23:02.467,1INCH/USDT:USDT,0.2829,2816.2,0.2828,10015.8,0.283,4491.8,0.2831,11581.5
1753546982567,16:23:02.567,1INCH/USDT:USDT,0.2829,2786.3,0.2828,7930.7,0.283,4491.8,0.2831,11634.7
1753546982666,16:23:02.666,1INCH/USDT:USDT,0.2829,2786.3,0.2828,8655.7,0.283,4491.8,0.2831,11634.7
1753546982767,16:23:02.767,1INCH/USDT:USDT,0.2829,2786.3,0.2828,8655.7,0.283,3366.5,0.2831,11634.7
1753546982866,16:23:02.866,1INCH/USDT:USDT,0.2829,2786.3,0.2828,8655.7,0.283,3241.4,0.2831,11634.7
1753546982967,16:23:02.967,1INCH/USDT:USDT,0.2829,2786.3,0.2828,9091.3,0.283,2806.0,0.2831,11634.7
1753546983067,16:23:03.067,1INCH/USDT:USDT,0.2829,2786.3,0.2828,9216.4,0.283,2806.0,0.2831,11634.7
1753546983167,16:23:03.167,1INCH/USDT:USDT,0.2829,2786.3,0.2828,9077.8,0.283,2806.0,0.2831,11634.7
1753546983267,16:23:03.267,1INCH/USDT:USDT,0.2829,2786.3,0.2828,10077.8,0.283,2806.0,0.2831,11634.7
1753546983367,16:23:03.367,1INCH/USDT:USDT,0.2829,2786.3,0.2828,10077.8,0.283,1480.6,0.2831,11634.7
1753546983567,16:23:03.567,1INCH/USDT:USDT,0.2829,2786.3,0.2828,10077.8,0.283,1480.6,0.2831,11634.7
1753546983667,16:23:03.667,1INCH/USDT:USDT,0.2829,2786.3,0.2828,8952.7,0.283,3241.4,0.2831,11634.7
1753546983767,16:23:03.767,1INCH/USDT:USDT,0.2829,2786.3,0.2828,8952.7,0.283,3241.4,0.2831,11634.7
1753546983867,16:23:03.867,1INCH/USDT:USDT,0.2829,2786.3,0.2828,8952.7,0.283,3366.7,0.2831,11634.7
1753546983967,16:23:03.967,1INCH/USDT:USDT,0.2829,2786.3,0.2828,8952.7,0.283,3366.5,0.2831,11634.7
1753546984067,16:23:04.067,1INCH/USDT:USDT,0.2829,2786.3,0.2828,8952.7,0.283,3366.5,0.2831,11634.7
1753546984166,16:23:04.166,1INCH/USDT:USDT,0.2829,2786.3,0.2828,8952.7,0.283,3366.5,0.2831,11634.7
1753546984267,16:23:04.267,1INCH/USDT:USDT,0.2829,2786.3,0.2828,8952.7,0.283,4491.8,0.2831,11634.7
1753546984366,16:23:04.366,1INCH/USDT:USDT,0.2829,2786.3,0.2828,8952.7,0.283,4491.8,0.2831,11634.7
1753546984466,16:23:04.466,1INCH/USDT:USDT,0.2829,2786.3,0.2828,8952.7,0.283,3241.4,0.2831,11634.7
1753546984568,16:23:04.568,1INCH/USDT:USDT,0.2829,2786.3,0.2828,8952.7,0.283,3241.4,0.2831,11634.7
1753546984767,16:23:04.767,1INCH/USDT:USDT,0.2829,2786.3,0.2828,8952.7,0.283,3366.5,0.2831,11634.7
1753546985667,16:23:05.667,1INCH/USDT:USDT,0.2829,2786.3,0.2828,8952.7,0.283,3241.4,0.2831,11509.6
1753546985767,16:23:05.767,1INCH/USDT:USDT,0.2829,2786.3,0.2828,9745.0,0.283,3241.4,0.2831,11509.6
1753546985866,16:23:05.866,1INCH/USDT:USDT,0.2829,2786.3,0.2828,9745.0,0.283,3241.4,0.2831,11509.6
1753546985967,16:23:05.967,1INCH/USDT:USDT,0.2829,2786.3,0.2828,9745.0,0.283,3241.4,0.2831,11509.6
1753546986067,16:23:06.067,1INCH/USDT:USDT,0.2829,2804.0,0.2828,9745.0,0.283,3241.4,0.2831,11509.6
1753546986167,16:23:06.167,1INCH/USDT:USDT,0.2829,2804.0,0.2828,9745.0,0.283,1916.0,0.2831,11509.6
1753546986267,16:23:06.267,1INCH/USDT:USDT,0.2829,4054.4,0.2828,10745.0,0.283,435.4,0.2831,10509.6
1753546986367,16:23:06.367,1INCH/USDT:USDT,0.2829,3870.6,0.2828,10745.0,0.283,435.4,0.2831,10509.6
1753546986467,16:23:06.467,1INCH/USDT:USDT,0.2829,3870.6,0.2828,10928.8,0.283,435.4,0.2831,10509.6
1753546986567,16:23:06.567,1INCH/USDT:USDT,0.2829,3870.6,0.2828,12097.2,0.283,435.4,0.2831,7939.4
1753546986667,16:23:06.667,1INCH/USDT:USDT,0.2829,3870.6,0.2828,12097.2,0.283,435.4,0.2831,7886.2
1753546986768,16:23:06.768,1INCH/USDT:USDT,0.2829,3870.6,0.2828,12097.2,0.283,435.4,0.2831,7886.2
1753546987167,16:23:07.167,1INCH/USDT:USDT,0.2829,3870.6,0.2828,12097.2,0.283,435.4,0.2831,7886.2
1753546987266,16:23:07.266,1INCH/USDT:USDT,0.2829,3910.2,0.2828,12097.2,0.283,435.4,0.2831,7886.2
1753546987367,16:23:07.367,1INCH/USDT:USDT,0.2829,3910.2,0.2828,12097.2,0.283,435.4,0.2831,7886.2
1753546987667,16:23:07.667,1INCH/USDT:USDT,0.2829,3910.2,0.2828,12097.2,0.283,435.4,0.2831,7886.2
1753546987867,16:23:07.867,1INCH/USDT:USDT,0.2829,3845.7,0.2828,12161.7,0.283,435.4,0.2831,7886.2
1753546989167,16:23:09.167,1INCH/USDT:USDT,0.2829,3780.1,0.2828,12227.3,0.283,503.2,0.2831,7818.3
1753546989366,16:23:09.366,1INCH/USDT:USDT,0.2829,3780.1,0.2828,12227.3,0.283,503.2,0.2831,7818.3
1753546989667,16:23:09.667,1INCH/USDT:USDT,0.2829,3830.6,0.2828,12227.3,0.283,503.2,0.2831,7818.3
1753546990167,16:23:10.167,1INCH/USDT:USDT,0.2829,3830.6,0.2828,12227.3,0.283,503.2,0.2831,7818.3
1753546990667,16:23:10.667,1INCH/USDT:USDT,0.2829,3780.1,0.2828,12227.3,0.283,435.4,0.2831,7818.3
1753546990767,16:23:10.767,1INCH/USDT:USDT,0.2829,3780.1,0.2828,12227.3,0.283,503.0,0.2831,7818.3
1753546990967,16:23:10.967,1INCH/USDT:USDT,0.2829,3780.1,0.2828,12227.3,0.283,503.0,0.2831,7818.3
1753546991067,16:23:11.067,1INCH/USDT:USDT,0.283,2803.0,0.2829,10315.2,0.2831,1422.5,0.2832,12574.7
1753546991267,16:23:11.267,1INCH/USDT:USDT,0.283,3093.0,0.2829,10275.6,0.2831,435.4,0.2832,12574.7
1753546991467,16:23:11.467,1INCH/USDT:USDT,0.283,3093.0,0.2829,10275.6,0.2831,435.4,0.2832,12574.7
1753546992067,16:23:12.067,1INCH/USDT:USDT,0.283,2967.7,0.2829,10275.6,0.2831,435.4,0.2832,12574.7
1753546992167,16:23:12.167,1INCH/USDT:USDT,0.283,2928.1,0.2829,10275.6,0.2831,435.4,0.2832,12574.7
1753546992269,16:23:12.269,1INCH/USDT:USDT,0.283,2928.1,0.2829,10275.6,0.2831,435.4,0.2832,12574.7
1753546992467,16:23:12.467,1INCH/USDT:USDT,0.283,2928.1,0.2829,10275.6,0.2831,435.4,0.2832,12574.7
1753546992866,16:23:12.866,1INCH/USDT:USDT,0.283,3053.4,0.2829,10275.6,0.2831,435.4,0.2832,12574.7
1753546993267,16:23:13.267,1INCH/USDT:USDT,0.283,3778.4,0.2829,10275.6,0.2831,435.4,0.2832,9745.1
1753546993367,16:23:13.367,1INCH/USDT:USDT,0.283,3778.4,0.2829,10275.6,0.2831,435.4,0.2832,9745.1
1753546993568,16:23:13.568,1INCH/USDT:USDT,0.283,3653.1,0.2829,10275.6,0.2831,435.4,0.2832,9745.1
1753546993866,16:23:13.866,1INCH/USDT:USDT,0.283,3778.4,0.2829,10275.6,0.2831,435.4,0.2832,9745.1
1753546993966,16:23:13.966,1INCH/USDT:USDT,0.283,3778.4,0.2829,10275.6,0.2831,435.4,0.2832,9692.1
1753546994066,16:23:14.066,1INCH/USDT:USDT,0.283,3778.4,0.2829,10275.6,0.2831,435.4,0.2832,9692.1
1753546994167,16:23:14.167,1INCH/USDT:USDT,0.283,3818.0,0.2829,10275.6,0.2831,435.4,0.2832,9692.1
1753546994467,16:23:14.467,1INCH/USDT:USDT,0.283,3961.0,0.2829,10275.6,0.2831,435.4,0.2832,9692.1
1753546995167,16:23:15.167,1INCH/USDT:USDT,0.283,3921.4,0.2829,10275.6,0.2831,435.4,0.2832,9692.1
1753546995267,16:23:15.267,1INCH/USDT:USDT,0.283,3921.4,0.2829,10275.6,0.2831,435.4,0.2832,9692.1
1753546995467,16:23:15.467,1INCH/USDT:USDT,0.283,3921.4,0.2829,10275.6,0.2831,435.4,0.2832,9692.1
1753546995966,16:23:15.966,1INCH/USDT:USDT,0.283,3959.2,0.2829,10275.6,0.2831,435.4,0.2832,9692.1
1753546996367,16:23:16.367,1INCH/USDT:USDT,0.2831,2812.9,0.283,10024.3,0.2832,3696.9,0.2833,16760.3
1753546996467,16:23:16.467,1INCH/USDT:USDT,0.2831,2812.9,0.283,10024.3,0.2832,3696.9,0.2833,16760.3
1753546996567,16:23:16.567,1INCH/USDT:USDT,0.2831,481.7,0.283,8838.6,0.2832,2041.5,0.2833,16760.3
1753546996667,16:23:16.667,1INCH/USDT:USDT,0.2831,481.7,0.283,8838.6,0.2832,2041.5,0.2833,16760.3
1753546996767,16:23:16.767,1INCH/USDT:USDT,0.2831,481.7,0.283,8838.6,0.2832,2041.5,0.2833,16760.3
1753546997066,16:23:17.066,1INCH/USDT:USDT,0.2831,1812.9,0.283,8838.6,0.2832,2041.5,0.2833,16760.3
1753546997167,16:23:17.167,1INCH/USDT:USDT,0.2831,1812.9,0.283,8963.7,0.2832,1956.0,0.2833,16760.3
1753546997267,16:23:17.267,1INCH/USDT:USDT,0.2831,1812.9,0.283,8963.7,0.2832,1956.0,0.2833,16760.3
1753546997366,16:23:17.366,1INCH/USDT:USDT,0.2831,1812.9,0.283,8838.6,0.2832,1956.0,0.2833,16760.3
1753546997666,16:23:17.666,1INCH/USDT:USDT,0.2831,1813.9,0.283,8838.6,0.2832,1956.0,0.2833,16760.3
1753546998267,16:23:18.267,1INCH/USDT:USDT,0.2831,1813.9,0.283,8838.6,0.2832,1956.0,0.2833,16760.3
1753546998366,16:23:18.366,1INCH/USDT:USDT,0.2831,1813.9,0.283,8838.6,0.2832,1956.0,0.2833,16760.3
1753546999167,16:23:19.167,1INCH/USDT:USDT,0.2831,1813.9,0.283,8838.6,0.2832,1956.0,0.2833,16760.3
1753546999367,16:23:19.367,1INCH/USDT:USDT,0.2831,1813.9,0.283,8838.6,0.2832,1956.0,0.2833,16760.3
1753546999567,16:23:19.567,1INCH/USDT:USDT,0.2831,1813.9,0.283,8838.6,0.2832,1956.0,0.2833,16760.3
1753546999667,16:23:19.667,1INCH/USDT:USDT,0.2831,1813.9,0.283,8838.6,0.2832,1956.0,0.2833,16760.3
1753547000168,16:23:20.168,1INCH/USDT:USDT,0.2831,1813.9,0.283,8838.6,0.2832,1956.0,0.2833,16760.3
1753547000269,16:23:20.269,1INCH/USDT:USDT,0.2831,1813.9,0.283,8838.6,0.2832,1956.0,0.2833,16760.3
1753547000367,16:23:20.367,1INCH/USDT:USDT,0.2831,1813.9,0.283,8838.6,0.2832,1956.0,0.2833,16760.3
1753547000867,16:23:20.867,1INCH/USDT:USDT,0.2831,1813.9,0.283,8838.6,0.2832,1956.0,0.2833,16760.3
1753547001467,16:23:21.467,1INCH/USDT:USDT,0.2831,1813.9,0.283,8838.6,0.2832,2081.1,0.2833,16760.3
1753547001567,16:23:21.567,1INCH/USDT:USDT,0.2831,1813.9,0.283,8838.6,0.2832,2081.1,0.2833,16760.3
1753547001768,16:23:21.768,1INCH/USDT:USDT,0.2831,2726.8,0.283,8838.6,0.2832,2081.1,0.2833,16760.3
1753547001967,16:23:21.967,1INCH/USDT:USDT,0.2831,2726.8,0.283,8838.6,0.2832,1956.0,0.2833,16635.2
1753547002068,16:23:22.068,1INCH/USDT:USDT,0.2831,2726.8,0.283,8838.6,0.2832,2081.1,0.2833,16635.2
1753547002270,16:23:22.270,1INCH/USDT:USDT,0.2831,2726.8,0.283,8838.6,0.2832,2451.8,0.2833,16635.2
1753547002367,16:23:22.367,1INCH/USDT:USDT,0.2831,2726.8,0.283,8838.6,0.2832,2451.8,0.2833,16635.2
1753547002467,16:23:22.467,1INCH/USDT:USDT,0.2831,2726.8,0.283,8838.6,0.2832,2451.8,0.2833,16635.2
1753547003167,16:23:23.167,1INCH/USDT:USDT,0.2831,2726.8,0.283,8838.6,0.2832,2451.8,0.2833,16635.2
1753547003367,16:23:23.367,1INCH/USDT:USDT,0.2831,2726.8,0.283,8838.6,0.2832,2326.7,0.2833,16635.2
1753547003466,16:23:23.466,1INCH/USDT:USDT,0.2831,2726.8,0.283,8838.6,0.2832,2326.7,0.2833,16635.2
1753547003566,16:23:23.566,1INCH/USDT:USDT,0.2831,2726.8,0.283,8838.6,0.2832,2326.7,0.2833,16635.2
1753547003667,16:23:23.667,1INCH/USDT:USDT,0.2831,2726.8,0.283,8838.6,0.2832,2326.7,0.2833,16635.2
1753547003768,16:23:23.768,1INCH/USDT:USDT,0.2831,2726.8,0.283,8838.6,0.2832,2326.7,0.2833,16635.2
1753547003967,16:23:23.967,1INCH/USDT:USDT,0.2831,2726.8,0.283,8838.6,0.2832,2326.7,0.2833,16635.2
1753547004067,16:23:24.067,1INCH/USDT:USDT,0.2831,3726.8,0.283,8838.6,0.2832,2326.7,0.2833,16635.2
1753547004166,16:23:24.166,1INCH/USDT:USDT,0.2831,3726.8,0.283,8838.6,0.2832,2287.1,0.2833,16635.2
1753547004267,16:23:24.267,1INCH/USDT:USDT,0.2831,3726.8,0.283,8838.6,0.2832,2287.1,0.2833,16635.2
1753547005167,16:23:25.167,1INCH/USDT:USDT,0.2831,2737.9,0.283,8838.6,0.2832,2412.2,0.2833,16635.2
1753547005267,16:23:25.267,1INCH/USDT:USDT,0.2831,2737.9,0.283,8838.6,0.2832,2287.1,0.2833,16635.2
1753547005567,16:23:25.567,1INCH/USDT:USDT,0.2831,2737.9,0.283,8838.6,0.2832,2287.1,0.2833,16635.2
1753547006166,16:23:26.166,1INCH/USDT:USDT,0.2831,2737.9,0.283,8838.6,0.2832,2326.7,0.2833,16635.2
1753547006567,16:23:26.567,1INCH/USDT:USDT,0.2831,2740.2,0.283,8838.6,0.2832,2326.7,0.2833,16635.2
1753547006867,16:23:26.867,1INCH/USDT:USDT,0.2831,2740.2,0.283,8838.6,0.2832,2326.7,0.2833,16635.2
1753547007167,16:23:27.167,1INCH/USDT:USDT,0.2831,2740.2,0.283,8838.6,0.2832,2326.7,0.2833,16635.2
1753547007567,16:23:27.567,1INCH/USDT:USDT,0.2831,2740.2,0.283,8838.6,0.2832,2326.7,0.2833,16635.2
1753547007667,16:23:27.667,1INCH/USDT:USDT,0.2831,2740.2,0.283,8838.6,0.2832,2326.7,0.2833,16635.2
1753547007766,16:23:27.766,1INCH/USDT:USDT,0.2831,2740.2,0.283,8932.4,0.2832,2326.7,0.2833,16635.2
1753547007967,16:23:27.967,1INCH/USDT:USDT,0.2831,3740.2,0.283,8932.4,0.2832,2261.6,0.2833,16635.2
1753547008067,16:23:28.067,1INCH/USDT:USDT,0.2831,3740.2,0.283,8932.4,0.2832,2261.6,0.2833,16635.2
1753547008167,16:23:28.167,1INCH/USDT:USDT,0.2831,3740.2,0.283,8932.4,0.2832,2222.0,0.2833,16635.2
1753547009167,16:23:29.167,1INCH/USDT:USDT,0.2831,3740.2,0.283,8932.4,0.2832,2222.0,0.2833,16635.2
1753547009267,16:23:29.267,1INCH/USDT:USDT,0.2831,2740.2,0.283,8999.3,0.2832,2222.0,0.2833,16635.2
1753547009367,16:23:29.367,1INCH/USDT:USDT,0.2831,2740.2,0.283,8999.3,0.2832,2222.0,0.2833,16635.2
1753547009567,16:23:29.567,1INCH/USDT:USDT,0.2831,927.3,0.283,8999.3,0.2832,2472.4,0.2833,16635.2
1753547009667,16:23:29.667,1INCH/USDT:USDT,0.2831,927.3,0.283,8999.3,0.2832,2472.4,0.2833,16635.2
1753547009967,16:23:29.967,1INCH/USDT:USDT,0.2831,927.3,0.283,8999.3,0.2832,3472.4,0.2833,17635.2
1753547010367,16:23:30.367,1INCH/USDT:USDT,0.2831,927.3,0.283,8999.3,0.2832,3512.0,0.2833,17635.2
1753547010767,16:23:30.767,1INCH/USDT:USDT,0.2831,927.3,0.283,8999.3,0.2832,3512.0,0.2833,17635.2
1753547010867,16:23:30.867,1INCH/USDT:USDT,0.2831,927.3,0.283,8999.3,0.2832,3512.0,0.2833,17635.2
1753547010966,16:23:30.966,1INCH/USDT:USDT,0.2831,927.3,0.283,8999.3,0.2832,3512.0,0.2833,17635.2
1753547011367,16:23:31.367,1INCH/USDT:USDT,0.2831,927.3,0.283,8274.3,0.2832,3512.0,0.2833,17635.2
1753547011566,16:23:31.566,1INCH/USDT:USDT,0.2831,927.3,0.283,8999.3,0.2832,3512.0,0.2833,16635.2
1753547011667,16:23:31.667,1INCH/USDT:USDT,0.2831,927.3,0.283,8999.3,0.2832,3512.0,0.2833,16635.2
1753547012267,16:23:32.267,1INCH/USDT:USDT,0.2831,927.3,0.283,8999.3,0.2832,3511.9,0.2833,16635.2
1753547012367,16:23:32.367,1INCH/USDT:USDT,0.2831,927.3,0.283,8999.3,0.2832,3511.9,0.2833,16635.2
1753547012567,16:23:32.567,1INCH/USDT:USDT,0.2831,927.3,0.283,8999.3,0.2832,3511.9,0.2833,16635.2
1753547012667,16:23:32.667,1INCH/USDT:USDT,0.2831,927.3,0.283,8274.3,0.2832,3511.9,0.2833,16635.2
1753547013267,16:23:33.267,1INCH/USDT:USDT,0.2831,927.3,0.283,8274.3,0.2832,3511.9,0.2833,16635.2
1753547013966,16:23:33.966,1INCH/USDT:USDT,0.2831,927.3,0.283,8274.3,0.2832,3511.9,0.2833,17635.2
1753547014167,16:23:34.167,1INCH/USDT:USDT,0.2831,927.3,0.283,8274.3,0.2832,3511.9,0.2833,17635.2
1753547014567,16:23:34.567,1INCH/USDT:USDT,0.2831,927.3,0.283,8274.3,0.2832,3511.9,0.2833,17635.2
1753547014667,16:23:34.667,1INCH/USDT:USDT,0.2831,927.3,0.283,8304.1,0.2832,3511.9,0.2833,16635.2
1753547014967,16:23:34.967,1INCH/USDT:USDT,0.2831,927.3,0.283,8304.1,0.2832,3511.9,0.2833,16635.2
1753547015966,16:23:35.966,1INCH/USDT:USDT,0.2831,2302.9,0.283,8304.1,0.2832,3261.5,0.2833,16635.2
1753547016067,16:23:36.067,1INCH/USDT:USDT,0.2831,2302.9,0.283,8304.1,0.2832,3386.8,0.2833,16635.2
1753547016166,16:23:36.166,1INCH/USDT:USDT,0.2831,2302.9,0.283,9029.1,0.2832,3511.9,0.2833,16635.2
1753547016467,16:23:36.467,1INCH/USDT:USDT,0.2831,2302.9,0.283,9029.1,0.2832,3511.9,0.2833,16635.2
1753547016767,16:23:36.767,1INCH/USDT:USDT,0.2831,2302.9,0.283,9029.1,0.2832,3511.9,0.2833,16635.2
1753547016867,16:23:36.867,1INCH/USDT:USDT,0.2831,2303.6,0.283,9029.1,0.2832,3511.9,0.2833,16635.2
1753547017166,16:23:37.166,1INCH/USDT:USDT,0.2831,928.0,0.283,8304.1,0.2832,3511.9,0.2833,16635.2
1753547017267,16:23:37.267,1INCH/USDT:USDT,0.2831,928.0,0.283,8304.1,0.2832,3511.9,0.2833,16635.2
1753547017467,16:23:37.467,1INCH/USDT:USDT,0.2831,2303.6,0.283,9029.1,0.2832,2261.5,0.2833,16635.2
1753547017967,16:23:37.967,1INCH/USDT:USDT,0.2831,2308.6,0.283,9029.1,0.2832,2261.5,0.2833,16635.2
1753547018269,16:23:38.269,1INCH/USDT:USDT,0.2831,2308.6,0.283,9029.1,0.2832,2261.5,0.2833,16635.2
1753547018367,16:23:38.367,1INCH/USDT:USDT,0.2831,2485.4,0.283,9031.9,0.2832,2261.5,0.2833,16635.2
1753547018866,16:23:38.866,1INCH/USDT:USDT,0.2831,2485.4,0.283,9031.9,0.2832,2261.5,0.2833,16635.2
1753547019167,16:23:39.167,1INCH/USDT:USDT,0.2831,2485.4,0.283,9031.9,0.2832,2261.5,0.2833,16635.2
1753547019467,16:23:39.467,1INCH/USDT:USDT,0.2831,2485.4,0.283,9031.9,0.2832,2261.5,0.2833,16635.2
1753547019667,16:23:39.667,1INCH/USDT:USDT,0.283,4759.7,0.2829,9923.2,0.2832,2386.6,0.2833,16635.2
1753547019767,16:23:39.767,1INCH/USDT:USDT,0.283,4759.7,0.2829,9923.2,0.2832,2511.9,0.2833,16635.2
1753547019867,16:23:39.867,1INCH/USDT:USDT,0.283,5759.7,0.2829,10923.2,0.2832,2386.6,0.2833,16635.2
1753547019967,16:23:39.967,1INCH/USDT:USDT,0.283,5759.7,0.2829,10923.2,0.2832,2511.9,0.2833,16635.2
1753547020067,16:23:40.067,1INCH/USDT:USDT,0.283,6735.1,0.2829,11053.1,0.2832,2261.5,0.2833,16635.2
1753547020167,16:23:40.167,1INCH/USDT:USDT,0.283,6735.1,0.2829,11053.1,0.2832,2261.5,0.2833,16635.2
1753547020267,16:23:40.267,1INCH/USDT:USDT,0.283,6735.1,0.2829,11053.1,0.2832,2261.5,0.2833,16635.2
1753547020367,16:23:40.367,1INCH/USDT:USDT,0.283,6873.1,0.2829,11053.1,0.2832,2261.5,0.2833,16635.2
1753547020667,16:23:40.667,1INCH/USDT:USDT,0.283,6747.8,0.2829,11053.1,0.2832,2261.5,0.2833,16635.2
1753547020767,16:23:40.767,1INCH/USDT:USDT,0.283,6873.1,0.2829,11053.1,0.2832,2261.5,0.2833,16635.2
1753547021167,16:23:41.167,1INCH/USDT:USDT,0.283,6062.4,0.2829,11191.7,0.2831,1.5,0.2832,9392.0
1753547021266,16:23:41.266,1INCH/USDT:USDT,0.283,6062.4,0.2829,11191.7,0.2831,1.5,0.2832,11040.5
1753547022067,16:23:42.067,1INCH/USDT:USDT,0.283,5062.4,0.2829,11191.7,0.2831,1.5,0.2832,11126.0
1753547022268,16:23:42.268,1INCH/USDT:USDT,0.283,5062.4,0.2829,11053.1,0.2831,1.5,0.2832,11000.9
1753547022867,16:23:42.867,1INCH/USDT:USDT,0.283,6062.4,0.2829,11053.1,0.2831,1.5,0.2832,11000.9
1753547023066,16:23:43.066,1INCH/USDT:USDT,0.283,6187.7,0.2829,11053.1,0.2831,1.5,0.2832,11000.9
1753547023567,16:23:43.567,1INCH/USDT:USDT,0.283,6187.7,0.2829,11053.1,0.2831,1.5,0.2832,11000.9
1753547023767,16:23:43.767,1INCH/USDT:USDT,0.283,5062.4,0.2829,11178.4,0.2831,1.5,0.2832,11000.9
1753547023867,16:23:43.867,1INCH/USDT:USDT,0.283,5062.4,0.2829,11178.4,0.2831,1.5,0.2832,11126.0
1753547024067,16:23:44.067,1INCH/USDT:USDT,0.283,5062.4,0.2829,11178.4,0.2831,1.5,0.2832,11126.0
1753547024166,16:23:44.166,1INCH/USDT:USDT,0.283,5062.4,0.2829,11178.4,0.2831,1.5,0.2832,11126.0
1753547024867,16:23:44.867,1INCH/USDT:USDT,0.283,4937.3,0.2829,10303.5,0.2831,1377.1,0.2832,11126.0
1753547025167,16:23:45.167,1INCH/USDT:USDT,0.283,5022.8,0.2829,10303.5,0.2831,1377.1,0.2832,11126.0
1753547025267,16:23:45.267,1INCH/USDT:USDT,0.283,4897.7,0.2829,10303.5,0.2831,1377.1,0.2832,11126.0
1753547025367,16:23:45.367,1INCH/USDT:USDT,0.283,4897.7,0.2829,10354.3,0.2831,1747.8,0.2832,10755.4
1753547025467,16:23:45.467,1INCH/USDT:USDT,0.283,5022.8,0.2829,10354.3,0.2831,1747.8,0.2832,10755.4
1753547025566,16:23:45.566,1INCH/USDT:USDT,0.283,5022.8,0.2829,10354.3,0.2831,1747.8,0.2832,10755.4
1753547025767,16:23:45.767,1INCH/USDT:USDT,0.283,5022.8,0.2829,10354.3,0.2831,1747.8,0.2832,10630.3
1753547025867,16:23:45.867,1INCH/USDT:USDT,0.283,5148.1,0.2829,10229.0,0.2831,1747.8,0.2832,10630.3
1753547025967,16:23:45.967,1INCH/USDT:USDT,0.283,5148.1,0.2829,10229.0,0.2831,372.2,0.2832,10630.3
1753547026067,16:23:46.067,1INCH/USDT:USDT,0.283,4324.3,0.2829,10229.0,0.2831,1359.3,0.2832,10755.4
1753547026167,16:23:46.167,1INCH/USDT:USDT,0.283,4324.3,0.2829,10229.0,0.2831,1359.5,0.2832,10755.4
1753547026367,16:23:46.367,1INCH/USDT:USDT,0.283,4050.5,0.2829,10229.0,0.2831,2707.4,0.2832,10755.4
1753547026667,16:23:46.667,1INCH/USDT:USDT,0.283,4050.5,0.2829,10229.0,0.2831,2707.4,0.2832,10755.4
1753547026766,16:23:46.766,1INCH/USDT:USDT,0.283,4050.5,0.2829,10229.0,0.2831,2707.4,0.2832,10755.4
1753547027167,16:23:47.167,1INCH/USDT:USDT,0.283,4050.5,0.2829,10229.0,0.2831,2707.4,0.2832,10756.4
1753547027567,16:23:47.567,1INCH/USDT:USDT,0.283,4050.5,0.2829,10229.0,0.2831,2707.4,0.2832,10756.4
1753547027767,16:23:47.767,1INCH/USDT:USDT,0.283,4050.5,0.2829,10229.0,0.2831,2707.4,0.2832,10756.4
1753547028767,16:23:48.767,1INCH/USDT:USDT,0.283,4050.5,0.2829,10229.0,0.2831,2707.4,0.2832,10756.4
1753547028867,16:23:48.867,1INCH/USDT:USDT,0.283,4050.5,0.2829,10229.0,0.2831,2707.4,0.2832,10756.4
1753547028966,16:23:48.966,1INCH/USDT:USDT,0.283,4050.5,0.2829,10229.0,0.2831,2707.4,0.2832,10756.4
1753547029067,16:23:49.067,1INCH/USDT:USDT,0.283,4050.5,0.2829,10103.9,0.2831,3393.6,0.2832,13403.9
1753547029466,16:23:49.466,1INCH/USDT:USDT,0.283,4052.8,0.2829,10103.9,0.2831,3393.6,0.2832,13403.9
1753547029567,16:23:49.567,1INCH/USDT:USDT,0.283,4052.8,0.2829,10103.9,0.2831,3393.6,0.2832,13403.9
1753547030167,16:23:50.167,1INCH/USDT:USDT,0.283,4052.8,0.2829,10103.9,0.2831,3393.6,0.2832,13403.9
1753547030270,16:23:50.270,1INCH/USDT:USDT,0.283,4052.8,0.2829,10103.9,0.2831,3268.5,0.2832,13278.8
1753547030366,16:23:50.366,1INCH/USDT:USDT,0.283,4052.8,0.2829,10103.9,0.2831,3268.5,0.2832,13278.8
1753547030666,16:23:50.666,1INCH/USDT:USDT,0.283,4052.8,0.2829,10103.9,0.2831,3143.2,0.2832,13278.8
1753547030767,16:23:50.767,1INCH/USDT:USDT,0.283,4303.2,0.2829,10103.9,0.2831,2156.1,0.2832,13278.8
1753547030867,16:23:50.867,1INCH/USDT:USDT,0.283,4303.2,0.2829,10103.9,0.2831,2156.1,0.2832,13278.8
1753547031067,16:23:51.067,1INCH/USDT:USDT,0.283,4303.2,0.2829,10103.9,0.2831,2156.1,0.2832,10631.3
1753547031166,16:23:51.166,1INCH/USDT:USDT,0.283,4052.8,0.2829,10103.9,0.2831,2156.1,0.2832,10631.3
1753547031267,16:23:51.267,1INCH/USDT:USDT,0.283,4052.8,0.2829,10103.9,0.2831,2281.4,0.2832,10631.3
1753547032067,16:23:52.067,1INCH/USDT:USDT,0.283,4052.8,0.2829,10103.9,0.2831,2156.1,0.2832,10631.3
1753547032269,16:23:52.269,1INCH/USDT:USDT,0.283,4052.8,0.2829,10103.9,0.2831,2281.4,0.2832,10631.3
1753547032567,16:23:52.567,1INCH/USDT:USDT,0.283,4052.8,0.2829,10103.9,0.2831,2406.5,0.2832,10631.3
1753547032666,16:23:52.666,1INCH/USDT:USDT,0.283,4052.8,0.2829,10103.9,0.2831,2281.4,0.2832,10631.3
1753547032867,16:23:52.867,1INCH/USDT:USDT,0.283,4052.8,0.2829,10103.9,0.2831,2156.1,0.2832,10631.3
1753547033467,16:23:53.467,1INCH/USDT:USDT,0.283,4052.8,0.2829,10103.9,0.2831,2406.5,0.2832,10631.3
1753547033967,16:23:53.967,1INCH/USDT:USDT,0.283,4052.8,0.2829,10103.9,0.2831,2406.5,0.2832,10631.3
1753547034066,16:23:54.066,1INCH/USDT:USDT,0.283,4052.8,0.2829,10103.9,0.2831,2406.5,0.2832,10631.3
1753547034367,16:23:54.367,1INCH/USDT:USDT,0.283,4052.8,0.2829,10103.9,0.2831,2281.4,0.2832,10631.3
1753547035267,16:23:55.267,1INCH/USDT:USDT,0.283,4052.8,0.2829,10103.9,0.2831,2281.4,0.2832,10631.3
1753547035567,16:23:55.567,1INCH/USDT:USDT,0.283,4052.8,0.2829,10103.9,0.2831,2406.5,0.2832,10631.3
1753547035667,16:23:55.667,1INCH/USDT:USDT,0.283,4052.8,0.2829,10103.9,0.2831,2406.5,0.2832,10631.3
1753547036067,16:23:56.067,1INCH/USDT:USDT,0.283,4052.8,0.2829,10086.2,0.2831,2406.5,0.2832,10631.3
1753547037067,16:23:57.067,1INCH/USDT:USDT,0.283,4052.8,0.2829,10086.2,0.2831,2406.5,0.2832,10631.3
1753547037767,16:23:57.767,1INCH/USDT:USDT,0.283,4052.8,0.2829,10086.2,0.2831,2406.6,0.2832,10631.3
1753547038269,16:23:58.269,1INCH/USDT:USDT,0.283,4052.8,0.2829,10086.2,0.2831,2406.6,0.2832,10631.3
1753547038566,16:23:58.566,1INCH/USDT:USDT,0.283,4052.8,0.2829,10086.2,0.2831,2406.7,0.2832,10631.3
1753547039367,16:23:59.367,1INCH/USDT:USDT,0.283,3959.0,0.2829,10086.2,0.2831,2406.7,0.2832,10631.3
1753547039467,16:23:59.467,1INCH/USDT:USDT,0.283,3962.8,0.2829,10180.0,0.2831,2406.7,0.2832,10631.3
1753547039566,16:23:59.566,1INCH/USDT:USDT,0.283,3962.8,0.2829,10180.0,0.2831,2156.3,0.2832,10631.3
1753547040068,16:24:00.068,1INCH/USDT:USDT,0.283,3962.8,0.2829,10180.0,0.2831,2156.3,0.2832,10631.3
1753547040566,16:24:00.566,1INCH/USDT:USDT,0.283,3962.8,0.2829,10180.0,0.2831,2156.3,0.2832,10631.3
1753547040667,16:24:00.667,1INCH/USDT:USDT,0.283,3962.8,0.2829,10180.0,0.2831,2156.3,0.2832,10631.3
1753547040767,16:24:00.767,1INCH/USDT:USDT,0.283,3962.8,0.2829,10180.0,0.2831,2156.3,0.2832,10631.3
1753547040867,16:24:00.867,1INCH/USDT:USDT,0.283,3962.8,0.2829,10180.0,0.2831,2156.3,0.2832,10631.3
1753547041267,16:24:01.267,1INCH/USDT:USDT,0.283,3962.8,0.2829,10180.0,0.2831,2156.3,0.2832,10631.3
1753547041367,16:24:01.367,1INCH/USDT:USDT,0.283,4021.0,0.2829,10246.9,0.2831,2156.3,0.2832,10631.3
1753547041467,16:24:01.467,1INCH/USDT:USDT,0.283,3895.9,0.2829,10246.9,0.2831,2156.3,0.2832,10631.3
1753547041566,16:24:01.566,1INCH/USDT:USDT,0.283,4021.0,0.2829,10246.9,0.2831,2156.3,0.2832,10631.3
1753547041866,16:24:01.866,1INCH/USDT:USDT,0.283,3895.9,0.2829,10246.9,0.2831,2156.3,0.2832,10631.3
1753547042067,16:24:02.067,1INCH/USDT:USDT,0.283,3895.9,0.2829,10246.9,0.2831,2156.3,0.2832,10631.3
1753547042666,16:24:02.666,1INCH/USDT:USDT,0.283,3895.9,0.2829,10246.9,0.2831,2156.3,0.2832,10631.3
1753547042767,16:24:02.767,1INCH/USDT:USDT,0.283,3895.9,0.2829,10246.9,0.2831,2156.3,0.2832,10631.3
1753547043167,16:24:03.167,1INCH/USDT:USDT,0.283,3895.9,0.2829,10246.9,0.2831,2156.3,0.2832,10631.3
1753547043367,16:24:03.367,1INCH/USDT:USDT,0.283,3895.9,0.2829,10246.9,0.2831,2156.3,0.2832,10631.3
1753547044167,16:24:04.167,1INCH/USDT:USDT,0.283,4021.0,0.2829,10246.9,0.2831,2156.3,0.2832,10631.3
1753547044269,16:24:04.269,1INCH/USDT:USDT,0.283,4146.3,0.2829,10246.9,0.2831,2156.3,0.2832,10631.3
1753547044566,16:24:04.566,1INCH/USDT:USDT,0.283,5146.3,0.2829,11246.9,0.2831,2156.3,0.2832,10631.3
1753547044667,16:24:04.667,1INCH/USDT:USDT,0.2831,1366.3,0.283,10300.9,0.2832,1852.3,0.2833,16688.1
1753547044767,16:24:04.767,1INCH/USDT:USDT,0.2831,1366.3,0.283,10300.9,0.2832,1852.3,0.2833,16688.1
1753547044866,16:24:04.866,1INCH/USDT:USDT,0.2831,1366.3,0.283,10300.9,0.2832,1852.3,0.2833,16688.1
1753547045067,16:24:05.067,1INCH/USDT:USDT,0.2831,1366.3,0.283,10300.9,0.2832,1852.3,0.2833,16688.1
1753547045167,16:24:05.167,1INCH/USDT:USDT,0.2831,1366.3,0.283,10300.9,0.2832,1852.3,0.2833,16688.1
1753547045367,16:24:05.367,1INCH/USDT:USDT,0.2831,1366.3,0.283,10300.9,0.2832,1852.3,0.2833,16688.1
1753547045866,16:24:05.866,1INCH/USDT:USDT,0.2831,1366.3,0.283,10300.9,0.2832,1852.3,0.2833,16688.1
1753547045966,16:24:05.966,1INCH/USDT:USDT,0.2831,1366.3,0.283,10300.9,0.2832,1852.3,0.2833,16511.4
1753547046067,16:24:06.067,1INCH/USDT:USDT,0.2831,1367.3,0.283,10300.9,0.2832,1852.3,0.2833,16511.4
1753547046266,16:24:06.266,1INCH/USDT:USDT,0.2831,1492.4,0.283,10300.9,0.2832,1852.3,0.2833,16511.4
1753547046367,16:24:06.367,1INCH/USDT:USDT,0.2831,1492.4,0.283,10300.9,0.2832,1852.3,0.2833,16511.4
1753547046467,16:24:06.467,1INCH/USDT:USDT,0.2831,1367.3,0.283,10300.9,0.2832,1852.3,0.2833,16511.4
1753547046567,16:24:06.567,1INCH/USDT:USDT,0.2831,1367.3,0.283,10271.1,0.2832,1852.3,0.2833,16511.4
1753547046667,16:24:06.667,1INCH/USDT:USDT,0.2831,1367.3,0.283,10300.8,0.2832,1852.3,0.2833,16511.4
1753547046966,16:24:06.966,1INCH/USDT:USDT,0.2831,1367.3,0.283,10300.8,0.2832,1852.3,0.2833,16511.4
1753547047967,16:24:07.967,1INCH/USDT:USDT,0.2831,1417.9,0.283,10300.8,0.2832,1852.3,0.2833,16511.4
1753547048367,16:24:08.367,1INCH/USDT:USDT,0.2831,1417.9,0.283,10300.8,0.2832,1852.3,0.2833,16511.4
1753547048467,16:24:08.467,1INCH/USDT:USDT,0.2831,1417.9,0.283,10300.8,0.2832,1977.4,0.2833,16511.4
1753547048667,16:24:08.667,1INCH/USDT:USDT,0.2831,1417.9,0.283,10300.8,0.2832,1977.4,0.2833,16511.4
1753547048867,16:24:08.867,1INCH/USDT:USDT,0.2831,1417.9,0.283,10300.8,0.2832,1852.3,0.2833,16511.4
1753547048966,16:24:08.966,1INCH/USDT:USDT,0.2831,1417.9,0.283,10300.8,0.2832,1852.3,0.2833,16511.4
1753547049067,16:24:09.067,1INCH/USDT:USDT,0.2831,1417.9,0.283,10300.8,0.2832,1852.3,0.2833,16511.4
1753547049367,16:24:09.367,1INCH/USDT:USDT,0.2831,1417.9,0.283,10300.8,0.2832,1852.3,0.2833,16511.4
1753547050067,16:24:10.067,1INCH/USDT:USDT,0.2831,1367.3,0.283,10209.9,0.2832,1852.3,0.2833,16511.4
1753547050167,16:24:10.167,1INCH/USDT:USDT,0.2831,1367.3,0.283,10300.6,0.2832,1852.3,0.2833,16511.4
1753547050467,16:24:10.467,1INCH/USDT:USDT,0.2831,1492.4,0.283,10300.6,0.2832,1852.3,0.2833,16511.4
1753547051567,16:24:11.567,1INCH/USDT:USDT,0.2831,2492.4,0.283,10300.6,0.2832,1852.3,0.2833,16511.4
1753547051667,16:24:11.667,1INCH/USDT:USDT,0.2831,2617.7,0.283,10300.6,0.2832,493.0,0.2833,16511.4
1753547051767,16:24:11.767,1INCH/USDT:USDT,0.2831,2617.7,0.283,10300.6,0.2832,493.0,0.2833,16511.4
1753547051867,16:24:11.867,1INCH/USDT:USDT,0.2831,2617.7,0.283,10300.6,0.2832,493.0,0.2833,16511.4
1753547051967,16:24:11.967,1INCH/USDT:USDT,0.2831,2617.7,0.283,10300.6,0.2832,493.0,0.2833,16511.4
1753547052067,16:24:12.067,1INCH/USDT:USDT,0.2831,2617.7,0.283,10430.3,0.2832,493.0,0.2833,16511.4
1753547052367,16:24:12.367,1INCH/USDT:USDT,0.2831,2617.7,0.283,10430.3,0.2832,493.0,0.2833,16511.4
1753547053467,16:24:13.467,1INCH/USDT:USDT,0.2831,2665.7,0.283,10426.5,0.2832,493.0,0.2833,16511.4
1753547053666,16:24:13.666,1INCH/USDT:USDT,0.2831,2665.7,0.283,10426.5,0.2832,493.0,0.2833,16511.4
1753547053871,16:24:13.871,1INCH/USDT:USDT,0.2831,2665.7,0.283,10424.2,0.2832,493.0,0.2833,16511.4
1753547053967,16:24:13.967,1INCH/USDT:USDT,0.2831,2669.6,0.283,10424.2,0.2832,493.0,0.2833,16511.4
1753547054167,16:24:14.167,1INCH/USDT:USDT,0.2831,2680.6,0.283,10424.2,0.2832,493.0,0.2833,19158.0
1753547054366,16:24:14.366,1INCH/USDT:USDT,0.2831,2680.6,0.283,10424.2,0.2832,493.0,0.2833,19158.0
1753547055067,16:24:15.067,1INCH/USDT:USDT,0.2831,2379.6,0.283,10424.2,0.2832,493.0,0.2833,19158.0
1753547055167,16:24:15.167,1INCH/USDT:USDT,0.2831,2379.6,0.283,10424.2,0.2832,2104.5,0.2833,19158.0
1753547055266,16:24:15.266,1INCH/USDT:USDT,0.2831,2379.6,0.283,10424.2,0.2832,2104.5,0.2833,19158.0
1753547055467,16:24:15.467,1INCH/USDT:USDT,0.2831,1379.6,0.283,10424.2,0.2832,2104.5,0.2833,19158.0
1753547055567,16:24:15.567,1INCH/USDT:USDT,0.2831,1379.6,0.283,10424.2,0.2832,2104.5,0.2833,19158.0
1753547056266,16:24:16.266,1INCH/USDT:USDT,0.2831,1379.6,0.283,10424.2,0.2832,1979.4,0.2833,19158.0
1753547056367,16:24:16.367,1INCH/USDT:USDT,0.2831,1379.6,0.283,10424.2,0.2832,1854.1,0.2833,19158.0
1753547056767,16:24:16.767,1INCH/USDT:USDT,0.2831,1379.6,0.283,10424.2,0.2832,1854.1,0.2833,19158.0
1753547056966,16:24:16.966,1INCH/USDT:USDT,0.2831,1379.6,0.283,10424.2,0.2832,1979.2,0.2833,19158.0
1753547057067,16:24:17.067,1INCH/USDT:USDT,0.2831,1379.6,0.283,10424.2,0.2832,2104.5,0.2833,19158.0
1753547057367,16:24:17.367,1INCH/USDT:USDT,0.2831,1379.6,0.283,10424.2,0.2832,2104.5,0.2833,19158.0
1753547057467,16:24:17.467,1INCH/USDT:USDT,0.2831,1379.6,0.283,10474.9,0.2832,2104.5,0.2833,19158.0
1753547057766,16:24:17.766,1INCH/USDT:USDT,0.2831,1379.6,0.283,10474.9,0.2832,4662.8,0.2833,19158.0
1753547057867,16:24:17.867,1INCH/USDT:USDT,0.2831,1379.6,0.283,10474.9,0.2832,4412.4,0.2833,19158.0
1753547058167,16:24:18.167,1INCH/USDT:USDT,0.2831,1379.6,0.283,10474.9,0.2832,4537.5,0.2833,19158.0
1753547058269,16:24:18.269,1INCH/USDT:USDT,0.2831,1379.6,0.283,10474.9,0.2832,4537.5,0.2833,19158.0
1753547058767,16:24:18.767,1INCH/USDT:USDT,0.2831,1379.6,0.283,10474.9,0.2832,4412.4,0.2833,19158.0
1753547058867,16:24:18.867,1INCH/USDT:USDT,0.2831,1379.6,0.283,10474.9,0.2832,4412.4,0.2833,19158.0
1753547059267,16:24:19.267,1INCH/USDT:USDT,0.2831,1379.6,0.283,10474.9,0.2832,4412.4,0.2833,19158.0
1753547059367,16:24:19.367,1INCH/USDT:USDT,0.2831,1555.3,0.283,10474.9,0.2832,4412.4,0.2833,19158.0
1753547059468,16:24:19.468,1INCH/USDT:USDT,0.2831,1555.3,0.283,10474.9,0.2832,3051.3,0.2833,19158.0
1753547059767,16:24:19.767,1INCH/USDT:USDT,0.2831,1430.2,0.283,10474.9,0.2832,3051.3,0.2833,19158.0
1753547059866,16:24:19.866,1INCH/USDT:USDT,0.2831,1504.7,0.283,10474.9,0.2832,3051.3,0.2833,19158.0
1753547060067,16:24:20.067,1INCH/USDT:USDT,0.2831,1379.6,0.283,10474.9,0.2832,3176.4,0.2833,19158.0
1753547060367,16:24:20.367,1INCH/USDT:USDT,0.2831,1379.6,0.283,10474.9,0.2832,3051.3,0.2833,19158.0
1753547060467,16:24:20.467,1INCH/USDT:USDT,0.2831,1504.7,0.283,10474.9,0.2832,3051.3,0.2833,19158.0
1753547060567,16:24:20.567,1INCH/USDT:USDT,0.2831,1379.6,0.283,10474.9,0.2832,3051.3,0.2833,19158.0
1753547060667,16:24:20.667,1INCH/USDT:USDT,0.2831,1555.3,0.283,10474.9,0.2832,3051.3,0.2833,19158.0
1753547060966,16:24:20.966,1INCH/USDT:USDT,0.2831,1430.2,0.283,10474.9,0.2832,3176.4,0.2833,19158.0
1753547061067,16:24:21.067,1INCH/USDT:USDT,0.2831,1430.2,0.283,10474.9,0.2832,3176.4,0.2833,19158.0
1753547061666,16:24:21.666,1INCH/USDT:USDT,0.2831,1437.3,0.283,10474.9,0.2832,3051.3,0.2833,19158.0
1753547061767,16:24:21.767,1INCH/USDT:USDT,0.2831,1386.7,0.283,10474.9,0.2832,3051.3,0.2833,19158.0
1753547061967,16:24:21.967,1INCH/USDT:USDT,0.2831,1386.7,0.283,10474.9,0.2832,3301.7,0.2833,19158.0
1753547062066,16:24:22.066,1INCH/USDT:USDT,0.2831,1386.7,0.283,10474.9,0.2832,3301.7,0.2833,19158.0
1753547062467,16:24:22.467,1INCH/USDT:USDT,0.2831,1386.7,0.283,10474.9,0.2832,4678.8,0.2833,19158.0
1753547062567,16:24:22.567,1INCH/USDT:USDT,0.2831,1386.7,0.283,10474.9,0.2832,4678.8,0.2833,19158.0
1753547063067,16:24:23.067,1INCH/USDT:USDT,0.2831,1386.7,0.283,10474.9,0.2832,4678.8,0.2833,19158.0
1753547063166,16:24:23.166,1INCH/USDT:USDT,0.2831,1386.7,0.283,10474.9,0.2832,4718.4,0.2833,19158.0
1753547063367,16:24:23.367,1INCH/USDT:USDT,0.2831,1386.7,0.283,10474.9,0.2832,4718.4,0.2833,19158.0
1753547063667,16:24:23.667,1INCH/USDT:USDT,0.2831,1386.7,0.283,10474.9,0.2832,4593.1,0.2833,19158.0
1753547064269,16:24:24.269,1INCH/USDT:USDT,0.2831,1437.3,0.283,10474.9,0.2832,4593.1,0.2833,19158.0
1753547064367,16:24:24.367,1INCH/USDT:USDT,0.2831,1437.3,0.283,10474.9,0.2832,4593.1,0.2833,19158.0
1753547064467,16:24:24.467,1INCH/USDT:USDT,0.2831,1437.3,0.283,10474.9,0.2832,4717.4,0.2833,19158.0
1753547064566,16:24:24.566,1INCH/USDT:USDT,0.2831,1437.3,0.283,10474.9,0.2832,4717.4,0.2833,19158.0
1753547065667,16:24:25.667,1INCH/USDT:USDT,0.2831,1443.1,0.283,10474.9,0.2832,4717.4,0.2833,19158.0
1753547065767,16:24:25.767,1INCH/USDT:USDT,0.2831,1392.5,0.283,10474.9,0.2832,4717.4,0.2833,19158.0
1753547066067,16:24:26.067,1INCH/USDT:USDT,0.2831,1392.5,0.283,10474.9,0.2832,4717.4,0.2833,19158.0
1753547066167,16:24:26.167,1INCH/USDT:USDT,0.2831,1392.5,0.283,10474.9,0.2832,4717.4,0.2833,19158.0
1753547066266,16:24:26.266,1INCH/USDT:USDT,0.2831,1392.5,0.283,10543.1,0.2832,4717.4,0.2833,19158.0
1753547066367,16:24:26.367,1INCH/USDT:USDT,0.2831,1392.5,0.283,10543.1,0.2832,4592.1,0.2833,19158.0
1753547066467,16:24:26.467,1INCH/USDT:USDT,0.2831,1392.5,0.283,10543.1,0.2832,4592.1,0.2833,19158.0
1753547066767,16:24:26.767,1INCH/USDT:USDT,0.2831,1392.5,0.283,10543.1,0.2832,4592.1,0.2833,19158.0
1753547066867,16:24:26.867,1INCH/USDT:USDT,0.2831,1392.5,0.283,10543.1,0.2832,4592.1,0.2833,19158.0
1753547067867,16:24:27.867,1INCH/USDT:USDT,0.2831,1392.5,0.283,10543.1,0.2832,4467.0,0.2833,19158.0
1753547068270,16:24:28.270,1INCH/USDT:USDT,0.2831,1392.5,0.283,10543.1,0.2832,4592.1,0.2833,19158.0
1753547069267,16:24:29.267,1INCH/USDT:USDT,0.2831,1392.5,0.283,10543.1,0.2832,4592.1,0.2833,19158.0
1753547069367,16:24:29.367,1INCH/USDT:USDT,0.2831,1392.5,0.283,10543.1,0.2832,4467.0,0.2833,19158.0
1753547069467,16:24:29.467,1INCH/USDT:USDT,0.2831,1392.5,0.283,10543.1,0.2832,4592.1,0.2833,19158.0
1753547069567,16:24:29.567,1INCH/USDT:USDT,0.2831,1642.9,0.283,10543.1,0.2832,4467.0,0.2833,19158.0
1753547069767,16:24:29.767,1INCH/USDT:USDT,0.2831,1517.6,0.283,10543.1,0.2832,4467.0,0.2833,19158.0
1753547069867,16:24:29.867,1INCH/USDT:USDT,0.2831,1642.9,0.283,10543.1,0.2832,4467.0,0.2833,16707.5
1753547070166,16:24:30.166,1INCH/USDT:USDT,0.2831,1642.9,0.283,10543.1,0.2832,4427.4,0.2833,16707.5
1753547070267,16:24:30.267,1INCH/USDT:USDT,0.2831,1642.9,0.283,10543.1,0.2832,4427.4,0.2833,16707.5
1753547070366,16:24:30.366,1INCH/USDT:USDT,0.2831,1392.5,0.283,10543.1,0.2832,4552.5,0.2833,16707.5
1753547070466,16:24:30.466,1INCH/USDT:USDT,0.2831,1392.5,0.283,10543.1,0.2832,4552.5,0.2833,16707.5
1753547070767,16:24:30.767,1INCH/USDT:USDT,0.2831,1392.5,0.283,10543.1,0.2832,4427.4,0.2833,16707.5
1753547070867,16:24:30.867,1INCH/USDT:USDT,0.2831,1392.5,0.283,10543.1,0.2832,4552.5,0.2833,16707.5
1753547070966,16:24:30.966,1INCH/USDT:USDT,0.2831,1392.5,0.283,10543.1,0.2832,4552.5,0.2833,16707.5
1753547071066,16:24:31.066,1INCH/USDT:USDT,0.2831,1392.5,0.283,10543.1,0.2832,4552.5,0.2833,16707.5
1753547071267,16:24:31.267,1INCH/USDT:USDT,0.2831,1443.1,0.283,10543.1,0.2832,4427.4,0.2833,16707.5
1753547071567,16:24:31.567,1INCH/USDT:USDT,0.2831,1443.1,0.283,10543.1,0.2832,4427.4,0.2833,16707.5
1753547071667,16:24:31.667,1INCH/USDT:USDT,0.2831,1443.1,0.283,10636.8,0.2832,4427.4,0.2833,16707.5
1753547071867,16:24:31.867,1INCH/USDT:USDT,0.2831,1642.9,0.283,10636.8,0.2832,4427.4,0.2833,16707.5
1753547072166,16:24:32.166,1INCH/USDT:USDT,0.2831,1642.9,0.283,10636.8,0.2832,4427.4,0.2833,16707.5
1753547072270,16:24:32.270,1INCH/USDT:USDT,0.2831,2642.9,0.283,10636.8,0.2832,4427.4,0.2833,16707.5
1753547072566,16:24:32.566,1INCH/USDT:USDT,0.2831,3076.9,0.283,10636.8,0.2832,2597.8,0.2833,11827.8
1753547072667,16:24:32.667,1INCH/USDT:USDT,0.2831,3076.9,0.283,10636.8,0.2832,2597.8,0.2833,11827.8
1753547072767,16:24:32.767,1INCH/USDT:USDT,0.2831,3076.9,0.283,10636.8,0.2832,2597.8,0.2833,9001.5
1753547072867,16:24:32.867,1INCH/USDT:USDT,0.2831,3076.9,0.283,10636.8,0.2832,2597.8,0.2833,9001.5
1753547073066,16:24:33.066,1INCH/USDT:USDT,0.2831,3076.9,0.283,10636.8,0.2832,2597.8,0.2833,9001.5
1753547073167,16:24:33.167,1INCH/USDT:USDT,0.2831,3116.5,0.283,10636.8,0.2832,2597.8,0.2833,9001.5
1753547073366,16:24:33.366,1INCH/USDT:USDT,0.2831,3116.5,0.283,10636.8,0.2832,2597.8,0.2833,9001.5
1753547073468,16:24:33.468,1INCH/USDT:USDT,0.2831,3116.5,0.283,10636.8,0.2832,2597.8,0.2833,9001.5
1753547073567,16:24:33.567,1INCH/USDT:USDT,0.2831,3116.5,0.283,10703.6,0.2832,2597.8,0.2833,9001.5
1753547073767,16:24:33.767,1INCH/USDT:USDT,0.2831,3116.5,0.283,10703.6,0.2832,2597.8,0.2833,9001.5
1753547073867,16:24:33.867,1INCH/USDT:USDT,0.2831,3116.5,0.283,10703.6,0.2832,2597.8,0.2833,9001.5
1753547073967,16:24:33.967,1INCH/USDT:USDT,0.2831,3116.5,0.283,10703.6,0.2832,2597.8,0.2833,9001.5
1753547074167,16:24:34.167,1INCH/USDT:USDT,0.2831,3167.1,0.283,10703.6,0.2832,2597.8,0.2833,9001.5
1753547074767,16:24:34.767,1INCH/USDT:USDT,0.2831,3167.1,0.283,10703.6,0.2832,2597.8,0.2833,9001.5
1753547074867,16:24:34.867,1INCH/USDT:USDT,0.2831,3116.5,0.283,10703.6,0.2832,2597.8,0.2833,9001.5
1753547075167,16:24:35.167,1INCH/USDT:USDT,0.2831,3116.5,0.283,10703.6,0.2832,2597.8,0.2833,9001.5
1753547075267,16:24:35.267,1INCH/USDT:USDT,0.2831,3116.5,0.283,10703.6,0.2832,2597.8,0.2833,9001.5
1753547075467,16:24:35.467,1INCH/USDT:USDT,0.2831,3116.5,0.283,10703.6,0.2832,2597.8,0.2833,9001.5
1753547075567,16:24:35.567,1INCH/USDT:USDT,0.2832,4209.3,0.2831,10911.1,0.2833,22.6,0.2834,15902.4
1753547075667,16:24:35.667,1INCH/USDT:USDT,0.2832,4259.9,0.2831,10911.1,0.2833,22.6,0.2834,14377.4
1753547075767,16:24:35.767,1INCH/USDT:USDT,0.2832,4984.9,0.2831,10911.1,0.2833,22.6,0.2834,8423.8
1753547075866,16:24:35.866,1INCH/USDT:USDT,0.2832,4984.9,0.2831,10911.1,0.2833,22.6,0.2834,8423.8
1753547075967,16:24:35.967,1INCH/USDT:USDT,0.2832,4984.9,0.2831,10911.1,0.2833,22.6,0.2834,8370.8
1753547076067,16:24:36.067,1INCH/USDT:USDT,0.2832,4984.9,0.2831,10911.1,0.2833,22.6,0.2834,8370.8
1753547076167,16:24:36.167,1INCH/USDT:USDT,0.2832,4934.3,0.2831,10911.1,0.2833,22.6,0.2834,6590.3
1753547076270,16:24:36.270,1INCH/USDT:USDT,0.2832,4973.9,0.2831,10871.5,0.2833,22.6,0.2834,6590.3
1753547076367,16:24:36.367,1INCH/USDT:USDT,0.2832,4973.9,0.2831,10871.5,0.2833,22.6,0.2834,6590.3
1753547076466,16:24:36.466,1INCH/USDT:USDT,0.2832,4973.9,0.2831,10871.5,0.2833,22.6,0.2834,6590.3
1753547076567,16:24:36.567,1INCH/USDT:USDT,0.2832,4973.9,0.2831,10871.5,0.2833,22.6,0.2834,6590.3
1753547076671,16:24:36.671,1INCH/USDT:USDT,0.2832,4973.9,0.2831,10975.4,0.2833,22.6,0.2834,5775.0
1753547076767,16:24:36.767,1INCH/USDT:USDT,0.2832,4248.9,0.2831,10975.4,0.2833,22.6,0.2834,5775.0
1753547076967,16:24:36.967,1INCH/USDT:USDT,0.2832,4248.9,0.2831,10975.4,0.2833,22.6,0.2834,5775.0
1753547077067,16:24:37.067,1INCH/USDT:USDT,0.2832,4973.9,0.2831,10974.4,0.2833,25.5,0.2834,5775.0
1753547077267,16:24:37.267,1INCH/USDT:USDT,0.2832,4973.9,0.2831,10974.4,0.2833,25.5,0.2834,5775.0
1753547077467,16:24:37.467,1INCH/USDT:USDT,0.2832,4973.9,0.2831,10974.4,0.2833,25.5,0.2834,5775.0
1753547077567,16:24:37.567,1INCH/USDT:USDT,0.2832,4973.9,0.2831,10974.4,0.2833,25.5,0.2834,5775.0
1753547077667,16:24:37.667,1INCH/USDT:USDT,0.2832,4973.9,0.2831,9853.7,0.2833,25.5,0.2834,5775.0
1753547078266,16:24:38.266,1INCH/USDT:USDT,0.2832,4973.9,0.2831,9853.7,0.2833,25.5,0.2834,5775.0
1753547078367,16:24:38.367,1INCH/USDT:USDT,0.2832,4973.9,0.2831,9853.7,0.2833,25.5,0.2834,5775.0
1753547078567,16:24:38.567,1INCH/USDT:USDT,0.2832,4973.9,0.2831,9853.7,0.2833,25.5,0.2834,5775.0
1753547078766,16:24:38.766,1INCH/USDT:USDT,0.2832,4973.9,0.2831,9853.7,0.2833,25.5,0.2834,5775.0
1753547078867,16:24:38.867,1INCH/USDT:USDT,0.2832,4973.9,0.2831,9883.3,0.2833,25.5,0.2834,5775.0
1753547079067,16:24:39.067,1INCH/USDT:USDT,0.2832,4973.9,0.2831,9883.3,0.2833,25.5,0.2834,5775.0
1753547079367,16:24:39.367,1INCH/USDT:USDT,0.2832,4973.9,0.2831,9883.3,0.2833,25.5,0.2834,5775.0
1753547079567,16:24:39.567,1INCH/USDT:USDT,0.2832,4973.9,0.2831,9883.3,0.2833,25.5,0.2834,5775.0
1753547080367,16:24:40.367,1INCH/USDT:USDT,0.2832,4248.9,0.2831,9883.3,0.2833,25.5,0.2834,5775.0
1753547080467,16:24:40.467,1INCH/USDT:USDT,0.2832,4123.6,0.2831,9883.3,0.2833,25.5,0.2834,5775.0
1753547080567,16:24:40.567,1INCH/USDT:USDT,0.2832,4123.6,0.2831,9883.3,0.2833,25.5,0.2834,5775.0
1753547080667,16:24:40.667,1INCH/USDT:USDT,0.2832,4123.6,0.2831,9883.3,0.2833,25.5,0.2834,5775.0
1753547080768,16:24:40.768,1INCH/USDT:USDT,0.2832,4123.6,0.2831,9883.3,0.2833,25.5,0.2834,5775.0
1753547081167,16:24:41.167,1INCH/USDT:USDT,0.2832,4123.6,0.2831,9883.3,0.2833,25.5,0.2834,6775.0
1753547081266,16:24:41.266,1INCH/USDT:USDT,0.2832,4981.2,0.2831,9879.4,0.2833,25.5,0.2834,6775.0
1753547081467,16:24:41.467,1INCH/USDT:USDT,0.2832,5001.6,0.2831,9863.9,0.2833,25.5,0.2834,6775.0
1753547081567,16:24:41.567,1INCH/USDT:USDT,0.2832,5001.6,0.2831,9863.9,0.2833,25.5,0.2834,6775.0
1753547081667,16:24:41.667,1INCH/USDT:USDT,0.2832,5001.6,0.2831,9863.9,0.2833,25.5,0.2834,5775.0
1753547081767,16:24:41.767,1INCH/USDT:USDT,0.2832,4276.6,0.2831,9863.9,0.2833,25.5,0.2834,5775.0
1753547081967,16:24:41.967,1INCH/USDT:USDT,0.2832,5001.6,0.2831,9863.9,0.2833,25.5,0.2834,5775.0
1753547082270,16:24:42.270,1INCH/USDT:USDT,0.2832,5001.6,0.2831,9863.9,0.2833,25.5,0.2834,5775.0
1753547082366,16:24:42.366,1INCH/USDT:USDT,0.2832,5001.6,0.2831,10047.1,0.2833,25.5,0.2834,5775.0
1753547082567,16:24:42.567,1INCH/USDT:USDT,0.2832,5001.6,0.2831,10047.1,0.2833,25.5,0.2834,5775.0
1753547082666,16:24:42.666,1INCH/USDT:USDT,0.2832,5001.6,0.2831,10047.1,0.2833,25.5,0.2834,5775.0
1753547082966,16:24:42.966,1INCH/USDT:USDT,0.2832,5001.6,0.2831,10047.1,0.2833,25.5,0.2834,5775.0
1753547083667,16:24:43.667,1INCH/USDT:USDT,0.2832,5001.6,0.2831,10047.1,0.2833,25.5,0.2834,5775.0
1753547083867,16:24:43.867,1INCH/USDT:USDT,0.2832,5001.6,0.2831,10047.1,0.2833,25.5,0.2834,5775.0
1753547084067,16:24:44.067,1INCH/USDT:USDT,0.2832,5001.6,0.2831,10047.1,0.2833,25.5,0.2834,5775.0
1753547084167,16:24:44.167,1INCH/USDT:USDT,0.2832,5001.6,0.2831,10176.6,0.2833,25.5,0.2834,5775.0
1753547084866,16:24:44.866,1INCH/USDT:USDT,0.2832,5139.6,0.2831,10176.6,0.2833,25.5,0.2834,5775.0
1753547084967,16:24:44.967,1INCH/USDT:USDT,0.2832,5139.6,0.2831,10176.6,0.2833,25.5,0.2834,5775.0
1753547085166,16:24:45.166,1INCH/USDT:USDT,0.2832,5139.6,0.2831,10176.6,0.2833,25.5,0.2834,5775.0
1753547085567,16:24:45.567,1INCH/USDT:USDT,0.2832,5001.6,0.2831,10176.6,0.2833,25.5,0.2834,5775.0
1753547086867,16:24:46.867,1INCH/USDT:USDT,0.2832,5001.6,0.2831,10176.6,0.2833,25.5,0.2834,5775.0
1753547086967,16:24:46.967,1INCH/USDT:USDT,0.2832,5001.6,0.2831,10176.6,0.2833,25.5,0.2834,5775.0
1753547087066,16:24:47.066,1INCH/USDT:USDT,0.2832,5001.6,0.2831,10176.6,0.2833,25.5,0.2834,5775.0
1753547087167,16:24:47.167,1INCH/USDT:USDT,0.2832,4876.3,0.2831,10176.6,0.2833,25.5,0.2834,5775.0
1753547087667,16:24:47.667,1INCH/USDT:USDT,0.2832,4876.3,0.2831,10176.6,0.2833,25.5,0.2834,5900.1
1753547087766,16:24:47.766,1INCH/USDT:USDT,0.2832,4151.3,0.2831,10301.7,0.2833,25.5,0.2834,5775.0
1753547088067,16:24:48.067,1INCH/USDT:USDT,0.2832,4151.3,0.2831,10301.7,0.2833,25.5,0.2834,6775.0
1753547088167,16:24:48.167,1INCH/USDT:USDT,0.2832,4151.3,0.2831,10301.7,0.2833,25.5,0.2834,6900.1
1753547088269,16:24:48.269,1INCH/USDT:USDT,0.2832,4151.3,0.2831,10301.7,0.2833,25.5,0.2834,6775.0
1753547088466,16:24:48.466,1INCH/USDT:USDT,0.2832,4276.6,0.2831,10301.7,0.2833,25.5,0.2834,6775.0
1753547088567,16:24:48.567,1INCH/USDT:USDT,0.2832,5001.6,0.2831,10301.7,0.2833,25.5,0.2834,6775.0
1753547088767,16:24:48.767,1INCH/USDT:USDT,0.2832,5001.6,0.2831,10301.7,0.2833,25.5,0.2834,5775.0
1753547089566,16:24:49.566,1INCH/USDT:USDT,0.2832,5001.6,0.2831,10352.3,0.2833,25.5,0.2834,5775.0
1753547089767,16:24:49.767,1INCH/USDT:USDT,0.2832,5001.6,0.2831,10352.3,0.2833,25.5,0.2834,5775.0
1753547089967,16:24:49.967,1INCH/USDT:USDT,0.2832,4981.2,0.2831,10352.3,0.2833,25.5,0.2834,5775.0
1753547090067,16:24:50.067,1INCH/USDT:USDT,0.2832,5001.4,0.2831,10352.3,0.2833,25.5,0.2834,6775.0
1753547090367,16:24:50.367,1INCH/USDT:USDT,0.2832,5001.4,0.2831,10352.3,0.2833,25.5,0.2834,5775.0
1753547090467,16:24:50.467,1INCH/USDT:USDT,0.2832,5001.4,0.2831,10352.3,0.2833,25.5,0.2834,5775.0
1753547090767,16:24:50.767,1INCH/USDT:USDT,0.2832,5001.4,0.2831,10352.3,0.2833,25.5,0.2834,5775.0
1753547091667,16:24:51.667,1INCH/USDT:USDT,0.2832,4876.1,0.2831,10352.3,0.2833,25.5,0.2834,5775.0
1753547091768,16:24:51.768,1INCH/USDT:USDT,0.2832,4876.1,0.2831,10352.3,0.2833,25.5,0.2834,5775.0
1753547091866,16:24:51.866,1INCH/USDT:USDT,0.2832,4876.1,0.2831,10352.3,0.2833,25.5,0.2834,5775.0
1753547092567,16:24:52.567,1INCH/USDT:USDT,0.2832,5001.4,0.2831,10352.3,0.2833,25.5,0.2834,5775.0
1753547092667,16:24:52.667,1INCH/USDT:USDT,0.2832,5001.4,0.2831,10352.3,0.2833,25.5,0.2834,5775.0
1753547092967,16:24:52.967,1INCH/USDT:USDT,0.2832,4876.1,0.2831,10352.3,0.2833,25.5,0.2834,5775.0
1753547093066,16:24:53.066,1INCH/USDT:USDT,0.2832,4876.1,0.2831,10352.3,0.2833,22.6,0.2834,5775.0
1753547093366,16:24:53.366,1INCH/USDT:USDT,0.2832,4877.3,0.2831,10352.3,0.2833,22.6,0.2834,5775.0
1753547094067,16:24:54.067,1INCH/USDT:USDT,0.2832,4877.3,0.2831,10352.3,0.2833,22.6,0.2834,5775.0
1753547094267,16:24:54.267,1INCH/USDT:USDT,0.2832,4877.3,0.2831,10352.3,0.2833,22.6,0.2834,5775.0
1753547094870,16:24:54.870,1INCH/USDT:USDT,0.2832,4877.3,0.2831,10352.3,0.2833,22.6,0.2834,5900.1
1753547095167,16:24:55.167,1INCH/USDT:USDT,0.2832,4877.3,0.2831,10352.3,0.2833,22.6,0.2834,5900.1
1753547095367,16:24:55.367,1INCH/USDT:USDT,0.2832,4877.3,0.2831,10352.3,0.2833,22.6,0.2834,5900.1
1753547095467,16:24:55.467,1INCH/USDT:USDT,0.2832,4877.3,0.2831,10352.3,0.2833,22.6,0.2834,5900.1
1753547095667,16:24:55.667,1INCH/USDT:USDT,0.2832,4877.3,0.2831,10352.3,0.2833,22.6,0.2834,5775.0
1753547096067,16:24:56.067,1INCH/USDT:USDT,0.2832,4877.3,0.2831,10352.3,0.2833,22.6,0.2834,5900.1
1753547096367,16:24:56.367,1INCH/USDT:USDT,0.2832,4877.2,0.2831,10352.3,0.2833,22.6,0.2834,5900.1
1753547096567,16:24:56.567,1INCH/USDT:USDT,0.2832,4877.2,0.2831,10352.3,0.2833,22.6,0.2834,5900.1
1753547096666,16:24:56.666,1INCH/USDT:USDT,0.2832,4877.2,0.2831,10352.3,0.2833,22.6,0.2834,5900.1
1753547096768,16:24:56.768,1INCH/USDT:USDT,0.2832,4877.2,0.2831,10352.3,0.2833,22.6,0.2834,5900.1
1753547096966,16:24:56.966,1INCH/USDT:USDT,0.2832,4877.2,0.2831,10352.3,0.2833,22.6,0.2834,6900.1
1753547097267,16:24:57.267,1INCH/USDT:USDT,0.2832,4752.1,0.2831,10352.3,0.2833,22.6,0.2834,6900.1
1753547097667,16:24:57.667,1INCH/USDT:USDT,0.2832,4877.2,0.2831,10352.3,0.2833,22.6,0.2834,6900.1
1753547098269,16:24:58.269,1INCH/USDT:USDT,0.2832,4877.2,0.2831,10352.3,0.2833,1375.2,0.2834,6900.1
1753547098367,16:24:58.367,1INCH/USDT:USDT,0.2832,4027.1,0.2831,10420.4,0.2833,1375.2,0.2834,6900.1
1753547098566,16:24:58.566,1INCH/USDT:USDT,0.2832,4027.1,0.2831,10420.4,0.2833,1375.2,0.2834,6900.1
1753547098667,16:24:58.667,1INCH/USDT:USDT,0.2832,4027.1,0.2831,10420.4,0.2833,1375.2,0.2834,6900.1
1753547099067,16:24:59.067,1INCH/USDT:USDT,0.2832,3987.5,0.2831,10420.4,0.2833,1375.2,0.2834,6900.1
1753547099367,16:24:59.367,1INCH/USDT:USDT,0.2832,4112.6,0.2831,10420.4,0.2833,1375.2,0.2834,6900.1
1753547099467,16:24:59.467,1INCH/USDT:USDT,0.2832,4112.6,0.2831,10420.4,0.2833,1375.2,0.2834,6775.0
1753547100167,16:25:00.167,1INCH/USDT:USDT,0.2832,3987.5,0.2831,10420.4,0.2833,1375.2,0.2834,6900.1
1753547100269,16:25:00.269,1INCH/USDT:USDT,0.2832,2987.5,0.2831,10295.3,0.2833,1375.2,0.2834,8994.1
1753547100367,16:25:00.367,1INCH/USDT:USDT,0.2832,809.7,0.2831,10295.3,0.2833,1822.5,0.2834,10635.5
1753547100467,16:25:00.467,1INCH/USDT:USDT,0.2832,779.3,0.2831,10295.3,0.2833,1947.4,0.2834,10635.5
1753547100567,16:25:00.567,1INCH/USDT:USDT,0.2832,779.3,0.2831,10295.3,0.2833,1947.4,0.2834,12448.1
1753547100667,16:25:00.667,1INCH/USDT:USDT,0.2832,779.3,0.2831,10295.3,0.2833,1947.4,0.2834,12448.1
1753547100768,16:25:00.768,1INCH/USDT:USDT,0.2832,779.3,0.2831,10295.3,0.2833,1947.4,0.2834,12448.1
1753547100867,16:25:00.867,1INCH/USDT:USDT,0.2832,27.5,0.2831,10295.3,0.2833,1947.4,0.2834,12448.1
1753547100967,16:25:00.967,1INCH/USDT:USDT,0.2832,27.5,0.2831,10295.3,0.2833,1947.4,0.2834,12448.1
1753547101068,16:25:01.068,1INCH/USDT:USDT,0.2832,27.5,0.2831,10295.3,0.2833,1947.4,0.2834,12448.1
1753547101167,16:25:01.167,1INCH/USDT:USDT,0.2832,2064.7,0.2831,10295.3,0.2833,74.9,0.2834,5775.0
1753547101467,16:25:01.467,1INCH/USDT:USDT,0.2832,1939.6,0.2831,10295.3,0.2833,74.9,0.2834,5775.0
1753547101967,16:25:01.967,1INCH/USDT:USDT,0.2832,2939.6,0.2831,10295.3,0.2833,74.9,0.2834,5775.0
1753547102067,16:25:02.067,1INCH/USDT:USDT,0.2832,3064.7,0.2831,10295.3,0.2833,35.3,0.2834,5775.0
1753547102269,16:25:02.269,1INCH/USDT:USDT,0.2832,3202.7,0.2831,10295.3,0.2833,35.3,0.2834,5775.0
1753547102367,16:25:02.367,1INCH/USDT:USDT,0.2832,3205.4,0.2831,10295.3,0.2833,35.3,0.2834,5775.0
1753547102567,16:25:02.567,1INCH/USDT:USDT,0.2832,3276.6,0.2831,10295.3,0.2833,35.3,0.2834,5775.0
1753547102967,16:25:02.967,1INCH/USDT:USDT,0.2832,3276.6,0.2831,10295.3,0.2833,35.3,0.2834,6775.0
1753547103567,16:25:03.567,1INCH/USDT:USDT,0.2832,3276.6,0.2831,10388.9,0.2833,35.3,0.2834,6775.0
1753547103667,16:25:03.667,1INCH/USDT:USDT,0.2833,3061.0,0.2832,9000.4,0.2834,471.5,0.2835,12406.6
1753547103767,16:25:03.767,1INCH/USDT:USDT,0.2833,3061.0,0.2832,8875.3,0.2834,471.5,0.2835,12531.5
1753547104166,16:25:04.166,1INCH/USDT:USDT,0.2833,3061.0,0.2832,8750.4,0.2834,1863.7,0.2835,13617.7
1753547104269,16:25:04.269,1INCH/USDT:USDT,0.2833,1352.6,0.2832,8750.4,0.2834,1988.6,0.2835,13617.7
1753547104366,16:25:04.366,1INCH/USDT:USDT,0.2833,1352.6,0.2832,8750.4,0.2834,1988.6,0.2835,13617.7
1753547104867,16:25:04.867,1INCH/USDT:USDT,0.2833,1352.6,0.2832,8750.4,0.2834,1988.6,0.2835,13617.7
1753547104967,16:25:04.967,1INCH/USDT:USDT,0.2832,8750.4,0.2831,10388.9,0.2834,2988.6,0.2835,14617.7
1753547105066,16:25:05.066,1INCH/USDT:USDT,0.2832,2921.1,0.2831,10513.8,0.2833,2352.6,0.2834,6328.4
1753547105167,16:25:05.167,1INCH/USDT:USDT,0.2832,2486.5,0.2831,10388.9,0.2833,2517.1,0.2834,8721.4
1753547105267,16:25:05.267,1INCH/USDT:USDT,0.2832,1133.9,0.2831,10388.9,0.2833,2952.1,0.2834,10087.7
1753547105367,16:25:05.367,1INCH/USDT:USDT,0.2832,1133.9,0.2831,10388.9,0.2833,2952.1,0.2834,10087.7
1753547105467,16:25:05.467,1INCH/USDT:USDT,0.2832,1133.9,0.2831,10552.2,0.2833,2952.1,0.2834,10087.7
1753547105566,16:25:05.566,1INCH/USDT:USDT,0.2832,298.7,0.2831,10552.2,0.2833,3077.2,0.2834,11900.3
1753547105666,16:25:05.666,1INCH/USDT:USDT,0.2832,245.7,0.2831,9552.2,0.2833,3077.2,0.2834,11900.3
1753547105967,16:25:05.967,1INCH/USDT:USDT,0.2832,245.7,0.2831,9552.2,0.2833,3077.2,0.2834,11900.3
1753547106067,16:25:06.067,1INCH/USDT:USDT,0.2832,245.7,0.2831,9552.2,0.2833,3077.2,0.2834,11900.3
1753547106167,16:25:06.167,1INCH/USDT:USDT,0.2832,245.7,0.2831,9552.2,0.2833,3077.2,0.2834,14545.9
1753547106269,16:25:06.269,1INCH/USDT:USDT,0.2832,245.7,0.2831,9552.2,0.2833,3077.2,0.2834,14545.9
1753547106366,16:25:06.366,1INCH/USDT:USDT,0.2831,2246.9,0.283,10807.5,0.2832,3165.4,0.2833,14132.1
1753547106468,16:25:06.468,1INCH/USDT:USDT,0.2831,827.6,0.283,7148.9,0.2832,3165.4,0.2833,14185.1
1753547106567,16:25:06.567,1INCH/USDT:USDT,0.2831,827.6,0.283,7148.9,0.2832,3165.4,0.2833,14185.1
1753547106666,16:25:06.666,1INCH/USDT:USDT,0.2831,827.6,0.283,9654.4,0.2832,3165.4,0.2833,14185.1
1753547106767,16:25:06.767,1INCH/USDT:USDT,0.2831,827.6,0.283,9654.4,0.2832,3165.4,0.2833,14185.1
1753547106867,16:25:06.867,1INCH/USDT:USDT,0.2831,827.6,0.283,9654.4,0.2832,3165.4,0.2833,14185.1
1753547106967,16:25:06.967,1INCH/USDT:USDT,0.2831,723.7,0.283,9654.4,0.2832,3165.4,0.2833,14185.1
1753547107066,16:25:07.066,1INCH/USDT:USDT,0.2831,723.7,0.283,9654.4,0.2832,3165.4,0.2833,14185.1
1753547107367,16:25:07.367,1INCH/USDT:USDT,0.2831,723.7,0.283,9654.4,0.2832,3205.0,0.2833,14145.5
1753547107467,16:25:07.467,1INCH/USDT:USDT,0.2831,723.7,0.283,8929.4,0.2832,3205.0,0.2833,14145.5
1753547107567,16:25:07.567,1INCH/USDT:USDT,0.2831,723.7,0.283,8929.4,0.2832,3205.0,0.2833,14145.5
1753547107767,16:25:07.767,1INCH/USDT:USDT,0.2831,723.7,0.283,8929.4,0.2832,3205.0,0.2833,14145.5
1753547107866,16:25:07.866,1INCH/USDT:USDT,0.2831,723.7,0.283,7148.9,0.2832,3205.0,0.2833,14145.5
1753547107967,16:25:07.967,1INCH/USDT:USDT,0.2831,827.6,0.283,7148.9,0.2832,3205.0,0.2833,16591.1
1753547108066,16:25:08.066,1INCH/USDT:USDT,0.2831,845.3,0.283,7148.9,0.2832,3205.0,0.2833,16591.1
1753547108167,16:25:08.167,1INCH/USDT:USDT,0.2831,741.4,0.283,8929.4,0.2832,3205.0,0.2833,16591.1
1753547108267,16:25:08.267,1INCH/USDT:USDT,0.2831,741.4,0.283,9654.4,0.2832,3205.0,0.2833,16591.1
1753547108367,16:25:08.367,1INCH/USDT:USDT,0.2831,741.4,0.283,9654.4,0.2832,3205.0,0.2833,16591.1
1753547108667,16:25:08.667,1INCH/USDT:USDT,0.2831,741.4,0.283,7148.9,0.2832,3205.0,0.2833,19414.5
1753547108767,16:25:08.767,1INCH/USDT:USDT,0.2831,741.4,0.283,7148.9,0.2832,3205.0,0.2833,19414.5
1753547108867,16:25:08.867,1INCH/USDT:USDT,0.2831,741.4,0.283,7148.9,0.2832,3381.6,0.2833,19414.5
1753547108966,16:25:08.966,1INCH/USDT:USDT,0.2831,741.4,0.283,7148.9,0.2832,3205.0,0.2833,19414.5
1753547109067,16:25:09.067,1INCH/USDT:USDT,0.2831,741.4,0.283,7148.9,0.2832,3205.0,0.2833,19414.5
1753547109267,16:25:09.267,1INCH/USDT:USDT,0.2831,741.4,0.283,8929.4,0.2832,3205.0,0.2833,19414.5
1753547109767,16:25:09.767,1INCH/USDT:USDT,0.2831,741.4,0.283,8929.4,0.2832,3205.0,0.2833,19414.5
1753547109967,16:25:09.967,1INCH/USDT:USDT,0.2831,741.4,0.283,8929.4,0.2832,3205.0,0.2833,19414.5
1753547110066,16:25:10.066,1INCH/USDT:USDT,0.2831,741.4,0.283,10146.4,0.2832,3205.0,0.2833,19414.5
1753547110167,16:25:10.167,1INCH/USDT:USDT,0.2831,741.4,0.283,10146.4,0.2832,3205.0,0.2833,19414.5
1753547110269,16:25:10.269,1INCH/USDT:USDT,0.2831,741.4,0.283,10146.4,0.2832,3205.0,0.2833,19414.5
1753547110668,16:25:10.668,1INCH/USDT:USDT,0.2831,741.4,0.283,10146.4,0.2832,3205.0,0.2833,19414.5
1753547110767,16:25:10.767,1INCH/USDT:USDT,0.2831,815.7,0.283,10146.4,0.2832,3205.0,0.2833,19414.5
1753547110866,16:25:10.866,1INCH/USDT:USDT,0.2831,815.7,0.283,10176.0,0.2832,3205.0,0.2833,19414.5
1753547111067,16:25:11.067,1INCH/USDT:USDT,0.2831,815.7,0.283,10176.0,0.2832,3205.0,0.2833,19414.5
1753547111368,16:25:11.368,1INCH/USDT:USDT,0.2831,815.7,0.283,10176.0,0.2832,3205.0,0.2833,19414.5
1753547112167,16:25:12.167,1INCH/USDT:USDT,0.2831,815.7,0.283,10176.0,0.2832,3205.0,0.2833,19414.5
1753547112867,16:25:12.867,1INCH/USDT:USDT,0.2831,815.7,0.283,8395.5,0.2832,3205.0,0.2833,19414.5
1753547112967,16:25:12.967,1INCH/USDT:USDT,0.2831,815.7,0.283,7178.5,0.2832,3205.0,0.2833,19414.5
1753547113067,16:25:13.067,1INCH/USDT:USDT,0.2831,815.7,0.283,7178.5,0.2832,3205.0,0.2833,19414.5
1753547113167,16:25:13.167,1INCH/USDT:USDT,0.2831,815.7,0.283,7178.5,0.2832,3205.0,0.2833,19414.5
1753547113266,16:25:13.266,1INCH/USDT:USDT,0.2831,815.7,0.283,7178.5,0.2832,3205.0,0.2833,19414.5
1753547113366,16:25:13.366,1INCH/USDT:USDT,0.2831,815.7,0.283,8959.0,0.2832,3205.0,0.2833,19414.5
1753547113667,16:25:13.667,1INCH/USDT:USDT,0.2831,815.7,0.283,7178.5,0.2832,3205.0,0.2833,19414.5
1753547113766,16:25:13.766,1INCH/USDT:USDT,0.2831,815.7,0.283,7178.5,0.2832,3558.2,0.2833,19414.5
1753547113967,16:25:13.967,1INCH/USDT:USDT,0.2831,472.0,0.283,7178.5,0.2832,3734.8,0.2833,19414.5
1753547114067,16:25:14.067,1INCH/USDT:USDT,0.2831,472.0,0.283,7178.5,0.2832,3734.8,0.2833,19414.5
1753547114167,16:25:14.167,1INCH/USDT:USDT,0.283,1680.3,0.2829,7030.9,0.2831,1631.4,0.2832,12658.8
1753547114267,16:25:14.267,1INCH/USDT:USDT,0.283,1680.3,0.2829,7214.1,0.2831,1631.4,0.2832,12658.8
1753547114567,16:25:14.567,1INCH/USDT:USDT,0.283,1680.3,0.2829,7214.1,0.2831,1631.4,0.2832,12658.8
1753547114767,16:25:14.767,1INCH/USDT:USDT,0.283,1680.3,0.2829,8214.1,0.2831,1631.4,0.2832,12658.8
1753547115767,16:25:15.767,1INCH/USDT:USDT,0.283,131.0,0.2829,7214.1,0.2831,2671.0,0.2832,12619.2
1753547116167,16:25:16.167,1INCH/USDT:USDT,0.283,131.0,0.2829,7214.1,0.2831,2671.0,0.2832,12619.2
1753547116267,16:25:16.267,1INCH/USDT:USDT,0.283,131.0,0.2829,7214.1,0.2831,2671.0,0.2832,12619.2
1753547116467,16:25:16.467,1INCH/USDT:USDT,0.283,131.0,0.2829,7214.1,0.2831,2672.0,0.2832,12619.2
1753547117167,16:25:17.167,1INCH/USDT:USDT,0.283,1930.7,0.2829,7214.1,0.2831,2672.0,0.2832,12619.2
1753547117267,16:25:17.267,1INCH/USDT:USDT,0.283,1930.7,0.2829,7214.1,0.2831,2672.0,0.2832,12619.2
1753547117467,16:25:17.467,1INCH/USDT:USDT,0.283,1930.7,0.2829,7214.1,0.2831,2672.0,0.2832,12619.2
1753547117567,16:25:17.567,1INCH/USDT:USDT,0.283,1930.7,0.2829,7214.1,0.2831,1672.0,0.2832,12619.2
1753547117667,16:25:17.667,1INCH/USDT:USDT,0.283,1930.7,0.2829,7214.1,0.2831,1547.1,0.2832,12619.2
1753547118067,16:25:18.067,1INCH/USDT:USDT,0.283,1930.7,0.2829,7214.1,0.2831,1547.1,0.2832,12619.2
1753547118667,16:25:18.667,1INCH/USDT:USDT,0.283,1930.7,0.2829,7214.1,0.2831,1547.1,0.2832,12619.2
1753547118767,16:25:18.767,1INCH/USDT:USDT,0.283,1930.7,0.2829,7214.1,0.2831,1672.0,0.2832,12494.3
1753547119067,16:25:19.067,1INCH/USDT:USDT,0.283,1930.7,0.2829,7214.1,0.2831,1546.9,0.2832,12494.3
1753547119166,16:25:19.166,1INCH/USDT:USDT,0.283,1930.7,0.2829,7214.1,0.2831,1422.0,0.2832,12494.3
1753547119466,16:25:19.466,1INCH/USDT:USDT,0.283,1930.7,0.2829,7214.1,0.2831,1422.0,0.2832,12494.3
1753547119767,16:25:19.767,1INCH/USDT:USDT,0.283,1930.7,0.2829,7214.1,0.2831,1422.0,0.2832,12494.3
1753547119867,16:25:19.867,1INCH/USDT:USDT,0.283,2055.6,0.2829,7214.1,0.2831,1422.0,0.2832,12494.3
1753547120067,16:25:20.067,1INCH/USDT:USDT,0.283,2055.6,0.2829,7214.1,0.2831,1382.4,0.2832,12494.3
1753547121067,16:25:21.067,1INCH/USDT:USDT,0.283,2055.6,0.2829,7214.1,0.2831,1382.4,0.2832,12494.3
1753547121267,16:25:21.267,1INCH/USDT:USDT,0.283,2055.6,0.2829,7214.1,0.2831,1382.4,0.2832,12494.3
1753547122067,16:25:22.067,1INCH/USDT:USDT,0.283,1930.7,0.2829,7214.1,0.2831,1382.4,0.2832,12494.3
1753547122167,16:25:22.167,1INCH/USDT:USDT,0.283,1930.7,0.2829,7214.1,0.2831,1382.4,0.2832,12494.3
1753547122767,16:25:22.767,1INCH/USDT:USDT,0.283,1930.7,0.2829,8214.1,0.2831,1382.4,0.2832,12494.3
1753547122867,16:25:22.867,1INCH/USDT:USDT,0.283,1930.7,0.2829,8214.1,0.2831,1382.4,0.2832,12494.3
1753547122967,16:25:22.967,1INCH/USDT:USDT,0.283,1930.7,0.2829,8214.1,0.2831,1382.4,0.2832,12494.3
1753547123067,16:25:23.067,1INCH/USDT:USDT,0.283,1930.7,0.2829,8214.1,0.2831,1382.4,0.2832,12494.3
1753547123466,16:25:23.466,1INCH/USDT:USDT,0.283,1930.7,0.2829,8214.1,0.2831,1632.4,0.2832,12494.3
1753547123567,16:25:23.567,1INCH/USDT:USDT,0.283,1930.7,0.2829,8214.1,0.2831,1382.4,0.2832,12494.3
1753547124067,16:25:24.067,1INCH/USDT:USDT,0.283,1930.7,0.2829,8214.1,0.2831,1382.4,0.2832,12494.3
1753547124166,16:25:24.166,1INCH/USDT:USDT,0.283,1930.7,0.2829,8214.1,0.2831,1382.4,0.2832,12494.3
1753547124467,16:25:24.467,1INCH/USDT:USDT,0.283,1930.7,0.2829,8214.1,0.2831,1507.3,0.2832,12494.3
1753547124667,16:25:24.667,1INCH/USDT:USDT,0.283,1930.7,0.2829,8214.1,0.2831,2507.3,0.2832,12494.3
1753547124767,16:25:24.767,1INCH/USDT:USDT,0.283,1848.8,0.2829,8214.1,0.2831,2507.3,0.2832,12494.3
1753547124866,16:25:24.866,1INCH/USDT:USDT,0.283,1848.8,0.2829,8214.1,0.2831,2382.4,0.2832,12494.3
1753547124966,16:25:24.966,1INCH/USDT:USDT,0.283,1848.8,0.2829,8214.1,0.2831,2632.4,0.2832,12494.3
1753547125067,16:25:25.067,1INCH/USDT:USDT,0.283,1848.8,0.2829,8214.1,0.2831,2632.4,0.2832,12494.3
1753547125167,16:25:25.167,1INCH/USDT:USDT,0.283,1848.8,0.2829,8214.1,0.2831,2672.0,0.2832,12494.3
1753547125267,16:25:25.267,1INCH/USDT:USDT,0.283,1848.8,0.2829,8214.1,0.2831,2546.9,0.2832,12494.3
1753547125367,16:25:25.367,1INCH/USDT:USDT,0.283,1848.8,0.2829,8214.1,0.2831,2672.0,0.2832,12494.3
1753547126567,16:25:26.567,1INCH/USDT:USDT,0.283,1848.8,0.2829,8214.1,0.2831,1422.0,0.2832,12494.3
1753547127666,16:25:27.666,1INCH/USDT:USDT,0.283,1848.8,0.2829,8214.1,0.2831,1382.4,0.2832,12494.3
1753547128067,16:25:28.067,1INCH/USDT:USDT,0.283,2098.8,0.2829,8214.1,0.2831,1.0,0.2832,7641.9
1753547128167,16:25:28.167,1INCH/USDT:USDT,0.283,2098.8,0.2829,8214.1,0.2831,1.0,0.2832,7641.9
1753547128269,16:25:28.269,1INCH/USDT:USDT,0.283,2098.8,0.2829,8214.1,0.2831,1.0,0.2832,7641.9
1753547128367,16:25:28.367,1INCH/USDT:USDT,0.283,2098.8,0.2829,8214.1,0.2831,1.0,0.2832,7641.9
1753547128467,16:25:28.467,1INCH/USDT:USDT,0.283,2103.6,0.2829,8214.1,0.2831,1.0,0.2832,7641.9
1753547128567,16:25:28.567,1INCH/USDT:USDT,0.283,1853.6,0.2829,8214.1,0.2831,1359.4,0.2832,10541.2
1753547128667,16:25:28.667,1INCH/USDT:USDT,0.283,2853.6,0.2829,8214.1,0.2831,1359.4,0.2832,10541.2
1753547128767,16:25:28.767,1INCH/USDT:USDT,0.283,2978.5,0.2829,8214.1,0.2831,1359.4,0.2832,10541.2
1753547129367,16:25:29.367,1INCH/USDT:USDT,0.283,2853.6,0.2829,8214.1,0.2831,1359.4,0.2832,10541.2
1753547129467,16:25:29.467,1INCH/USDT:USDT,0.283,1853.6,0.2829,8214.1,0.2831,1359.4,0.2832,10541.2
1753547129567,16:25:29.567,1INCH/USDT:USDT,0.283,1853.6,0.2829,7214.1,0.2831,2704.5,0.2832,10541.2
1753547129667,16:25:29.667,1INCH/USDT:USDT,0.283,1853.6,0.2829,7214.1,0.2831,3829.4,0.2832,10541.2
1753547129766,16:25:29.766,1INCH/USDT:USDT,0.283,488.7,0.2829,7214.1,0.2831,3954.5,0.2832,10541.2
1753547129867,16:25:29.867,1INCH/USDT:USDT,0.283,488.7,0.2829,7214.1,0.2831,3954.5,0.2832,10541.2
1753547130167,16:25:30.167,1INCH/USDT:USDT,0.283,488.7,0.2829,7214.1,0.2831,3994.1,0.2832,10541.2
1753547130266,16:25:30.266,1INCH/USDT:USDT,0.283,53.9,0.2829,7214.1,0.2831,3994.1,0.2832,12353.8
1753547130367,16:25:30.367,1INCH/USDT:USDT,0.283,53.9,0.2829,7214.1,0.2831,3994.1,0.2832,12353.8
1753547130466,16:25:30.466,1INCH/USDT:USDT,0.283,53.9,0.2829,7214.1,0.2831,3994.1,0.2832,12353.8
1753547130566,16:25:30.566,1INCH/USDT:USDT,0.283,53.9,0.2829,7214.1,0.2831,3994.1,0.2832,12353.8
1753547130767,16:25:30.767,1INCH/USDT:USDT,0.283,53.9,0.2829,7214.1,0.2831,3994.1,0.2832,12353.8
1753547130867,16:25:30.867,1INCH/USDT:USDT,0.283,53.9,0.2829,7214.1,0.2831,3994.1,0.2832,12353.8
1753547132167,16:25:32.167,1INCH/USDT:USDT,0.283,53.9,0.2829,7214.1,0.2831,3994.1,0.2832,12353.8
1753547132467,16:25:32.467,1INCH/USDT:USDT,0.283,53.9,0.2829,7214.1,0.2831,3994.1,0.2832,12353.8
1753547132567,16:25:32.567,1INCH/USDT:USDT,0.283,53.9,0.2829,8214.1,0.2831,3994.1,0.2832,12353.8
1753547132667,16:25:32.667,1INCH/USDT:USDT,0.283,53.9,0.2829,8214.1,0.2831,3993.9,0.2832,12353.8
1753547132966,16:25:32.966,1INCH/USDT:USDT,0.283,53.9,0.2829,8214.1,0.2831,2993.9,0.2832,10541.2
1753547133367,16:25:33.367,1INCH/USDT:USDT,0.283,53.9,0.2829,8214.1,0.2831,2993.8,0.2832,10541.2
1753547133467,16:25:33.467,1INCH/USDT:USDT,0.283,53.9,0.2829,8214.1,0.2831,2993.8,0.2832,10541.2
1753547134167,16:25:34.167,1INCH/USDT:USDT,0.283,53.9,0.2829,8214.1,0.2831,2993.7,0.2832,10541.2
1753547135467,16:25:35.467,1INCH/USDT:USDT,0.283,53.9,0.2829,8214.1,0.2831,2993.7,0.2832,10541.2
1753547135566,16:25:35.566,1INCH/USDT:USDT,0.283,53.9,0.2829,8214.1,0.2831,3993.7,0.2832,10541.2
1753547135867,16:25:35.867,1INCH/USDT:USDT,0.283,56.2,0.2829,8214.1,0.2831,3993.7,0.2832,10541.2
1753547135967,16:25:35.967,1INCH/USDT:USDT,0.283,56.2,0.2829,4669.1,0.2831,4428.5,0.2832,12353.8
1753547136067,16:25:36.067,1INCH/USDT:USDT,0.2829,1315.0,0.2828,10644.0,0.283,2986.9,0.2831,16831.5
1753547136166,16:25:36.166,1INCH/USDT:USDT,0.2829,1315.0,0.2828,10644.0,0.283,3112.0,0.2831,15764.0
1753547136269,16:25:36.269,1INCH/USDT:USDT,0.2829,1315.0,0.2828,10644.0,0.283,2862.0,0.2831,15764.0
1753547136366,16:25:36.366,1INCH/USDT:USDT,0.2829,638.1,0.2828,10644.0,0.283,2862.0,0.2831,15764.0
1753547136567,16:25:36.567,1INCH/USDT:USDT,0.2829,638.1,0.2828,10644.0,0.283,2986.9,0.2831,15764.0
1753547136667,16:25:36.667,1INCH/USDT:USDT,0.2829,638.1,0.2828,10644.0,0.283,2986.9,0.2831,15764.0
1753547136866,16:25:36.866,1INCH/USDT:USDT,0.2829,638.1,0.2828,10644.0,0.283,3112.0,0.2831,15764.0
1753547136967,16:25:36.967,1INCH/USDT:USDT,0.2829,638.1,0.2828,10644.0,0.283,3112.0,0.2831,15764.0
1753547137067,16:25:37.067,1INCH/USDT:USDT,0.2829,638.1,0.2828,10644.0,0.283,3112.0,0.2831,15764.0
1753547137167,16:25:37.167,1INCH/USDT:USDT,0.2829,638.1,0.2828,10644.0,0.283,3151.6,0.2831,15724.4
1753547137268,16:25:37.268,1INCH/USDT:USDT,0.2829,638.1,0.2828,10644.0,0.283,3151.6,0.2831,15724.4
1753547137367,16:25:37.367,1INCH/USDT:USDT,0.2829,638.1,0.2828,10644.0,0.283,3151.6,0.2831,15724.4
1753547137467,16:25:37.467,1INCH/USDT:USDT,0.2829,638.1,0.2828,10644.0,0.283,3151.6,0.2831,15724.4
1753547137567,16:25:37.567,1INCH/USDT:USDT,0.2829,638.1,0.2828,10644.0,0.283,3151.6,0.2831,15724.4
1753547137667,16:25:37.667,1INCH/USDT:USDT,0.2829,638.1,0.2828,10644.0,0.283,3151.6,0.2831,15724.4
1753547138267,16:25:38.267,1INCH/USDT:USDT,0.2829,638.1,0.2828,10644.0,0.283,3151.6,0.2831,15724.4
1753547138366,16:25:38.366,1INCH/USDT:USDT,0.2829,638.1,0.2828,10644.0,0.283,3151.6,0.2831,16762.7
1753547138567,16:25:38.567,1INCH/USDT:USDT,0.2829,638.1,0.2828,10644.0,0.283,4151.6,0.2831,16762.7
1753547140067,16:25:40.067,1INCH/USDT:USDT,0.2829,638.1,0.2828,8863.5,0.283,4151.6,0.2831,16762.7
1753547140166,16:25:40.166,1INCH/USDT:USDT,0.2829,638.1,0.2828,8863.5,0.283,4151.6,0.2831,16762.7
1753547141667,16:25:41.667,1INCH/USDT:USDT,0.2829,202.7,0.2828,8863.5,0.283,4151.6,0.2831,16762.7
1753547141767,16:25:41.767,1INCH/USDT:USDT,0.2829,202.7,0.2828,8863.5,0.283,4151.6,0.2831,16762.7
1753547141967,16:25:41.967,1INCH/USDT:USDT,0.2829,202.7,0.2828,8863.5,0.283,4151.6,0.2831,16762.7
1753547142066,16:25:42.066,1INCH/USDT:USDT,0.2829,202.7,0.2828,8863.5,0.283,4151.6,0.2831,16762.7
1753547142367,16:25:42.367,1INCH/USDT:USDT,0.2829,202.7,0.2828,8863.5,0.283,4151.6,0.2831,16762.7
1753547142466,16:25:42.466,1INCH/USDT:USDT,0.2829,202.7,0.2828,8863.5,0.283,4151.6,0.2831,16762.7
1753547143266,16:25:43.266,1INCH/USDT:USDT,0.2829,202.7,0.2828,8863.5,0.283,4151.6,0.2831,16762.7
1753547143367,16:25:43.367,1INCH/USDT:USDT,0.2829,202.7,0.2828,8863.5,0.283,4151.6,0.2831,16762.7
1753547143866,16:25:43.866,1INCH/USDT:USDT,0.2829,202.7,0.2828,8863.5,0.283,4151.6,0.2831,16762.7
1753547145666,16:25:45.666,1INCH/USDT:USDT,0.2829,202.7,0.2828,8863.5,0.283,4151.6,0.2831,16762.7
1753547145766,16:25:45.766,1INCH/USDT:USDT,0.2829,202.7,0.2828,8863.5,0.283,5496.1,0.2831,15418.0
1753547145867,16:25:45.867,1INCH/USDT:USDT,0.2829,202.7,0.2828,8863.5,0.283,5496.1,0.2831,15418.0
1753547145966,16:25:45.966,1INCH/USDT:USDT,0.2829,19.5,0.2828,8954.1,0.283,5496.1,0.2831,15418.0
1753547146067,16:25:46.067,1INCH/USDT:USDT,0.2829,19.5,0.2828,9046.7,0.283,5496.1,0.2831,15418.0
1753547146267,16:25:46.267,1INCH/USDT:USDT,0.2829,19.5,0.2828,8321.7,0.283,5496.1,0.2831,15418.0
1753547146866,16:25:46.866,1INCH/USDT:USDT,0.2829,19.5,0.2828,9046.7,0.283,5495.9,0.2831,15418.0
1753547147067,16:25:47.067,1INCH/USDT:USDT,0.2828,2570.2,0.2827,8768.1,0.2829,4607.4,0.283,15161.1
1753547147167,16:25:47.167,1INCH/USDT:USDT,0.2828,1801.6,0.2827,8768.1,0.2829,4647.0,0.283,15121.5
1753547147268,16:25:47.268,1INCH/USDT:USDT,0.2828,475.6,0.2827,8768.1,0.2829,4647.0,0.283,16934.1
1753547147368,16:25:47.368,1INCH/USDT:USDT,0.2828,475.6,0.2827,8768.1,0.2829,4647.0,0.283,19380.6
1753547147467,16:25:47.467,1INCH/USDT:USDT,0.2828,475.6,0.2827,8768.1,0.2829,4522.1,0.283,19380.6
1753547147567,16:25:47.567,1INCH/USDT:USDT,0.2828,475.6,0.2827,8768.1,0.2829,4522.1,0.283,19380.6
1753547147667,16:25:47.667,1INCH/USDT:USDT,0.2828,475.6,0.2827,8768.1,0.2829,3522.1,0.283,17568.0
1753547148067,16:25:48.067,1INCH/USDT:USDT,0.2828,1825.4,0.2827,8768.1,0.2829,3482.5,0.283,16753.7
1753547148167,16:25:48.167,1INCH/USDT:USDT,0.2828,1825.4,0.2827,7934.7,0.2829,3482.5,0.283,16753.7
1753547148270,16:25:48.270,1INCH/USDT:USDT,0.2828,1825.4,0.2827,7934.7,0.2829,3482.5,0.283,16753.7
1753547148467,16:25:48.467,1INCH/USDT:USDT,0.2828,475.6,0.2827,8934.7,0.2829,3607.4,0.283,16753.7
1753547148567,16:25:48.567,1INCH/USDT:USDT,0.2828,475.6,0.2827,8934.7,0.2829,3607.4,0.283,16753.7
1753547148666,16:25:48.666,1INCH/USDT:USDT,0.2828,475.6,0.2827,8934.7,0.2829,3482.5,0.283,16753.7
1753547148967,16:25:48.967,1INCH/USDT:USDT,0.2828,475.6,0.2827,8934.7,0.2829,3482.5,0.283,16753.7
1753547149067,16:25:49.067,1INCH/USDT:USDT,0.2828,475.6,0.2827,8934.7,0.2829,3522.1,0.283,16753.7
1753547149167,16:25:49.167,1INCH/USDT:USDT,0.2828,475.6,0.2827,8934.7,0.2829,3522.1,0.283,16753.7
1753547149367,16:25:49.367,1INCH/USDT:USDT,0.2828,475.6,0.2827,8934.7,0.2829,3522.1,0.283,16753.7
1753547149467,16:25:49.467,1INCH/USDT:USDT,0.2828,475.6,0.2827,8934.7,0.2829,3522.1,0.283,16753.7
1753547149668,16:25:49.668,1INCH/USDT:USDT,0.2828,1825.4,0.2827,8934.7,0.2829,3522.1,0.283,16753.7
1753547150067,16:25:50.067,1INCH/USDT:USDT,0.2828,1825.4,0.2827,8934.7,0.2829,3482.5,0.283,16753.7
1753547150269,16:25:50.269,1INCH/USDT:USDT,0.2828,1825.4,0.2827,8934.7,0.2829,3482.5,0.283,16753.7
1753547150467,16:25:50.467,1INCH/USDT:USDT,0.2828,1825.4,0.2827,8934.7,0.2829,3482.5,0.283,16753.7
1753547151067,16:25:51.067,1INCH/USDT:USDT,0.2828,1825.4,0.2827,8934.7,0.2829,3482.5,0.283,16753.7
1753547151466,16:25:51.466,1INCH/USDT:USDT,0.2828,1825.4,0.2827,8934.7,0.2829,3482.5,0.283,16753.7
1753547151766,16:25:51.766,1INCH/USDT:USDT,0.2828,475.6,0.2827,8934.7,0.2829,3607.4,0.283,16628.8
1753547151866,16:25:51.866,1INCH/USDT:USDT,0.2828,475.6,0.2827,7934.7,0.2829,3607.4,0.283,16628.8
1753547152167,16:25:52.167,1INCH/USDT:USDT,0.2828,475.6,0.2827,7934.7,0.2829,3647.0,0.283,16628.8
1753547152367,16:25:52.367,1INCH/USDT:USDT,0.2828,475.6,0.2827,7934.7,0.2829,4647.0,0.283,16628.8
1753547152467,16:25:52.467,1INCH/USDT:USDT,0.2828,475.6,0.2827,7934.7,0.2829,4647.0,0.283,16628.8
1753547152767,16:25:52.767,1INCH/USDT:USDT,0.2828,475.6,0.2827,7934.7,0.2829,6000.4,0.283,15284.5
1753547153567,16:25:53.567,1INCH/USDT:USDT,0.2828,1950.3,0.2827,7934.7,0.2829,4875.5,0.283,15284.5
1753547153667,16:25:53.667,1INCH/USDT:USDT,0.2828,2075.4,0.2827,7887.0,0.2829,4875.5,0.283,15284.5
1753547153767,16:25:53.767,1INCH/USDT:USDT,0.2828,2075.4,0.2827,7887.0,0.2829,4875.5,0.283,15284.5
1753547153867,16:25:53.867,1INCH/USDT:USDT,0.2828,1825.4,0.2827,7887.0,0.2829,4875.5,0.283,15284.5
1753547154167,16:25:54.167,1INCH/USDT:USDT,0.2828,1825.4,0.2827,7887.0,0.2829,4875.5,0.283,15284.5
1753547154367,16:25:54.367,1INCH/USDT:USDT,0.2828,1825.4,0.2827,8887.0,0.2829,4875.5,0.283,15284.5
1753547154568,16:25:54.568,1INCH/USDT:USDT,0.2828,1950.3,0.2827,8887.0,0.2829,4875.5,0.283,15284.5
1753547154666,16:25:54.666,1INCH/USDT:USDT,0.2828,2075.4,0.2827,8887.0,0.2829,4875.5,0.283,15284.5
1753547155067,16:25:55.067,1INCH/USDT:USDT,0.2828,2075.4,0.2827,8887.0,0.2829,4875.5,0.283,15284.5
1753547155167,16:25:55.167,1INCH/USDT:USDT,0.2828,1950.3,0.2827,8887.0,0.2829,4875.5,0.283,15284.5
1753547155467,16:25:55.467,1INCH/USDT:USDT,0.2828,1953.4,0.2827,8887.0,0.2829,4875.5,0.283,15284.5
1753547155966,16:25:55.966,1INCH/USDT:USDT,0.2828,1828.5,0.2827,8887.0,0.2829,4875.5,0.283,15284.5
1753547156467,16:25:56.467,1INCH/USDT:USDT,0.2828,1828.5,0.2827,8887.0,0.2829,4875.5,0.283,15284.5
1753547156566,16:25:56.566,1INCH/USDT:USDT,0.2828,1831.5,0.2827,8887.0,0.2829,4875.5,0.283,15284.5
1753547157267,16:25:57.267,1INCH/USDT:USDT,0.2828,1831.5,0.2827,8887.0,0.2829,4875.5,0.283,15284.5
1753547157367,16:25:57.367,1INCH/USDT:USDT,0.2828,1831.5,0.2827,8887.0,0.2829,4875.5,0.283,15284.5
1753547157468,16:25:57.468,1INCH/USDT:USDT,0.2828,1831.5,0.2827,8887.0,0.2829,4875.3,0.283,17097.1
1753547157567,16:25:57.567,1INCH/USDT:USDT,0.2828,1831.5,0.2827,8887.0,0.2829,4875.3,0.283,17097.1
1753547157667,16:25:57.667,1INCH/USDT:USDT,0.2828,1831.5,0.2827,8887.0,0.2829,4875.3,0.283,15284.5
1753547157967,16:25:57.967,1INCH/USDT:USDT,0.2828,1831.5,0.2827,8887.0,0.2829,4875.3,0.283,15284.5
1753547158166,16:25:58.166,1INCH/USDT:USDT,0.2828,1956.4,0.2827,8887.0,0.2829,3522.1,0.283,15284.5
1753547158269,16:25:58.269,1INCH/USDT:USDT,0.2828,1831.5,0.2827,8887.0,0.2829,4875.0,0.283,15284.5
1753547158567,16:25:58.567,1INCH/USDT:USDT,0.2828,2081.5,0.2827,8887.0,0.2829,4875.0,0.283,15284.5
1753547159067,16:25:59.067,1INCH/USDT:USDT,0.2828,1956.4,0.2827,8887.0,0.2829,4835.4,0.283,15284.5
1753547160767,16:26:00.767,1INCH/USDT:USDT,0.2828,1831.5,0.2827,8887.0,0.2829,4835.4,0.283,15284.5
1753547161567,16:26:01.567,1INCH/USDT:USDT,0.2828,1831.5,0.2827,8887.0,0.2829,4960.3,0.283,15284.5
1753547162067,16:26:02.067,1INCH/USDT:USDT,0.2828,1831.5,0.2827,8887.0,0.2829,4960.3,0.283,15284.5
1753547162266,16:26:02.266,1INCH/USDT:USDT,0.2828,1831.5,0.2827,8887.0,0.2829,4960.3,0.283,15284.5
1753547162567,16:26:02.567,1INCH/USDT:USDT,0.2828,1831.5,0.2827,8887.0,0.2829,4835.4,0.283,15284.5
1753547162667,16:26:02.667,1INCH/USDT:USDT,0.2828,1956.4,0.2827,8887.0,0.2829,4835.4,0.283,15284.5
1753547162767,16:26:02.767,1INCH/USDT:USDT,0.2828,1831.5,0.2827,8887.0,0.2829,4835.4,0.283,15284.5
1753547162867,16:26:02.867,1INCH/USDT:USDT,0.2828,1831.5,0.2827,8887.0,0.2829,4835.4,0.283,15284.5
1753547163566,16:26:03.566,1INCH/USDT:USDT,0.2828,1831.5,0.2827,8887.0,0.2829,4835.4,0.283,15284.5
1753547163768,16:26:03.768,1INCH/USDT:USDT,0.2828,1834.2,0.2827,7887.0,0.2829,4960.3,0.283,15284.5
1753547164067,16:26:04.067,1INCH/USDT:USDT,0.2828,484.4,0.2827,7887.0,0.2829,5125.0,0.283,17097.1
1753547164267,16:26:04.267,1INCH/USDT:USDT,0.2828,484.4,0.2827,7887.0,0.2829,6125.0,0.283,17097.1
1753547164467,16:26:04.467,1INCH/USDT:USDT,0.2828,484.4,0.2827,7887.0,0.2829,6125.0,0.283,17097.1
1753547164567,16:26:04.567,1INCH/USDT:USDT,0.2828,484.4,0.2827,7887.0,0.2829,6125.0,0.283,17097.1
1753547164667,16:26:04.667,1INCH/USDT:USDT,0.2828,484.4,0.2827,7887.0,0.2829,6125.0,0.283,17097.1
1753547164767,16:26:04.767,1INCH/USDT:USDT,0.2827,6560.7,0.2826,10831.1,0.2828,2480.6,0.2829,8560.0
1753547164868,16:26:04.868,1INCH/USDT:USDT,0.2827,1574.3,0.2826,9050.6,0.2828,3974.8,0.2829,10090.5
1753547165071,16:26:05.071,1INCH/USDT:USDT,0.2827,520.5,0.2826,9050.6,0.2828,4099.9,0.2829,10090.5
1753547165168,16:26:05.168,1INCH/USDT:USDT,0.2827,467.3,0.2826,9050.6,0.2828,4099.9,0.2829,10104.1
1753547165267,16:26:05.267,1INCH/USDT:USDT,0.2827,467.3,0.2826,9050.6,0.2828,4099.9,0.2829,10104.1
1753547165367,16:26:05.367,1INCH/USDT:USDT,0.2827,467.3,0.2826,9050.6,0.2828,4099.9,0.2829,10104.1
1753547165567,16:26:05.567,1INCH/USDT:USDT,0.2827,467.3,0.2826,9101.1,0.2828,4099.9,0.2829,10104.1
1753547165768,16:26:05.768,1INCH/USDT:USDT,0.2827,467.3,0.2826,9101.1,0.2828,4099.9,0.2829,10104.1
1753547165867,16:26:05.867,1INCH/USDT:USDT,0.2827,467.3,0.2826,9101.1,0.2828,4099.9,0.2829,11080.2
1753547165967,16:26:05.967,1INCH/USDT:USDT,0.2827,467.3,0.2826,9101.1,0.2828,4099.9,0.2829,11080.2
1753547166266,16:26:06.266,1INCH/USDT:USDT,0.2827,467.3,0.2826,9101.1,0.2828,4099.9,0.2829,11080.2
1753547166367,16:26:06.367,1INCH/USDT:USDT,0.2827,467.3,0.2826,9101.1,0.2828,4099.9,0.2829,11080.2
1753547166567,16:26:06.567,1INCH/USDT:USDT,0.2827,467.3,0.2826,9101.1,0.2828,4099.9,0.2829,11080.2
1753547166667,16:26:06.667,1INCH/USDT:USDT,0.2827,467.3,0.2826,9101.1,0.2828,4099.9,0.2829,11080.2
1753547166767,16:26:06.767,1INCH/USDT:USDT,0.2827,467.3,0.2826,8376.1,0.2828,4099.9,0.2829,11080.2
1753547166867,16:26:06.867,1INCH/USDT:USDT,0.2827,467.3,0.2826,8376.1,0.2828,4099.9,0.2829,11080.2
1753547167067,16:26:07.067,1INCH/USDT:USDT,0.2827,467.3,0.2826,8376.1,0.2828,4099.9,0.2829,11080.2
1753547167166,16:26:07.166,1INCH/USDT:USDT,0.2827,467.3,0.2826,8376.1,0.2828,4099.9,0.2829,11080.2
1753547167466,16:26:07.466,1INCH/USDT:USDT,0.2827,469.9,0.2826,8376.1,0.2828,4099.9,0.2829,11080.2
1753547167666,16:26:07.666,1INCH/USDT:USDT,0.2827,469.9,0.2826,8376.1,0.2828,4099.9,0.2829,11080.2
1753547168966,16:26:08.966,1INCH/USDT:USDT,0.2827,1803.8,0.2826,9101.1,0.2828,3099.9,0.2829,11080.2
1753547169167,16:26:09.167,1INCH/USDT:USDT,0.2827,1803.8,0.2826,10101.1,0.2828,3099.9,0.2829,11080.2
1753547169267,16:26:09.267,1INCH/USDT:USDT,0.2827,1803.8,0.2826,10101.1,0.2828,3099.9,0.2829,11080.2
1753547169467,16:26:09.467,1INCH/USDT:USDT,0.2827,1803.8,0.2826,10101.1,0.2828,3099.9,0.2829,11080.2
1753547169666,16:26:09.666,1INCH/USDT:USDT,0.2827,1803.8,0.2826,10101.1,0.2828,3099.9,0.2829,11080.2
1753547169767,16:26:09.767,1INCH/USDT:USDT,0.2827,1803.8,0.2826,10101.1,0.2828,4452.6,0.2829,9727.3
1753547169867,16:26:09.867,1INCH/USDT:USDT,0.2827,1803.8,0.2826,10101.1,0.2828,4452.6,0.2829,9727.3
1753547170166,16:26:10.166,1INCH/USDT:USDT,0.2827,2928.7,0.2826,10101.1,0.2828,4202.6,0.2829,8727.3
1753547170269,16:26:10.269,1INCH/USDT:USDT,0.2827,3053.8,0.2826,10101.1,0.2828,2833.3,0.2829,8727.3
1753547170867,16:26:10.867,1INCH/USDT:USDT,0.2827,1803.8,0.2826,10101.1,0.2828,2833.1,0.2829,8727.3
1753547171667,16:26:11.667,1INCH/USDT:USDT,0.2827,1803.8,0.2826,10101.1,0.2828,2833.1,0.2829,8727.3
1753547173267,16:26:13.267,1INCH/USDT:USDT,0.2827,3053.8,0.2826,10101.1,0.2828,2833.1,0.2829,8727.3
1753547173366,16:26:13.366,1INCH/USDT:USDT,0.2827,3053.8,0.2826,10101.1,0.2828,2833.1,0.2829,8727.3
1753547173667,16:26:13.667,1INCH/USDT:USDT,0.2827,3053.8,0.2826,10101.1,0.2828,2833.1,0.2829,8727.3
1753547174167,16:26:14.167,1INCH/USDT:USDT,0.2827,3093.4,0.2826,10101.1,0.2828,2833.1,0.2829,8727.3
1753547174267,16:26:14.267,1INCH/USDT:USDT,0.2827,2968.3,0.2826,10101.1,0.2828,2833.1,0.2829,8727.3
1753547174367,16:26:14.367,1INCH/USDT:USDT,0.2827,2937.8,0.2826,10101.1,0.2828,2833.1,0.2829,8727.3
1753547175167,16:26:15.167,1INCH/USDT:USDT,0.2827,3187.8,0.2826,10101.1,0.2828,2833.1,0.2829,8727.3
1753547175267,16:26:15.267,1INCH/USDT:USDT,0.2827,3062.7,0.2826,10101.1,0.2828,2833.1,0.2829,8727.3
1753547175366,16:26:15.366,1INCH/USDT:USDT,0.2827,3187.8,0.2826,10101.1,0.2828,2833.1,0.2829,8727.3
1753547175467,16:26:15.467,1INCH/USDT:USDT,0.2827,3062.7,0.2826,10101.1,0.2828,2833.1,0.2829,8727.3
1753547176467,16:26:16.467,1INCH/USDT:USDT,0.2827,3062.7,0.2826,10101.1,0.2828,2833.1,0.2829,8727.3
1753547176868,16:26:16.868,1INCH/USDT:USDT,0.2827,3062.7,0.2826,10101.1,0.2828,2833.1,0.2829,8727.3
1753547176967,16:26:16.967,1INCH/USDT:USDT,0.2827,3062.7,0.2826,10101.1,0.2828,2833.1,0.2829,8727.3
1753547177067,16:26:17.067,1INCH/USDT:USDT,0.2827,3062.7,0.2826,10101.1,0.2828,2833.1,0.2829,8727.3
1753547177867,16:26:17.867,1INCH/USDT:USDT,0.2827,3062.7,0.2826,10101.1,0.2828,2833.1,0.2829,8727.3
1753547178967,16:26:18.967,1INCH/USDT:USDT,0.2827,3062.7,0.2826,10101.1,0.2828,2833.1,0.2829,8727.3
1753547179167,16:26:19.167,1INCH/USDT:USDT,0.2827,3062.7,0.2826,11181.8,0.2828,2833.1,0.2829,8727.3
1753547179267,16:26:19.267,1INCH/USDT:USDT,0.2827,3062.7,0.2826,11181.8,0.2828,2833.1,0.2829,8727.3
1753547179467,16:26:19.467,1INCH/USDT:USDT,0.2827,3187.8,0.2826,11181.8,0.2828,1352.5,0.2829,8727.3
1753547179566,16:26:19.566,1INCH/USDT:USDT,0.2827,3187.8,0.2826,11181.8,0.2828,1352.5,0.2829,7751.2
1753547179667,16:26:19.667,1INCH/USDT:USDT,0.2827,3187.8,0.2826,11181.8,0.2828,1352.5,0.2829,7751.2
1753547180167,16:26:20.167,1INCH/USDT:USDT,0.2827,3187.8,0.2826,11181.8,0.2828,1352.5,0.2829,7751.2
1753547180267,16:26:20.267,1INCH/USDT:USDT,0.2827,3062.7,0.2826,11181.8,0.2828,1352.5,0.2829,7751.2
1753547180367,16:26:20.367,1INCH/USDT:USDT,0.2827,3062.7,0.2826,11181.8,0.2828,1352.5,0.2829,7751.2
1753547181267,16:26:21.267,1INCH/USDT:USDT,0.2827,3062.7,0.2826,11181.8,0.2828,1352.5,0.2829,7751.2
