timestamp,time,exchange,symbol,bid1_price,bid1_volume,bid2_price,bid2_volume,ask1_price,ask1_volume,ask2_price,ask2_volume
1753591899269,04:51:39.269,bitmex,ACT/USDT:USDT,0.04533,520.0,0.04496,1080.0,0.04644,320.0,0.04672,490.0
1753591900691,04:51:40.691,bitmex,ACT/USDT:USDT,0.04533,520.0,0.04496,1080.0,0.04644,320.0,0.04672,490.0
1753591900786,04:51:40.786,bitmex,ACT/USDT:USDT,0.04533,520.0,0.04496,1080.0,0.04644,320.0,0.04672,490.0
1753591901971,04:51:41.971,bitmex,ACT/USDT:USDT,0.04533,520.0,0.04496,1080.0,0.04644,320.0,0.04672,490.0
1753591902036,04:51:42.036,bitmex,ACT/USDT:USDT,0.04533,520.0,0.04496,1080.0,0.04644,320.0,0.04672,490.0
1753591903337,04:51:43.337,bitmex,ACT/USDT:USDT,0.04533,520.0,0.04496,1080.0,0.04644,320.0,0.04672,490.0
1753591903386,04:51:43.386,bitmex,ACT/USDT:USDT,0.04533,520.0,0.04496,1080.0,0.04644,320.0,0.04672,490.0
1753591903766,04:51:43.766,bitmex,ACT/USDT:USDT,0.04533,520.0,0.04496,1080.0,0.04644,320.0,0.04672,490.0
1753591903815,04:51:43.815,bitmex,ACT/USDT:USDT,0.04533,520.0,0.04496,1080.0,0.04644,320.0,0.04672,490.0
1753591904302,04:51:44.302,bitmex,ACT/USDT:USDT,0.04533,520.0,0.04496,1080.0,0.04644,320.0,0.04672,490.0
1753591904351,04:51:44.351,bitmex,ACT/USDT:USDT,0.04533,520.0,0.04496,1080.0,0.04644,320.0,0.04672,490.0
1753591905585,04:51:45.585,bitmex,ACT/USDT:USDT,0.04533,520.0,0.04496,1080.0,0.04644,320.0,0.04672,490.0
1753591905634,04:51:45.634,bitmex,ACT/USDT:USDT,0.04533,520.0,0.04496,1080.0,0.04644,320.0,0.04672,490.0
1753591906907,04:51:46.907,bitmex,ACT/USDT:USDT,0.04533,520.0,0.04496,1080.0,0.04644,320.0,0.04672,490.0
1753591906956,04:51:46.956,bitmex,ACT/USDT:USDT,0.04533,520.0,0.04496,1080.0,0.04644,320.0,0.04672,490.0
1753591908057,04:51:48.057,bitmex,ACT/USDT:USDT,0.04533,520.0,0.04496,1080.0,0.04644,320.0,0.04672,490.0
1753591908107,04:51:48.107,bitmex,ACT/USDT:USDT,0.04533,520.0,0.04496,1080.0,0.04644,320.0,0.04672,490.0
1753591909330,04:51:49.330,bitmex,ACT/USDT:USDT,0.04533,520.0,0.04496,1080.0,0.04644,320.0,0.04672,490.0
1753591909379,04:51:49.379,bitmex,ACT/USDT:USDT,0.04533,520.0,0.04496,1080.0,0.04644,320.0,0.04672,490.0
1753591910705,04:51:50.705,bitmex,ACT/USDT:USDT,0.04533,520.0,0.04496,1080.0,0.04644,320.0,0.04672,490.0
1753591910754,04:51:50.754,bitmex,ACT/USDT:USDT,0.04533,520.0,0.04496,1080.0,0.04644,320.0,0.04672,490.0
1753591911868,04:51:51.868,bitmex,ACT/USDT:USDT,0.04533,520.0,0.04496,1080.0,0.04644,320.0,0.04672,490.0
1753591911920,04:51:51.920,bitmex,ACT/USDT:USDT,0.04533,520.0,0.04497,1080.0,0.04644,320.0,0.04672,490.0
1753591913236,04:51:53.236,bitmex,ACT/USDT:USDT,0.04533,520.0,0.04497,1080.0,0.04644,320.0,0.04672,490.0
1753591914454,04:51:54.454,bitmex,ACT/USDT:USDT,0.04533,520.0,0.04497,1080.0,0.04644,320.0,0.04672,490.0
1753591914528,04:51:54.528,bitmex,ACT/USDT:USDT,0.04533,520.0,0.04497,1080.0,0.04644,320.0,0.04672,490.0
1753591915199,04:51:55.199,bitmex,ACT/USDT:USDT,0.04533,520.0,0.04497,1080.0,0.04644,320.0,0.04672,490.0
1753591915249,04:51:55.249,bitmex,ACT/USDT:USDT,0.04533,520.0,0.04497,1080.0,0.04644,320.0,0.04672,490.0
1753591915789,04:51:55.789,bitmex,ACT/USDT:USDT,0.04533,520.0,0.04497,1080.0,0.04644,320.0,0.04672,490.0
1753591916953,04:51:56.953,bitmex,ACT/USDT:USDT,0.04533,520.0,0.04497,1080.0,0.04644,320.0,0.04672,490.0
1753591917003,04:51:57.003,bitmex,ACT/USDT:USDT,0.04533,520.0,0.04497,1080.0,0.04644,320.0,0.04672,490.0
1753591921379,04:52:01.379,bitmex,ACT/USDT:USDT,0.04533,520.0,0.04497,1080.0,0.04644,320.0,0.04672,490.0
1753591921472,04:52:01.472,bitmex,ACT/USDT:USDT,0.04533,520.0,0.04497,1080.0,0.04644,320.0,0.04672,490.0
1753591922613,04:52:02.613,bitmex,ACT/USDT:USDT,0.04533,520.0,0.04497,1080.0,0.04644,320.0,0.04672,490.0
1753591922668,04:52:02.668,bitmex,ACT/USDT:USDT,0.04533,520.0,0.04497,1080.0,0.04644,320.0,0.04672,490.0
1753591923949,04:52:03.949,bitmex,ACT/USDT:USDT,0.04533,520.0,0.04497,1080.0,0.04644,320.0,0.04672,490.0
1753591924147,04:52:04.147,bitmex,ACT/USDT:USDT,0.04533,520.0,0.04497,1080.0,0.04644,320.0,0.04672,490.0
1753591925146,04:52:05.146,bitmex,ACT/USDT:USDT,0.04533,520.0,0.04497,1080.0,0.04644,320.0,0.04672,490.0
1753591925277,04:52:05.277,bitmex,ACT/USDT:USDT,0.04533,520.0,0.04497,1080.0,0.04644,320.0,0.04672,490.0
1753591926334,04:52:06.334,bitmex,ACT/USDT:USDT,0.04533,520.0,0.04497,1080.0,0.04644,320.0,0.04672,490.0
1753591926384,04:52:06.384,bitmex,ACT/USDT:USDT,0.04533,520.0,0.04497,1080.0,0.04644,320.0,0.04672,490.0
1753591927599,04:52:07.599,bitmex,ACT/USDT:USDT,0.04313,790.0,0.02056,62490.0,0.04644,320.0,0.04672,490.0
1753591927668,04:52:07.668,bitmex,ACT/USDT:USDT,0.04313,790.0,0.02056,62490.0,0.04644,320.0,0.04745,1110.0
1753591928864,04:52:08.864,bitmex,ACT/USDT:USDT,0.04533,520.0,0.04313,790.0,0.04644,320.0,0.04745,1110.0
1753591928987,04:52:08.987,bitmex,ACT/USDT:USDT,0.04533,520.0,0.04313,790.0,0.04644,320.0,0.04745,1110.0
1753591929037,04:52:09.037,bitmex,ACT/USDT:USDT,0.04533,520.0,0.04313,790.0,0.04644,320.0,0.04672,470.0
1753591929087,04:52:09.087,bitmex,ACT/USDT:USDT,0.04533,520.0,0.04313,790.0,0.04644,320.0,0.04672,470.0
1753591930217,04:52:10.217,bitmex,ACT/USDT:USDT,0.04533,520.0,0.04497,1170.0,0.04644,320.0,0.04672,470.0
1753591930266,04:52:10.266,bitmex,ACT/USDT:USDT,0.04533,520.0,0.04497,1170.0,0.04644,320.0,0.04672,470.0
1753591931414,04:52:11.414,bitmex,ACT/USDT:USDT,0.04533,520.0,0.04497,1170.0,0.04644,320.0,0.04672,470.0
1753591931463,04:52:11.463,bitmex,ACT/USDT:USDT,0.04533,520.0,0.04497,1170.0,0.04644,320.0,0.04672,470.0
1753591932756,04:52:12.756,bitmex,ACT/USDT:USDT,0.04533,520.0,0.04497,1170.0,0.04644,320.0,0.04672,470.0
1753591932812,04:52:12.812,bitmex,ACT/USDT:USDT,0.04533,520.0,0.04497,1170.0,0.04644,320.0,0.04672,470.0
1753591934140,04:52:14.140,bitmex,ACT/USDT:USDT,0.04533,520.0,0.04497,1170.0,0.04644,320.0,0.04672,470.0
1753591934205,04:52:14.205,bitmex,ACT/USDT:USDT,0.04533,520.0,0.04497,1170.0,0.04644,320.0,0.04672,470.0
1753591935487,04:52:15.487,bitmex,ACT/USDT:USDT,0.04533,520.0,0.04497,1170.0,0.04644,320.0,0.04672,470.0
1753591936495,04:52:16.495,bitmex,ACT/USDT:USDT,0.04533,520.0,0.04497,1170.0,0.04644,320.0,0.04672,470.0
1753591936556,04:52:16.556,bitmex,ACT/USDT:USDT,0.04533,520.0,0.04497,1170.0,0.04644,320.0,0.04672,470.0
1753591937807,04:52:17.807,bitmex,ACT/USDT:USDT,0.04313,790.0,0.02056,62490.0,0.04644,320.0,0.04672,470.0
1753591937878,04:52:17.878,bitmex,ACT/USDT:USDT,0.04313,790.0,0.02056,62490.0,0.04644,320.0,0.04745,1110.0
1753591940209,04:52:20.209,bitmex,ACT/USDT:USDT,0.04313,790.0,0.02056,62490.0,0.04644,320.0,0.04672,510.0
1753591940259,04:52:20.259,bitmex,ACT/USDT:USDT,0.04533,500.0,0.04313,790.0,0.04644,320.0,0.04672,510.0
1753591940308,04:52:20.308,bitmex,ACT/USDT:USDT,0.04533,500.0,0.04313,790.0,0.04644,320.0,0.04672,510.0
1753591940388,04:52:20.388,bitmex,ACT/USDT:USDT,0.04533,500.0,0.04313,790.0,0.04644,320.0,0.04672,510.0
1753591941488,04:52:21.488,bitmex,ACT/USDT:USDT,0.04533,500.0,0.04313,790.0,0.04644,320.0,0.04672,510.0
1753591941546,04:52:21.546,bitmex,ACT/USDT:USDT,0.04533,500.0,0.04313,790.0,0.04644,320.0,0.04672,510.0
1753591942764,04:52:22.764,bitmex,ACT/USDT:USDT,0.04533,500.0,0.04313,790.0,0.04644,320.0,0.04672,510.0
1753591942836,04:52:22.836,bitmex,ACT/USDT:USDT,0.04533,500.0,0.04313,790.0,0.04644,320.0,0.04672,510.0
1753591944129,04:52:24.129,bitmex,ACT/USDT:USDT,0.04534,490.0,0.04313,790.0,0.04644,320.0,0.04672,510.0
1753591944179,04:52:24.179,bitmex,ACT/USDT:USDT,0.04534,490.0,0.04313,790.0,0.04644,320.0,0.04673,490.0
1753591944317,04:52:24.317,bitmex,ACT/USDT:USDT,0.04534,490.0,0.04313,790.0,0.04644,320.0,0.04673,490.0
1753591945392,04:52:25.392,bitmex,ACT/USDT:USDT,0.04534,490.0,0.04313,790.0,0.04644,320.0,0.04673,490.0
1753591945444,04:52:25.444,bitmex,ACT/USDT:USDT,0.04534,490.0,0.04313,790.0,0.04644,320.0,0.04673,490.0
1753591946598,04:52:26.598,bitmex,ACT/USDT:USDT,0.04534,490.0,0.04313,790.0,0.04644,320.0,0.04673,490.0
1753591946647,04:52:26.647,bitmex,ACT/USDT:USDT,0.04534,490.0,0.04313,790.0,0.04644,320.0,0.04673,490.0
1753591946899,04:52:26.899,bitmex,ACT/USDT:USDT,0.04534,490.0,0.04313,1130.0,0.04644,320.0,0.04673,490.0
1753591947858,04:52:27.858,bitmex,ACT/USDT:USDT,0.04534,490.0,0.04313,1130.0,0.04644,320.0,0.04673,490.0
1753591947918,04:52:27.918,bitmex,ACT/USDT:USDT,0.04534,490.0,0.04313,1130.0,0.04644,320.0,0.04673,490.0
1753591949190,04:52:29.190,bitmex,ACT/USDT:USDT,0.04534,490.0,0.04313,1130.0,0.04644,320.0,0.04673,490.0
1753591949239,04:52:29.239,bitmex,ACT/USDT:USDT,0.04534,490.0,0.04498,1140.0,0.04644,320.0,0.04673,490.0
1753591950632,04:52:30.632,bitmex,ACT/USDT:USDT,0.04533,500.0,0.04498,1140.0,0.04644,320.0,0.04673,490.0
1753591950682,04:52:30.682,bitmex,ACT/USDT:USDT,0.04533,500.0,0.04498,1140.0,0.04644,320.0,0.04672,500.0
1753591951839,04:52:31.839,bitmex,ACT/USDT:USDT,0.04533,500.0,0.04498,1140.0,0.04644,320.0,0.04672,500.0
1753591951889,04:52:31.889,bitmex,ACT/USDT:USDT,0.04533,500.0,0.04498,1140.0,0.04644,320.0,0.04672,500.0
1753591953110,04:52:33.110,bitmex,ACT/USDT:USDT,0.04533,500.0,0.04498,1140.0,0.04644,320.0,0.04672,500.0
1753591953186,04:52:33.186,bitmex,ACT/USDT:USDT,0.04533,500.0,0.04498,1140.0,0.04644,320.0,0.04672,500.0
1753591954598,04:52:34.598,bitmex,ACT/USDT:USDT,0.04533,500.0,0.04498,1140.0,0.04644,320.0,0.04672,500.0
1753591954648,04:52:34.648,bitmex,ACT/USDT:USDT,0.04533,500.0,0.04498,1140.0,0.04644,320.0,0.04672,500.0
1753591955761,04:52:35.761,bitmex,ACT/USDT:USDT,0.04533,500.0,0.04498,1140.0,0.04644,320.0,0.04672,500.0
1753591955811,04:52:35.811,bitmex,ACT/USDT:USDT,0.04533,500.0,0.04498,1140.0,0.04644,320.0,0.04672,500.0
1753591956943,04:52:36.943,bitmex,ACT/USDT:USDT,0.04533,500.0,0.04498,1140.0,0.04644,320.0,0.04672,500.0
1753591956993,04:52:36.993,bitmex,ACT/USDT:USDT,0.04533,500.0,0.04498,1140.0,0.04644,320.0,0.04672,500.0
1753591958276,04:52:38.276,bitmex,ACT/USDT:USDT,0.04533,500.0,0.04498,1140.0,0.04644,320.0,0.04672,500.0
1753591958326,04:52:38.326,bitmex,ACT/USDT:USDT,0.04533,500.0,0.0446,1230.0,0.04644,320.0,0.04672,500.0
1753591959264,04:52:39.264,bitmex,ACT/USDT:USDT,0.04533,500.0,0.04423,1220.0,0.04644,320.0,0.04672,500.0
1753591959314,04:52:39.314,bitmex,ACT/USDT:USDT,0.04533,500.0,0.04423,1220.0,0.04644,320.0,0.04672,500.0
1753591960590,04:52:40.590,bitmex,ACT/USDT:USDT,0.04534,510.0,0.04423,1220.0,0.04644,320.0,0.04672,500.0
1753591960666,04:52:40.666,bitmex,ACT/USDT:USDT,0.04534,510.0,0.04423,1220.0,0.04644,320.0,0.04673,500.0
1753591960715,04:52:40.715,bitmex,ACT/USDT:USDT,0.04534,510.0,0.04386,1310.0,0.04644,320.0,0.04673,500.0
1753591960764,04:52:40.764,bitmex,ACT/USDT:USDT,0.04534,510.0,0.04386,1310.0,0.04644,320.0,0.04673,500.0
1753591961799,04:52:41.799,bitmex,ACT/USDT:USDT,0.04534,510.0,0.04349,1420.0,0.04644,320.0,0.04673,500.0
1753591961848,04:52:41.848,bitmex,ACT/USDT:USDT,0.04534,510.0,0.04349,1420.0,0.04644,320.0,0.04672,470.0
1753591961897,04:52:41.897,bitmex,ACT/USDT:USDT,0.04534,510.0,0.04349,1420.0,0.04644,320.0,0.04672,470.0
1753591963113,04:52:43.113,bitmex,ACT/USDT:USDT,0.04534,510.0,0.04313,790.0,0.04644,320.0,0.04672,470.0
1753591963162,04:52:43.162,bitmex,ACT/USDT:USDT,0.04534,510.0,0.04313,790.0,0.04644,320.0,0.04672,470.0
1753591964519,04:52:44.519,bitmex,ACT/USDT:USDT,0.04534,510.0,0.04313,790.0,0.04644,320.0,0.04672,470.0
1753591964569,04:52:44.569,bitmex,ACT/USDT:USDT,0.04534,510.0,0.04313,790.0,0.04644,320.0,0.04672,470.0
1753591965600,04:52:45.600,bitmex,ACT/USDT:USDT,0.04534,510.0,0.04497,1170.0,0.04644,320.0,0.04672,470.0
1753591965731,04:52:45.731,bitmex,ACT/USDT:USDT,0.04534,510.0,0.04497,1170.0,0.04644,320.0,0.04672,470.0
1753591966966,04:52:46.966,bitmex,ACT/USDT:USDT,0.04534,510.0,0.04497,1170.0,0.04644,320.0,0.04672,470.0
1753591967015,04:52:47.015,bitmex,ACT/USDT:USDT,0.04534,510.0,0.04497,1170.0,0.04644,320.0,0.04673,470.0
1753591968238,04:52:48.238,bitmex,ACT/USDT:USDT,0.04534,510.0,0.04497,1170.0,0.04644,320.0,0.04673,470.0
1753591969514,04:52:49.514,bitmex,ACT/USDT:USDT,0.04534,510.0,0.04497,1170.0,0.04644,320.0,0.04673,470.0
1753591969564,04:52:49.564,bitmex,ACT/USDT:USDT,0.04534,510.0,0.04497,1170.0,0.04644,320.0,0.04673,470.0
1753591970649,04:52:50.649,bitmex,ACT/USDT:USDT,0.04534,510.0,0.04497,1170.0,0.04644,320.0,0.04673,470.0
1753591970698,04:52:50.698,bitmex,ACT/USDT:USDT,0.04534,510.0,0.04497,1170.0,0.04644,320.0,0.04673,470.0
1753591971976,04:52:51.976,bitmex,ACT/USDT:USDT,0.04534,510.0,0.04497,1170.0,0.04644,320.0,0.04673,470.0
1753591972109,04:52:52.109,bitmex,ACT/USDT:USDT,0.04534,510.0,0.04497,1170.0,0.04644,320.0,0.04673,470.0
1753591973348,04:52:53.348,bitmex,ACT/USDT:USDT,0.04534,510.0,0.04497,1170.0,0.04644,320.0,0.04673,470.0
1753591973398,04:52:53.398,bitmex,ACT/USDT:USDT,0.04534,510.0,0.04497,1170.0,0.04644,320.0,0.04673,470.0
1753591974582,04:52:54.582,bitmex,ACT/USDT:USDT,0.04534,510.0,0.04497,1170.0,0.04644,320.0,0.04673,470.0
1753591974637,04:52:54.637,bitmex,ACT/USDT:USDT,0.04534,510.0,0.04497,1170.0,0.04644,320.0,0.04673,470.0
1753591975738,04:52:55.738,bitmex,ACT/USDT:USDT,0.04534,510.0,0.04497,1170.0,0.04644,320.0,0.04673,470.0
1753591975788,04:52:55.788,bitmex,ACT/USDT:USDT,0.04534,510.0,0.04497,1170.0,0.04644,320.0,0.04673,470.0
1753591977202,04:52:57.202,bitmex,ACT/USDT:USDT,0.04534,510.0,0.04497,1170.0,0.04644,320.0,0.04673,470.0
1753591977251,04:52:57.251,bitmex,ACT/USDT:USDT,0.04534,510.0,0.04497,1170.0,0.04644,320.0,0.04673,470.0
1753591978520,04:52:58.520,bitmex,ACT/USDT:USDT,0.04313,790.0,0.02056,62490.0,0.04644,320.0,0.04673,470.0
1753591978578,04:52:58.578,bitmex,ACT/USDT:USDT,0.04313,790.0,0.02056,62490.0,0.04644,320.0,0.04745,1110.0
1753591979830,04:52:59.830,bitmex,ACT/USDT:USDT,0.04313,790.0,0.02056,62490.0,0.04644,320.0,0.04673,490.0
1753591979879,04:52:59.879,bitmex,ACT/USDT:USDT,0.04534,480.0,0.04313,790.0,0.04644,320.0,0.04673,490.0
1753591979928,04:52:59.928,bitmex,ACT/USDT:USDT,0.04534,480.0,0.04313,790.0,0.04644,320.0,0.04673,490.0
1753591981171,04:53:01.171,bitmex,ACT/USDT:USDT,0.04534,480.0,0.04313,790.0,0.04644,320.0,0.04673,490.0
1753591981224,04:53:01.224,bitmex,ACT/USDT:USDT,0.04534,480.0,0.04313,790.0,0.04644,320.0,0.04673,490.0
1753591982105,04:53:02.105,bitmex,ACT/USDT:USDT,0.04534,480.0,0.04313,790.0,0.04644,320.0,0.04673,490.0
1753591983308,04:53:03.308,bitmex,ACT/USDT:USDT,0.04534,480.0,0.04498,1140.0,0.04644,320.0,0.04673,490.0
1753591983371,04:53:03.371,bitmex,ACT/USDT:USDT,0.04534,480.0,0.04498,1140.0,0.04644,320.0,0.04673,490.0
1753591984660,04:53:04.660,bitmex,ACT/USDT:USDT,0.04534,480.0,0.04498,1140.0,0.04644,320.0,0.04673,490.0
1753591984710,04:53:04.710,bitmex,ACT/USDT:USDT,0.04534,480.0,0.04498,1140.0,0.04644,320.0,0.04673,490.0
1753591985836,04:53:05.836,bitmex,ACT/USDT:USDT,0.04534,480.0,0.04498,1140.0,0.04644,320.0,0.04673,490.0
1753591985886,04:53:05.886,bitmex,ACT/USDT:USDT,0.04534,480.0,0.04498,1140.0,0.04644,320.0,0.04673,490.0
1753591987107,04:53:07.107,bitmex,ACT/USDT:USDT,0.04534,480.0,0.04498,1140.0,0.04644,320.0,0.04673,490.0
1753591987157,04:53:07.157,bitmex,ACT/USDT:USDT,0.04534,480.0,0.04498,1140.0,0.04644,320.0,0.04673,490.0
1753591989651,04:53:09.651,bitmex,ACT/USDT:USDT,0.04534,480.0,0.04498,1140.0,0.04644,320.0,0.04673,490.0
1753591989707,04:53:09.707,bitmex,ACT/USDT:USDT,0.04534,480.0,0.04498,1140.0,0.04644,320.0,0.04673,490.0
1753591990798,04:53:10.798,bitmex,ACT/USDT:USDT,0.04534,480.0,0.04498,1140.0,0.04644,320.0,0.04673,490.0
1753591990847,04:53:10.847,bitmex,ACT/USDT:USDT,0.04534,480.0,0.04498,1140.0,0.04644,320.0,0.04673,490.0
1753591992082,04:53:12.082,bitmex,ACT/USDT:USDT,0.04534,480.0,0.04498,1140.0,0.04644,320.0,0.04673,490.0
1753591992132,04:53:12.132,bitmex,ACT/USDT:USDT,0.04534,480.0,0.04498,1140.0,0.04644,320.0,0.04673,490.0
1753591993346,04:53:13.346,bitmex,ACT/USDT:USDT,0.04533,480.0,0.04498,1140.0,0.04644,320.0,0.04673,490.0
1753591993395,04:53:13.395,bitmex,ACT/USDT:USDT,0.04533,480.0,0.04498,1140.0,0.04644,320.0,0.04672,480.0
1753591994399,04:53:14.399,bitmex,ACT/USDT:USDT,0.04533,480.0,0.04498,1140.0,0.04644,320.0,0.04672,480.0
1753591994448,04:53:14.448,bitmex,ACT/USDT:USDT,0.04533,480.0,0.04498,1140.0,0.04644,320.0,0.04671,1110.0
1753591994690,04:53:14.690,bitmex,ACT/USDT:USDT,0.04533,480.0,0.04498,1140.0,0.04644,320.0,0.04671,1610.0
1753591994739,04:53:14.739,bitmex,ACT/USDT:USDT,0.04532,480.0,0.04498,1140.0,0.04644,320.0,0.04671,1610.0
1753591994788,04:53:14.788,bitmex,ACT/USDT:USDT,0.04532,480.0,0.04498,1140.0,0.04644,320.0,0.04671,1610.0
1753591995897,04:53:15.897,bitmex,ACT/USDT:USDT,0.04532,480.0,0.04498,1140.0,0.04644,320.0,0.04671,1610.0
1753591995947,04:53:15.947,bitmex,ACT/USDT:USDT,0.04532,480.0,0.04498,1140.0,0.04644,320.0,0.04671,1610.0
1753591997168,04:53:17.168,bitmex,ACT/USDT:USDT,0.04532,480.0,0.04498,1140.0,0.04644,320.0,0.04671,1610.0
1753591997227,04:53:17.227,bitmex,ACT/USDT:USDT,0.04532,480.0,0.04498,1140.0,0.04644,320.0,0.04671,1610.0
1753591998426,04:53:18.426,bitmex,ACT/USDT:USDT,0.04532,480.0,0.04498,1140.0,0.04644,320.0,0.04671,1610.0
1753591998475,04:53:18.475,bitmex,ACT/USDT:USDT,0.04532,480.0,0.04498,1140.0,0.04644,320.0,0.04671,1610.0
1753591999689,04:53:19.689,bitmex,ACT/USDT:USDT,0.04532,480.0,0.04498,1140.0,0.04644,320.0,0.04671,1610.0
1753591999739,04:53:19.739,bitmex,ACT/USDT:USDT,0.04532,480.0,0.04498,1140.0,0.04644,320.0,0.04671,1610.0
1753592000955,04:53:20.955,bitmex,ACT/USDT:USDT,0.04532,480.0,0.04498,1140.0,0.04644,320.0,0.04671,1610.0
1753592001017,04:53:21.017,bitmex,ACT/USDT:USDT,0.04532,480.0,0.04498,1140.0,0.04644,320.0,0.04671,1610.0
1753592002238,04:53:22.238,bitmex,ACT/USDT:USDT,0.04532,480.0,0.04498,1140.0,0.04644,320.0,0.04671,1610.0
1753592002316,04:53:22.316,bitmex,ACT/USDT:USDT,0.04532,480.0,0.04498,1140.0,0.04644,320.0,0.04671,1610.0
1753592003487,04:53:23.487,bitmex,ACT/USDT:USDT,0.04532,480.0,0.04498,1140.0,0.04644,320.0,0.04671,1610.0
1753592003537,04:53:23.537,bitmex,ACT/USDT:USDT,0.04532,480.0,0.04498,1140.0,0.04644,320.0,0.04671,1610.0
1753592004769,04:53:24.769,bitmex,ACT/USDT:USDT,0.04532,480.0,0.04496,1090.0,0.04644,320.0,0.04671,1610.0
1753592004819,04:53:24.819,bitmex,ACT/USDT:USDT,0.04532,480.0,0.04496,1090.0,0.04644,320.0,0.04671,1610.0
1753592006928,04:53:26.928,bitmex,ACT/USDT:USDT,0.04532,480.0,0.04496,1090.0,0.04644,320.0,0.04671,1610.0
1753592006978,04:53:26.978,bitmex,ACT/USDT:USDT,0.04532,480.0,0.04496,1090.0,0.04644,320.0,0.04671,1610.0
1753592008007,04:53:28.007,bitmex,ACT/USDT:USDT,0.04532,480.0,0.04496,1090.0,0.04644,320.0,0.04671,1610.0
1753592008057,04:53:28.057,bitmex,ACT/USDT:USDT,0.04532,480.0,0.04496,1090.0,0.04644,320.0,0.04671,1610.0
1753592009256,04:53:29.256,bitmex,ACT/USDT:USDT,0.04532,480.0,0.04496,1090.0,0.04644,320.0,0.04671,1610.0
1753592009306,04:53:29.306,bitmex,ACT/USDT:USDT,0.04532,480.0,0.04496,1090.0,0.04644,320.0,0.04671,1610.0
1753592010611,04:53:30.611,bitmex,ACT/USDT:USDT,0.04532,480.0,0.04496,1090.0,0.04644,320.0,0.04671,1610.0
1753592010707,04:53:30.707,bitmex,ACT/USDT:USDT,0.04532,480.0,0.04496,1090.0,0.04644,320.0,0.04671,1610.0
1753592011787,04:53:31.787,bitmex,ACT/USDT:USDT,0.04532,480.0,0.04496,1090.0,0.04644,320.0,0.04671,1610.0
1753592011836,04:53:31.836,bitmex,ACT/USDT:USDT,0.04532,480.0,0.04496,1090.0,0.04644,320.0,0.04671,1610.0
1753592012444,04:53:32.444,bitmex,ACT/USDT:USDT,0.04532,480.0,0.04496,1090.0,0.04644,320.0,0.04671,500.0
1753592012493,04:53:32.493,bitmex,ACT/USDT:USDT,0.04532,480.0,0.04496,1090.0,0.04644,320.0,0.04671,500.0
1753592012887,04:53:32.887,bitmex,ACT/USDT:USDT,0.04532,480.0,0.04496,1090.0,0.04644,320.0,0.04671,1610.0
1753592012936,04:53:32.936,bitmex,ACT/USDT:USDT,0.04532,480.0,0.04496,1090.0,0.04644,320.0,0.04671,1610.0
1753592013057,04:53:33.057,bitmex,ACT/USDT:USDT,0.04533,500.0,0.04496,1090.0,0.04644,320.0,0.04671,1610.0
1753592013107,04:53:33.107,bitmex,ACT/USDT:USDT,0.04533,500.0,0.04496,1090.0,0.04644,320.0,0.04671,1110.0
1753592014446,04:53:34.446,bitmex,ACT/USDT:USDT,0.04533,500.0,0.04496,1090.0,0.04644,320.0,0.04671,1110.0
1753592014496,04:53:34.496,bitmex,ACT/USDT:USDT,0.04533,500.0,0.04496,1090.0,0.04644,320.0,0.04671,1110.0
1753592015590,04:53:35.590,bitmex,ACT/USDT:USDT,0.04533,500.0,0.04496,1090.0,0.04644,320.0,0.04671,1110.0
1753592015639,04:53:35.639,bitmex,ACT/USDT:USDT,0.04533,500.0,0.04496,1090.0,0.04644,320.0,0.04671,1110.0
1753592015847,04:53:35.847,bitmex,ACT/USDT:USDT,0.04533,500.0,0.04496,1090.0,0.04644,320.0,0.04671,1110.0
1753592015896,04:53:35.896,bitmex,ACT/USDT:USDT,0.04533,500.0,0.04496,1090.0,0.04644,320.0,0.04671,1110.0
1753592015945,04:53:35.945,bitmex,ACT/USDT:USDT,0.04533,500.0,0.04496,1090.0,0.04644,320.0,0.04671,1110.0
1753592016851,04:53:36.851,bitmex,ACT/USDT:USDT,0.04534,490.0,0.04496,1090.0,0.04644,320.0,0.04671,1110.0
1753592016907,04:53:36.907,bitmex,ACT/USDT:USDT,0.04534,490.0,0.04496,1090.0,0.04644,320.0,0.04671,1110.0
1753592016956,04:53:36.956,bitmex,ACT/USDT:USDT,0.04534,490.0,0.04496,1090.0,0.04644,320.0,0.04671,1110.0
1753592017005,04:53:37.005,bitmex,ACT/USDT:USDT,0.04534,490.0,0.04496,1090.0,0.04644,320.0,0.04671,1110.0
1753592017237,04:53:37.237,bitmex,ACT/USDT:USDT,0.04534,490.0,0.04496,1090.0,0.04644,320.0,0.04671,1110.0
1753592017287,04:53:37.287,bitmex,ACT/USDT:USDT,0.04534,490.0,0.04496,1090.0,0.04644,320.0,0.04671,1110.0
1753592018118,04:53:38.118,bitmex,ACT/USDT:USDT,0.04534,490.0,0.04496,1090.0,0.04644,320.0,0.04671,1110.0
1753592018168,04:53:38.168,bitmex,ACT/USDT:USDT,0.04534,520.0,0.04497,1180.0,0.04644,320.0,0.04671,1110.0
1753592018395,04:53:38.395,bitmex,ACT/USDT:USDT,0.04534,520.0,0.04497,1180.0,0.04644,320.0,0.04671,1110.0
1753592018444,04:53:38.444,bitmex,ACT/USDT:USDT,0.04534,520.0,0.04497,1180.0,0.04644,320.0,0.04671,1110.0
1753592019436,04:53:39.436,bitmex,ACT/USDT:USDT,0.04534,520.0,0.04497,1180.0,0.04644,320.0,0.04671,1110.0
1753592019485,04:53:39.485,bitmex,ACT/USDT:USDT,0.04534,520.0,0.04497,1180.0,0.04644,320.0,0.04671,1110.0
1753592020629,04:53:40.629,bitmex,ACT/USDT:USDT,0.04534,520.0,0.04497,1180.0,0.04644,320.0,0.04671,1110.0
1753592020685,04:53:40.685,bitmex,ACT/USDT:USDT,0.04534,520.0,0.04497,1180.0,0.04644,320.0,0.04671,1110.0
1753592021942,04:53:41.942,bitmex,ACT/USDT:USDT,0.04534,490.0,0.04497,1180.0,0.04644,320.0,0.04671,1110.0
1753592021991,04:53:41.991,bitmex,ACT/USDT:USDT,0.04534,490.0,0.04497,1180.0,0.04644,320.0,0.04671,1110.0
1753592022040,04:53:42.040,bitmex,ACT/USDT:USDT,0.04534,490.0,0.04497,1180.0,0.04644,320.0,0.04671,1110.0
1753592023280,04:53:43.280,bitmex,ACT/USDT:USDT,0.04534,490.0,0.04497,1180.0,0.04644,320.0,0.04671,1110.0
1753592023329,04:53:43.329,bitmex,ACT/USDT:USDT,0.04534,490.0,0.04497,1180.0,0.04644,320.0,0.04671,1110.0
1753592024988,04:53:44.988,bitmex,ACT/USDT:USDT,0.04534,490.0,0.04497,1180.0,0.04644,320.0,0.04671,1110.0
1753592025038,04:53:45.038,bitmex,ACT/USDT:USDT,0.04534,470.0,0.04497,1180.0,0.04644,320.0,0.04671,1110.0
1753592025087,04:53:45.087,bitmex,ACT/USDT:USDT,0.04534,470.0,0.04497,1180.0,0.04644,320.0,0.04671,1110.0
1753592026087,04:53:46.087,bitmex,ACT/USDT:USDT,0.04534,470.0,0.04497,1180.0,0.04644,320.0,0.04671,1110.0
1753592026137,04:53:46.137,bitmex,ACT/USDT:USDT,0.04534,470.0,0.04497,1180.0,0.04644,320.0,0.04671,1110.0
1753592026799,04:53:46.799,bitmex,ACT/USDT:USDT,0.04534,470.0,0.04497,1180.0,0.04644,320.0,0.04671,1110.0
1753592026848,04:53:46.848,bitmex,ACT/USDT:USDT,0.04534,470.0,0.04497,1180.0,0.04644,320.0,0.04671,1110.0
1753592027396,04:53:47.396,bitmex,ACT/USDT:USDT,0.04534,470.0,0.04497,1180.0,0.04644,320.0,0.04671,1110.0
1753592027446,04:53:47.446,bitmex,ACT/USDT:USDT,0.04534,470.0,0.04497,1180.0,0.04644,320.0,0.04671,1110.0
1753592028657,04:53:48.657,bitmex,ACT/USDT:USDT,0.04534,470.0,0.04497,1180.0,0.04644,320.0,0.04671,1110.0
1753592028706,04:53:48.706,bitmex,ACT/USDT:USDT,0.04534,470.0,0.04497,1180.0,0.04644,320.0,0.04671,1110.0
1753592029868,04:53:49.868,bitmex,ACT/USDT:USDT,0.04534,470.0,0.04497,1180.0,0.04644,320.0,0.04671,1110.0
1753592029917,04:53:49.917,bitmex,ACT/USDT:USDT,0.04534,470.0,0.04497,1180.0,0.04644,320.0,0.04671,1110.0
1753592031137,04:53:51.137,bitmex,ACT/USDT:USDT,0.04534,470.0,0.04497,1180.0,0.04644,320.0,0.04671,1110.0
1753592031187,04:53:51.187,bitmex,ACT/USDT:USDT,0.04534,470.0,0.04497,1180.0,0.04644,320.0,0.04671,1110.0
1753592032417,04:53:52.417,bitmex,ACT/USDT:USDT,0.04534,470.0,0.04497,1180.0,0.04644,320.0,0.04671,1110.0
1753592032466,04:53:52.466,bitmex,ACT/USDT:USDT,0.04534,470.0,0.04497,1180.0,0.04644,320.0,0.04671,1110.0
1753592033657,04:53:53.657,bitmex,ACT/USDT:USDT,0.04534,470.0,0.04497,1180.0,0.04644,320.0,0.04671,1110.0
1753592033706,04:53:53.706,bitmex,ACT/USDT:USDT,0.04534,470.0,0.04497,1180.0,0.04644,320.0,0.04671,1110.0
1753592034891,04:53:54.891,bitmex,ACT/USDT:USDT,0.04534,470.0,0.04498,1180.0,0.04644,320.0,0.04671,1110.0
1753592034947,04:53:54.947,bitmex,ACT/USDT:USDT,0.04534,470.0,0.04498,1180.0,0.04644,320.0,0.04671,1110.0
1753592036215,04:53:56.215,bitmex,ACT/USDT:USDT,0.04534,470.0,0.04498,1180.0,0.04644,320.0,0.04671,1110.0
1753592036265,04:53:56.265,bitmex,ACT/USDT:USDT,0.04534,470.0,0.04498,1180.0,0.04644,320.0,0.04671,1110.0
1753592038736,04:53:58.736,bitmex,ACT/USDT:USDT,0.04534,470.0,0.04498,1180.0,0.04644,320.0,0.04671,1110.0
1753592038785,04:53:58.785,bitmex,ACT/USDT:USDT,0.04534,470.0,0.04498,1180.0,0.04644,320.0,0.04671,1110.0
1753592039968,04:53:59.968,bitmex,ACT/USDT:USDT,0.04534,470.0,0.04498,1180.0,0.04644,320.0,0.04671,1110.0
1753592040018,04:54:00.018,bitmex,ACT/USDT:USDT,0.04534,470.0,0.04498,1180.0,0.04644,320.0,0.04671,1110.0
1753592044222,04:54:04.222,bitmex,ACT/USDT:USDT,0.04534,470.0,0.04498,1180.0,0.04644,320.0,0.04673,510.0
1753592044271,04:54:04.271,bitmex,ACT/USDT:USDT,0.04534,470.0,0.04498,1180.0,0.04644,320.0,0.04673,510.0
1753592045058,04:54:05.058,bitmex,ACT/USDT:USDT,0.04537,470.0,0.04498,1180.0,0.04644,320.0,0.04673,510.0
1753592045107,04:54:05.107,bitmex,ACT/USDT:USDT,0.04537,470.0,0.04498,1180.0,0.04644,320.0,0.04673,510.0
1753592045156,04:54:05.156,bitmex,ACT/USDT:USDT,0.04537,470.0,0.04498,1180.0,0.04644,320.0,0.04676,490.0
1753592046364,04:54:06.364,bitmex,ACT/USDT:USDT,0.04537,470.0,0.04498,1180.0,0.04644,320.0,0.04676,490.0
1753592046413,04:54:06.413,bitmex,ACT/USDT:USDT,0.04537,470.0,0.04498,1180.0,0.04644,320.0,0.04676,490.0
1753592047639,04:54:07.639,bitmex,ACT/USDT:USDT,0.04537,470.0,0.04498,1180.0,0.04644,320.0,0.04676,490.0
1753592047688,04:54:07.688,bitmex,ACT/USDT:USDT,0.04537,470.0,0.04498,1180.0,0.04644,320.0,0.04676,490.0
1753592048967,04:54:08.967,bitmex,ACT/USDT:USDT,0.04537,470.0,0.04498,1180.0,0.04644,320.0,0.04676,490.0
1753592049016,04:54:09.016,bitmex,ACT/USDT:USDT,0.04537,470.0,0.04498,1180.0,0.04644,320.0,0.04676,490.0
1753592050152,04:54:10.152,bitmex,ACT/USDT:USDT,0.04537,470.0,0.04498,1180.0,0.04644,320.0,0.04676,490.0
1753592050201,04:54:10.201,bitmex,ACT/USDT:USDT,0.04537,470.0,0.04498,1180.0,0.04644,320.0,0.04676,490.0
1753592051344,04:54:11.344,bitmex,ACT/USDT:USDT,0.04537,470.0,0.04498,1180.0,0.04644,320.0,0.04676,490.0
1753592051394,04:54:11.394,bitmex,ACT/USDT:USDT,0.04537,470.0,0.04498,1180.0,0.04644,320.0,0.04676,1600.0
1753592051491,04:54:11.491,bitmex,ACT/USDT:USDT,0.04537,470.0,0.04502,1180.0,0.04644,320.0,0.04676,1600.0
1753592051540,04:54:11.540,bitmex,ACT/USDT:USDT,0.04538,500.0,0.04502,1180.0,0.04644,320.0,0.04676,1110.0
1753592053051,04:54:13.051,bitmex,ACT/USDT:USDT,0.04538,500.0,0.04502,1180.0,0.04644,320.0,0.04676,1110.0
1753592053100,04:54:13.100,bitmex,ACT/USDT:USDT,0.04538,500.0,0.04502,1180.0,0.04644,320.0,0.04677,480.0
1753592053404,04:54:13.404,bitmex,ACT/USDT:USDT,0.04538,500.0,0.04502,1180.0,0.04644,320.0,0.04676,1110.0
1753592053453,04:54:13.453,bitmex,ACT/USDT:USDT,0.04538,500.0,0.04502,1180.0,0.04644,320.0,0.04676,1110.0
1753592053502,04:54:13.502,bitmex,ACT/USDT:USDT,0.04538,500.0,0.04502,1180.0,0.04644,320.0,0.04676,1110.0
1753592053551,04:54:13.551,bitmex,ACT/USDT:USDT,0.04538,500.0,0.04502,1180.0,0.04644,320.0,0.04676,1110.0
1753592053648,04:54:13.648,bitmex,ACT/USDT:USDT,0.04538,500.0,0.04502,1180.0,0.04644,320.0,0.04676,1110.0
1753592053697,04:54:13.697,bitmex,ACT/USDT:USDT,0.04538,500.0,0.04502,1180.0,0.04644,320.0,0.04676,1110.0
1753592054507,04:54:14.507,bitmex,ACT/USDT:USDT,0.04538,500.0,0.04502,1180.0,0.04644,320.0,0.04676,1110.0
1753592054556,04:54:14.556,bitmex,ACT/USDT:USDT,0.04538,500.0,0.04502,1180.0,0.04644,320.0,0.04676,1110.0
1753592055828,04:54:15.828,bitmex,ACT/USDT:USDT,0.04538,500.0,0.04502,1180.0,0.04644,320.0,0.04676,1110.0
1753592055878,04:54:15.878,bitmex,ACT/USDT:USDT,0.04538,500.0,0.04502,1180.0,0.04644,320.0,0.04676,1110.0
1753592057479,04:54:17.479,bitmex,ACT/USDT:USDT,0.04538,500.0,0.04502,1180.0,0.04644,320.0,0.04676,1110.0
1753592057528,04:54:17.528,bitmex,ACT/USDT:USDT,0.04538,500.0,0.04502,1180.0,0.04644,320.0,0.04676,1110.0
1753592058566,04:54:18.566,bitmex,ACT/USDT:USDT,0.04538,500.0,0.04502,1180.0,0.04644,320.0,0.04676,1110.0
1753592058616,04:54:18.616,bitmex,ACT/USDT:USDT,0.04538,500.0,0.04502,1180.0,0.04644,320.0,0.04676,1110.0
1753592059974,04:54:19.974,bitmex,ACT/USDT:USDT,0.04538,500.0,0.04502,1180.0,0.04644,320.0,0.04676,1110.0
1753592060024,04:54:20.024,bitmex,ACT/USDT:USDT,0.04538,500.0,0.04502,1180.0,0.04644,320.0,0.04676,1110.0
1753592061027,04:54:21.027,bitmex,ACT/USDT:USDT,0.04538,500.0,0.04502,1180.0,0.04644,320.0,0.04676,1110.0
1753592061076,04:54:21.076,bitmex,ACT/USDT:USDT,0.04538,500.0,0.04502,1180.0,0.04644,320.0,0.04676,1110.0
1753592062362,04:54:22.362,bitmex,ACT/USDT:USDT,0.04538,500.0,0.04502,1180.0,0.04644,320.0,0.04676,1110.0
1753592062417,04:54:22.417,bitmex,ACT/USDT:USDT,0.04538,500.0,0.04502,1180.0,0.04644,320.0,0.04676,1110.0
1753592062898,04:54:22.898,bitmex,ACT/USDT:USDT,0.04538,500.0,0.04502,1180.0,0.04644,320.0,0.04676,1110.0
1753592062947,04:54:22.947,bitmex,ACT/USDT:USDT,0.04538,500.0,0.04502,1180.0,0.04644,320.0,0.04676,1110.0
1753592063579,04:54:23.579,bitmex,ACT/USDT:USDT,0.04538,500.0,0.04502,1180.0,0.04644,320.0,0.04676,1110.0
1753592063629,04:54:23.629,bitmex,ACT/USDT:USDT,0.04538,500.0,0.04502,1180.0,0.04644,320.0,0.04676,1110.0
1753592063678,04:54:23.678,bitmex,ACT/USDT:USDT,0.04538,500.0,0.04502,1180.0,0.04644,320.0,0.04676,1110.0
1753592063727,04:54:23.727,bitmex,ACT/USDT:USDT,0.04538,500.0,0.04502,1180.0,0.04644,320.0,0.04676,1110.0
1753592064926,04:54:24.926,bitmex,ACT/USDT:USDT,0.04538,500.0,0.04502,1180.0,0.04644,320.0,0.04676,1110.0
1753592064976,04:54:24.976,bitmex,ACT/USDT:USDT,0.04538,500.0,0.04502,1180.0,0.04644,320.0,0.04676,1110.0
1753592066161,04:54:26.161,bitmex,ACT/USDT:USDT,0.04538,500.0,0.04502,1180.0,0.04644,320.0,0.04676,1110.0
1753592066210,04:54:26.210,bitmex,ACT/USDT:USDT,0.04538,500.0,0.04502,1180.0,0.04644,320.0,0.04676,1110.0
1753592067505,04:54:27.505,bitmex,ACT/USDT:USDT,0.04538,500.0,0.04502,1180.0,0.04644,320.0,0.04676,1110.0
1753592067555,04:54:27.555,bitmex,ACT/USDT:USDT,0.04538,500.0,0.04502,1180.0,0.04644,320.0,0.04676,1110.0
1753592068691,04:54:28.691,bitmex,ACT/USDT:USDT,0.04538,500.0,0.04502,1180.0,0.04644,320.0,0.04676,1110.0
1753592068741,04:54:28.741,bitmex,ACT/USDT:USDT,0.04538,500.0,0.04502,1140.0,0.04644,320.0,0.04676,1110.0
1753592070019,04:54:30.019,bitmex,ACT/USDT:USDT,0.04538,500.0,0.04502,1140.0,0.04644,320.0,0.04676,1110.0
1753592070068,04:54:30.068,bitmex,ACT/USDT:USDT,0.04538,500.0,0.04502,1140.0,0.04644,320.0,0.04676,1110.0
1753592071218,04:54:31.218,bitmex,ACT/USDT:USDT,0.04538,500.0,0.04502,1140.0,0.04644,320.0,0.04676,1110.0
1753592071268,04:54:31.268,bitmex,ACT/USDT:USDT,0.04538,500.0,0.04502,1140.0,0.04644,320.0,0.04676,1110.0
1753592072489,04:54:32.489,bitmex,ACT/USDT:USDT,0.04538,500.0,0.04502,1140.0,0.04644,320.0,0.04676,1110.0
1753592072538,04:54:32.538,bitmex,ACT/USDT:USDT,0.04538,500.0,0.04502,1140.0,0.04644,320.0,0.04676,1110.0
1753592073837,04:54:33.837,bitmex,ACT/USDT:USDT,0.04538,500.0,0.04502,1140.0,0.04644,320.0,0.04676,1110.0
1753592073887,04:54:33.887,bitmex,ACT/USDT:USDT,0.04538,500.0,0.04502,1140.0,0.04644,320.0,0.04676,1110.0
1753592075194,04:54:35.194,bitmex,ACT/USDT:USDT,0.04538,500.0,0.04502,1140.0,0.04644,320.0,0.04676,1110.0
1753592075243,04:54:35.243,bitmex,ACT/USDT:USDT,0.04538,500.0,0.04502,1140.0,0.04644,320.0,0.04676,1110.0
1753592076456,04:54:36.456,bitmex,ACT/USDT:USDT,0.04538,500.0,0.04502,1140.0,0.04644,320.0,0.04676,1110.0
1753592076505,04:54:36.505,bitmex,ACT/USDT:USDT,0.04538,500.0,0.04502,1140.0,0.04644,320.0,0.04676,1110.0
1753592076734,04:54:36.734,bitmex,ACT/USDT:USDT,0.04538,500.0,0.04502,1140.0,0.04644,320.0,0.04676,1110.0
1753592076784,04:54:36.784,bitmex,ACT/USDT:USDT,0.04538,500.0,0.04502,1140.0,0.04644,320.0,0.04676,1110.0
1753592077630,04:54:37.630,bitmex,ACT/USDT:USDT,0.04537,520.0,0.04502,1140.0,0.04644,320.0,0.04676,1110.0
1753592077694,04:54:37.694,bitmex,ACT/USDT:USDT,0.04537,520.0,0.04502,1140.0,0.04644,320.0,0.04676,1110.0
1753592077743,04:54:37.743,bitmex,ACT/USDT:USDT,0.04537,520.0,0.04502,1140.0,0.04644,320.0,0.04676,1630.0
1753592078758,04:54:38.758,bitmex,ACT/USDT:USDT,0.04537,520.0,0.04502,1140.0,0.04644,320.0,0.04676,1630.0
1753592078808,04:54:38.808,bitmex,ACT/USDT:USDT,0.04537,520.0,0.04502,1140.0,0.04644,320.0,0.04676,1630.0
1753592080187,04:54:40.187,bitmex,ACT/USDT:USDT,0.04537,520.0,0.04502,1140.0,0.04644,320.0,0.04676,1630.0
1753592080237,04:54:40.237,bitmex,ACT/USDT:USDT,0.04537,520.0,0.04502,1140.0,0.04644,320.0,0.04676,1630.0
1753592081417,04:54:41.417,bitmex,ACT/USDT:USDT,0.04536,480.0,0.04502,1140.0,0.04644,320.0,0.04676,1630.0
1753592081467,04:54:41.467,bitmex,ACT/USDT:USDT,0.04536,480.0,0.04502,1140.0,0.04644,320.0,0.04675,490.0
1753592081662,04:54:41.662,bitmex,ACT/USDT:USDT,0.04536,480.0,0.04502,1140.0,0.04644,320.0,0.04675,1600.0
1753592081711,04:54:41.711,bitmex,ACT/USDT:USDT,0.04536,480.0,0.04502,1140.0,0.04644,320.0,0.04675,1600.0
1753592082799,04:54:42.799,bitmex,ACT/USDT:USDT,0.04536,480.0,0.04502,1140.0,0.04644,320.0,0.04675,1600.0
1753592082848,04:54:42.848,bitmex,ACT/USDT:USDT,0.04535,480.0,0.04502,1140.0,0.04644,320.0,0.04673,1110.0
1753592082897,04:54:42.897,bitmex,ACT/USDT:USDT,0.04535,480.0,0.04502,1140.0,0.04644,320.0,0.04673,1110.0
1753592084043,04:54:44.043,bitmex,ACT/USDT:USDT,0.04535,480.0,0.04502,1140.0,0.04644,320.0,0.04673,1110.0
1753592084108,04:54:44.108,bitmex,ACT/USDT:USDT,0.04535,480.0,0.04502,1140.0,0.04644,320.0,0.04673,1110.0
1753592086215,04:54:46.215,bitmex,ACT/USDT:USDT,0.04535,480.0,0.04502,1140.0,0.04644,320.0,0.04673,1110.0
1753592086265,04:54:46.265,bitmex,ACT/USDT:USDT,0.04535,480.0,0.04499,1110.0,0.04644,320.0,0.04673,1110.0
1753592086997,04:54:46.997,bitmex,ACT/USDT:USDT,0.04535,480.0,0.04499,1110.0,0.04644,320.0,0.04673,1110.0
1753592087047,04:54:47.047,bitmex,ACT/USDT:USDT,0.04535,480.0,0.04499,1110.0,0.04644,320.0,0.04673,1110.0
1753592087096,04:54:47.096,bitmex,ACT/USDT:USDT,0.04535,480.0,0.04499,1110.0,0.04644,320.0,0.04673,1110.0
1753592088321,04:54:48.321,bitmex,ACT/USDT:USDT,0.04535,480.0,0.04499,1110.0,0.04644,320.0,0.04673,1110.0
1753592088370,04:54:48.370,bitmex,ACT/USDT:USDT,0.04535,480.0,0.04499,1110.0,0.04644,320.0,0.04673,1110.0
1753592089402,04:54:49.402,bitmex,ACT/USDT:USDT,0.04535,480.0,0.04499,1110.0,0.04644,320.0,0.04673,1110.0
1753592089452,04:54:49.452,bitmex,ACT/USDT:USDT,0.04535,480.0,0.04499,1110.0,0.04644,320.0,0.04673,1110.0
1753592090918,04:54:50.918,bitmex,ACT/USDT:USDT,0.04535,480.0,0.04499,1110.0,0.04644,320.0,0.04673,1110.0
1753592090967,04:54:50.967,bitmex,ACT/USDT:USDT,0.04535,480.0,0.04499,1110.0,0.04644,320.0,0.04673,1110.0
1753592092106,04:54:52.106,bitmex,ACT/USDT:USDT,0.04535,480.0,0.04499,1110.0,0.04644,320.0,0.04673,1110.0
1753592092155,04:54:52.155,bitmex,ACT/USDT:USDT,0.04535,480.0,0.04499,1110.0,0.04644,320.0,0.04673,1110.0
1753592093322,04:54:53.322,bitmex,ACT/USDT:USDT,0.04535,480.0,0.04499,1110.0,0.04644,320.0,0.04673,1110.0
1753592093386,04:54:53.386,bitmex,ACT/USDT:USDT,0.04535,480.0,0.04499,1110.0,0.04644,320.0,0.04673,1110.0
1753592094772,04:54:54.772,bitmex,ACT/USDT:USDT,0.04535,480.0,0.04499,1110.0,0.04644,320.0,0.04673,1110.0
1753592094821,04:54:54.821,bitmex,ACT/USDT:USDT,0.04462,790.0,0.02056,62490.0,0.04644,320.0,0.04673,1110.0
1753592096045,04:54:56.045,bitmex,ACT/USDT:USDT,0.04535,480.0,0.04462,790.0,0.04644,320.0,0.04673,1110.0
1753592096094,04:54:56.094,bitmex,ACT/USDT:USDT,0.04535,480.0,0.02057,790.0,0.04644,320.0,0.04673,1110.0
1753592096143,04:54:56.143,bitmex,ACT/USDT:USDT,0.04535,480.0,0.0424,1490.0,0.04644,320.0,0.04673,1110.0
1753592096192,04:54:56.192,bitmex,ACT/USDT:USDT,0.04535,480.0,0.0424,1490.0,0.04644,320.0,0.04673,1110.0
1753592096747,04:54:56.747,bitmex,ACT/USDT:USDT,0.04535,480.0,0.0424,1490.0,0.04644,320.0,0.04673,1110.0
1753592096797,04:54:56.797,bitmex,ACT/USDT:USDT,0.04535,480.0,0.04241,790.0,0.04644,320.0,0.04673,1110.0
1753592097196,04:54:57.196,bitmex,ACT/USDT:USDT,0.04535,480.0,0.04241,790.0,0.04644,320.0,0.04673,1110.0
1753592097246,04:54:57.246,bitmex,ACT/USDT:USDT,0.04535,480.0,0.04241,790.0,0.04644,320.0,0.04673,1110.0
1753592098393,04:54:58.393,bitmex,ACT/USDT:USDT,0.04535,480.0,0.04241,790.0,0.04644,320.0,0.04673,1110.0
1753592098442,04:54:58.442,bitmex,ACT/USDT:USDT,0.04535,480.0,0.04241,790.0,0.04644,320.0,0.04673,1110.0
1753592099130,04:54:59.130,bitmex,ACT/USDT:USDT,0.04535,480.0,0.04241,790.0,0.04644,320.0,0.04673,1110.0
1753592099179,04:54:59.179,bitmex,ACT/USDT:USDT,0.04535,480.0,0.04241,790.0,0.04644,320.0,0.04674,470.0
1753592099655,04:54:59.655,bitmex,ACT/USDT:USDT,0.04536,520.0,0.04241,790.0,0.04644,320.0,0.04674,470.0
1753592099788,04:54:59.788,bitmex,ACT/USDT:USDT,0.04536,520.0,0.04241,790.0,0.04644,320.0,0.04675,490.0
1753592099896,04:54:59.896,bitmex,ACT/USDT:USDT,0.04536,520.0,0.04241,790.0,0.04644,320.0,0.04675,490.0
1753592099946,04:54:59.946,bitmex,ACT/USDT:USDT,0.04536,520.0,0.04241,790.0,0.04644,320.0,0.04675,490.0
1753592100225,04:55:00.225,bitmex,ACT/USDT:USDT,0.04536,520.0,0.04241,790.0,0.04644,320.0,0.04674,1110.0
1753592100980,04:55:00.980,bitmex,ACT/USDT:USDT,0.04536,520.0,0.04241,790.0,0.04644,320.0,0.04674,1110.0
1753592101029,04:55:01.029,bitmex,ACT/USDT:USDT,0.04536,520.0,0.04241,790.0,0.04644,320.0,0.04674,1110.0
1753592102648,04:55:02.648,bitmex,ACT/USDT:USDT,0.04536,520.0,0.04241,790.0,0.04644,320.0,0.04674,1110.0
1753592102758,04:55:02.758,bitmex,ACT/USDT:USDT,0.04536,520.0,0.04241,790.0,0.04644,320.0,0.04674,1110.0
1753592103764,04:55:03.764,bitmex,ACT/USDT:USDT,0.04536,520.0,0.045,1170.0,0.04644,320.0,0.04674,1110.0
1753592103987,04:55:03.987,bitmex,ACT/USDT:USDT,0.04536,520.0,0.045,1170.0,0.04644,320.0,0.04674,1110.0
1753592104897,04:55:04.897,bitmex,ACT/USDT:USDT,0.04536,520.0,0.045,1170.0,0.04644,320.0,0.04674,1110.0
1753592104947,04:55:04.947,bitmex,ACT/USDT:USDT,0.04536,520.0,0.045,1170.0,0.04644,320.0,0.04674,1110.0
1753592106330,04:55:06.330,bitmex,ACT/USDT:USDT,0.04536,520.0,0.045,1170.0,0.04644,320.0,0.04674,1110.0
1753592106388,04:55:06.388,bitmex,ACT/USDT:USDT,0.04536,520.0,0.045,1170.0,0.04644,320.0,0.04674,1110.0
1753592107458,04:55:07.458,bitmex,ACT/USDT:USDT,0.04536,520.0,0.045,1170.0,0.04644,320.0,0.04674,1110.0
1753592107558,04:55:07.558,bitmex,ACT/USDT:USDT,0.04536,520.0,0.045,1170.0,0.04644,320.0,0.04674,1110.0
1753592108669,04:55:08.669,bitmex,ACT/USDT:USDT,0.04536,520.0,0.045,1170.0,0.04644,320.0,0.04674,1110.0
1753592108718,04:55:08.718,bitmex,ACT/USDT:USDT,0.04536,520.0,0.045,1170.0,0.04644,320.0,0.04674,1110.0
1753592109032,04:55:09.032,bitmex,ACT/USDT:USDT,0.04536,520.0,0.045,1170.0,0.04644,320.0,0.04675,490.0
1753592109631,04:55:09.631,bitmex,ACT/USDT:USDT,0.04536,520.0,0.045,1170.0,0.04644,320.0,0.04675,490.0
1753592109681,04:55:09.681,bitmex,ACT/USDT:USDT,0.04536,520.0,0.045,1170.0,0.04644,320.0,0.04675,1600.0
1753592109852,04:55:09.852,bitmex,ACT/USDT:USDT,0.04537,510.0,0.045,1170.0,0.04644,320.0,0.04675,1600.0
1753592109901,04:55:09.901,bitmex,ACT/USDT:USDT,0.04537,510.0,0.045,1170.0,0.04644,320.0,0.04675,1110.0
1753592109950,04:55:09.950,bitmex,ACT/USDT:USDT,0.04537,510.0,0.045,1170.0,0.04644,320.0,0.04675,1110.0
1753592111173,04:55:11.173,bitmex,ACT/USDT:USDT,0.04537,510.0,0.045,1170.0,0.04644,320.0,0.04675,1110.0
1753592111223,04:55:11.223,bitmex,ACT/USDT:USDT,0.04537,510.0,0.045,1170.0,0.04644,320.0,0.04675,1110.0
1753592112392,04:55:12.392,bitmex,ACT/USDT:USDT,0.04537,510.0,0.045,1170.0,0.04644,320.0,0.04675,1110.0
1753592112441,04:55:12.441,bitmex,ACT/USDT:USDT,0.04537,510.0,0.045,1170.0,0.04644,320.0,0.04675,1110.0
1753592113721,04:55:13.721,bitmex,ACT/USDT:USDT,0.04537,510.0,0.045,1170.0,0.04644,320.0,0.04675,1110.0
1753592113777,04:55:13.777,bitmex,ACT/USDT:USDT,0.04537,510.0,0.045,1170.0,0.04644,320.0,0.04675,1110.0
1753592114928,04:55:14.928,bitmex,ACT/USDT:USDT,0.04537,510.0,0.045,1170.0,0.04644,320.0,0.04675,1110.0
1753592114977,04:55:14.977,bitmex,ACT/USDT:USDT,0.04537,510.0,0.045,1170.0,0.04644,320.0,0.04675,1110.0
1753592116130,04:55:16.130,bitmex,ACT/USDT:USDT,0.04537,510.0,0.045,1170.0,0.04644,320.0,0.04675,1110.0
1753592116240,04:55:16.240,bitmex,ACT/USDT:USDT,0.04537,510.0,0.045,1170.0,0.04644,320.0,0.04675,1110.0
1753592117486,04:55:17.486,bitmex,ACT/USDT:USDT,0.04537,510.0,0.045,1170.0,0.04644,320.0,0.04675,1110.0
1753592117536,04:55:17.536,bitmex,ACT/USDT:USDT,0.04537,510.0,0.045,1170.0,0.04644,320.0,0.04675,1110.0
1753592118787,04:55:18.787,bitmex,ACT/USDT:USDT,0.04537,510.0,0.045,1170.0,0.04644,320.0,0.04675,1110.0
1753592118836,04:55:18.836,bitmex,ACT/USDT:USDT,0.04537,510.0,0.045,1170.0,0.04644,320.0,0.04675,1110.0
1753592119973,04:55:19.973,bitmex,ACT/USDT:USDT,0.04537,510.0,0.045,1170.0,0.04644,320.0,0.04675,1110.0
1753592120022,04:55:20.022,bitmex,ACT/USDT:USDT,0.04537,510.0,0.04501,1190.0,0.04644,320.0,0.04675,1110.0
1753592121267,04:55:21.267,bitmex,ACT/USDT:USDT,0.04537,510.0,0.04501,1190.0,0.04644,320.0,0.04675,1110.0
1753592121317,04:55:21.317,bitmex,ACT/USDT:USDT,0.04537,510.0,0.04501,1190.0,0.04644,320.0,0.04675,1110.0
1753592121496,04:55:21.496,bitmex,ACT/USDT:USDT,0.04537,510.0,0.04501,1190.0,0.04644,320.0,0.04675,1110.0
1753592121545,04:55:21.545,bitmex,ACT/USDT:USDT,0.04537,510.0,0.04501,1190.0,0.04644,320.0,0.04675,1110.0
1753592122588,04:55:22.588,bitmex,ACT/USDT:USDT,0.04537,510.0,0.04501,1190.0,0.04644,320.0,0.04675,1110.0
1753592122637,04:55:22.637,bitmex,ACT/USDT:USDT,0.04537,510.0,0.04501,1190.0,0.04644,320.0,0.04675,1110.0
1753592123948,04:55:23.948,bitmex,ACT/USDT:USDT,0.04537,520.0,0.04501,1190.0,0.04644,320.0,0.04675,1110.0
1753592123997,04:55:23.997,bitmex,ACT/USDT:USDT,0.04537,520.0,0.04501,1190.0,0.04644,320.0,0.04675,1580.0
1753592124097,04:55:24.097,bitmex,ACT/USDT:USDT,0.04537,520.0,0.04501,1190.0,0.04644,320.0,0.04675,1580.0
1753592125140,04:55:25.140,bitmex,ACT/USDT:USDT,0.04537,520.0,0.04501,1190.0,0.04644,320.0,0.04675,1620.0
1753592125211,04:55:25.211,bitmex,ACT/USDT:USDT,0.04536,480.0,0.04501,1190.0,0.04644,320.0,0.04675,1620.0
1753592125260,04:55:25.260,bitmex,ACT/USDT:USDT,0.04536,480.0,0.04501,1190.0,0.04644,320.0,0.04675,1620.0
1753592126458,04:55:26.458,bitmex,ACT/USDT:USDT,0.04536,480.0,0.04501,1190.0,0.04644,320.0,0.04675,1620.0
1753592126508,04:55:26.508,bitmex,ACT/USDT:USDT,0.04536,480.0,0.04501,1190.0,0.04644,320.0,0.04675,1620.0
1753592127004,04:55:27.004,bitmex,ACT/USDT:USDT,0.04536,480.0,0.04501,1190.0,0.04644,320.0,0.04675,1620.0
1753592127054,04:55:27.054,bitmex,ACT/USDT:USDT,0.04536,480.0,0.04501,1190.0,0.04644,320.0,0.04675,510.0
1753592127401,04:55:27.401,bitmex,ACT/USDT:USDT,0.04536,480.0,0.04501,1190.0,0.04644,320.0,0.04674,1110.0
1753592127451,04:55:27.451,bitmex,ACT/USDT:USDT,0.04536,480.0,0.04501,1190.0,0.04644,320.0,0.04674,1110.0
1753592127736,04:55:27.736,bitmex,ACT/USDT:USDT,0.04536,480.0,0.04501,1190.0,0.04644,320.0,0.04674,1110.0
1753592127786,04:55:27.786,bitmex,ACT/USDT:USDT,0.04536,480.0,0.04501,1190.0,0.04644,320.0,0.04674,1110.0
1753592129237,04:55:29.237,bitmex,ACT/USDT:USDT,0.04536,480.0,0.04501,1190.0,0.04644,320.0,0.04674,1110.0
1753592129376,04:55:29.376,bitmex,ACT/USDT:USDT,0.04536,480.0,0.04501,1190.0,0.04644,320.0,0.04674,1110.0
1753592130368,04:55:30.368,bitmex,ACT/USDT:USDT,0.04536,480.0,0.04501,1190.0,0.04644,320.0,0.04674,1110.0
1753592130417,04:55:30.417,bitmex,ACT/USDT:USDT,0.04536,480.0,0.04501,1190.0,0.04644,320.0,0.04674,1110.0
1753592131712,04:55:31.712,bitmex,ACT/USDT:USDT,0.04536,480.0,0.04501,1190.0,0.04644,320.0,0.04674,1110.0
1753592131779,04:55:31.779,bitmex,ACT/USDT:USDT,0.04536,480.0,0.04501,1190.0,0.04644,320.0,0.04674,1110.0
1753592132767,04:55:32.767,bitmex,ACT/USDT:USDT,0.04465,790.0,0.02056,62490.0,0.04644,320.0,0.04674,1110.0
1753592132908,04:55:32.908,bitmex,ACT/USDT:USDT,0.04465,790.0,0.02056,62490.0,0.04644,320.0,0.04674,1110.0
1753592135916,04:55:35.916,bitmex,ACT/USDT:USDT,0.02056,62490.0,9e-05,70000.0,0.04644,320.0,0.04674,1110.0
1753592136016,04:55:36.016,bitmex,ACT/USDT:USDT,0.02056,62490.0,0.0001,790.0,0.04644,320.0,0.04674,1110.0
1753592136672,04:55:36.672,bitmex,ACT/USDT:USDT,0.04536,510.0,0.02056,62490.0,0.04644,320.0,0.04674,1110.0
1753592136721,04:55:36.721,bitmex,ACT/USDT:USDT,0.04536,510.0,0.02056,62490.0,0.04644,320.0,0.04674,1110.0
1753592136770,04:55:36.770,bitmex,ACT/USDT:USDT,0.04536,510.0,0.02056,62490.0,0.04644,320.0,0.04674,1110.0
1753592136819,04:55:36.819,bitmex,ACT/USDT:USDT,0.04536,510.0,0.0413,1450.0,0.04644,320.0,0.04674,1110.0
1753592137182,04:55:37.182,bitmex,ACT/USDT:USDT,0.04536,510.0,0.04465,330.0,0.04644,320.0,0.04674,1110.0
1753592137307,04:55:37.307,bitmex,ACT/USDT:USDT,0.04536,510.0,0.04465,330.0,0.04644,320.0,0.04675,490.0
1753592137356,04:55:37.356,bitmex,ACT/USDT:USDT,0.04536,510.0,0.04465,330.0,0.04644,320.0,0.04675,1340.0
1753592137838,04:55:37.838,bitmex,ACT/USDT:USDT,0.04536,510.0,0.04465,330.0,0.04644,320.0,0.04675,1340.0
1753592137887,04:55:37.887,bitmex,ACT/USDT:USDT,0.04536,510.0,0.04465,330.0,0.04644,320.0,0.04675,1340.0
1753592138125,04:55:38.125,bitmex,ACT/USDT:USDT,0.04536,510.0,0.04465,330.0,0.04644,320.0,0.04675,1340.0
1753592138174,04:55:38.174,bitmex,ACT/USDT:USDT,0.04536,510.0,0.04465,330.0,0.04644,320.0,0.04675,1600.0
1753592139110,04:55:39.110,bitmex,ACT/USDT:USDT,0.04536,510.0,0.04465,330.0,0.04644,320.0,0.04675,1600.0
1753592140387,04:55:40.387,bitmex,ACT/USDT:USDT,0.04536,510.0,0.045,1100.0,0.04644,320.0,0.04675,1600.0
1753592140447,04:55:40.447,bitmex,ACT/USDT:USDT,0.04536,510.0,0.045,1100.0,0.04644,320.0,0.04675,1600.0
1753592141638,04:55:41.638,bitmex,ACT/USDT:USDT,0.04536,510.0,0.045,1100.0,0.04644,320.0,0.04675,1600.0
1753592141688,04:55:41.688,bitmex,ACT/USDT:USDT,0.04536,510.0,0.045,1100.0,0.04644,320.0,0.04675,1600.0
1753592141770,04:55:41.770,bitmex,ACT/USDT:USDT,0.04536,510.0,0.045,1100.0,0.04644,320.0,0.04675,1600.0
1753592141819,04:55:41.819,bitmex,ACT/USDT:USDT,0.04536,510.0,0.045,1100.0,0.04644,320.0,0.04675,1600.0
1753592142909,04:55:42.909,bitmex,ACT/USDT:USDT,0.04536,510.0,0.045,1100.0,0.04644,320.0,0.04675,1600.0
1753592142968,04:55:42.968,bitmex,ACT/USDT:USDT,0.04536,510.0,0.045,1100.0,0.04644,320.0,0.04675,1600.0
1753592144138,04:55:44.138,bitmex,ACT/USDT:USDT,0.04536,510.0,0.045,1100.0,0.04644,320.0,0.04675,1600.0
1753592144238,04:55:44.238,bitmex,ACT/USDT:USDT,0.04536,510.0,0.045,1100.0,0.04644,320.0,0.04675,1600.0
1753592145391,04:55:45.391,bitmex,ACT/USDT:USDT,0.04536,510.0,0.045,1100.0,0.04644,320.0,0.04675,1600.0
1753592145449,04:55:45.449,bitmex,ACT/USDT:USDT,0.04536,510.0,0.045,1100.0,0.04644,320.0,0.04675,1600.0
1753592146747,04:55:46.747,bitmex,ACT/USDT:USDT,0.04536,510.0,0.045,1100.0,0.04644,320.0,0.04675,1600.0
1753592146796,04:55:46.796,bitmex,ACT/USDT:USDT,0.04536,510.0,0.045,1100.0,0.04644,320.0,0.04675,1600.0
1753592148042,04:55:48.042,bitmex,ACT/USDT:USDT,0.04536,510.0,0.045,1100.0,0.04644,320.0,0.04675,1600.0
1753592148092,04:55:48.092,bitmex,ACT/USDT:USDT,0.04536,510.0,0.045,1100.0,0.04644,320.0,0.04675,1600.0
1753592149342,04:55:49.342,bitmex,ACT/USDT:USDT,0.04536,510.0,0.045,1100.0,0.04644,320.0,0.04675,1600.0
1753592149392,04:55:49.392,bitmex,ACT/USDT:USDT,0.04536,510.0,0.045,1100.0,0.04644,320.0,0.04675,1600.0
1753592150578,04:55:50.578,bitmex,ACT/USDT:USDT,0.04536,510.0,0.045,1100.0,0.04644,320.0,0.04675,1600.0
1753592150627,04:55:50.627,bitmex,ACT/USDT:USDT,0.04536,510.0,0.045,1100.0,0.04644,320.0,0.04675,1600.0
1753592151988,04:55:51.988,bitmex,ACT/USDT:USDT,0.04536,510.0,0.045,1100.0,0.04644,320.0,0.04675,1600.0
1753592152049,04:55:52.049,bitmex,ACT/USDT:USDT,0.04536,510.0,0.045,1100.0,0.04644,320.0,0.04675,1600.0
1753592152159,04:55:52.159,bitmex,ACT/USDT:USDT,0.04536,510.0,0.045,1100.0,0.04644,320.0,0.04675,1600.0
1753592153209,04:55:53.209,bitmex,ACT/USDT:USDT,0.04536,510.0,0.045,1100.0,0.04644,320.0,0.04675,1600.0
1753592154548,04:55:54.548,bitmex,ACT/USDT:USDT,0.04536,510.0,0.045,1100.0,0.04644,320.0,0.04675,1600.0
1753592154598,04:55:54.598,bitmex,ACT/USDT:USDT,0.04536,510.0,0.045,1100.0,0.04644,320.0,0.04675,1600.0
1753592155548,04:55:55.548,bitmex,ACT/USDT:USDT,0.04536,510.0,0.045,1100.0,0.04644,320.0,0.04675,1600.0
1753592155598,04:55:55.598,bitmex,ACT/USDT:USDT,0.04536,510.0,0.045,1100.0,0.04644,320.0,0.04675,490.0
1753592155647,04:55:55.647,bitmex,ACT/USDT:USDT,0.04536,510.0,0.045,1100.0,0.04644,320.0,0.04675,490.0
1753592156949,04:55:56.949,bitmex,ACT/USDT:USDT,0.0454,520.0,0.045,1100.0,0.04644,320.0,0.04675,490.0
1753592156998,04:55:56.998,bitmex,ACT/USDT:USDT,0.0454,520.0,0.045,1100.0,0.04644,320.0,0.04679,490.0
1753592157047,04:55:57.047,bitmex,ACT/USDT:USDT,0.0454,520.0,0.04504,1080.0,0.04644,320.0,0.04679,490.0
1753592157096,04:55:57.096,bitmex,ACT/USDT:USDT,0.0454,520.0,0.04504,1080.0,0.04644,320.0,0.04678,1110.0
1753592158452,04:55:58.452,bitmex,ACT/USDT:USDT,0.0454,520.0,0.04504,1080.0,0.04644,320.0,0.04679,490.0
1753592158502,04:55:58.502,bitmex,ACT/USDT:USDT,0.0454,520.0,0.04504,1080.0,0.04644,320.0,0.04679,490.0
1753592158659,04:55:58.659,bitmex,ACT/USDT:USDT,0.0454,520.0,0.04504,1080.0,0.04644,320.0,0.04679,490.0
1753592158708,04:55:58.708,bitmex,ACT/USDT:USDT,0.0454,520.0,0.04504,1080.0,0.04644,320.0,0.04679,1600.0
1753592159327,04:55:59.327,bitmex,ACT/USDT:USDT,0.04541,510.0,0.04504,1080.0,0.04644,320.0,0.04679,1600.0
1753592159377,04:55:59.377,bitmex,ACT/USDT:USDT,0.04541,510.0,0.04504,1080.0,0.04644,320.0,0.04679,1110.0
1753592159766,04:55:59.766,bitmex,ACT/USDT:USDT,0.04541,510.0,0.04504,1080.0,0.04644,320.0,0.04679,1110.0
1753592159815,04:55:59.815,bitmex,ACT/USDT:USDT,0.04541,510.0,0.04504,1080.0,0.04644,320.0,0.04679,1110.0
1753592160034,04:56:00.034,bitmex,ACT/USDT:USDT,0.04541,510.0,0.04504,1080.0,0.04644,320.0,0.04679,1110.0
1753592160096,04:56:00.096,bitmex,ACT/USDT:USDT,0.04541,510.0,0.04504,1080.0,0.04644,320.0,0.04679,1110.0
1753592161261,04:56:01.261,bitmex,ACT/USDT:USDT,0.04541,510.0,0.04504,1080.0,0.04644,320.0,0.04679,1110.0
1753592161311,04:56:01.311,bitmex,ACT/USDT:USDT,0.04541,510.0,0.04504,1080.0,0.04644,320.0,0.04679,1110.0
1753592162587,04:56:02.587,bitmex,ACT/USDT:USDT,0.04541,510.0,0.04504,1080.0,0.04644,320.0,0.04679,1110.0
1753592162636,04:56:02.636,bitmex,ACT/USDT:USDT,0.04542,480.0,0.04504,1080.0,0.04644,320.0,0.04679,1110.0
1753592162685,04:56:02.685,bitmex,ACT/USDT:USDT,0.04542,480.0,0.04504,1080.0,0.04644,320.0,0.04679,1110.0
1753592163857,04:56:03.857,bitmex,ACT/USDT:USDT,0.04542,480.0,0.04504,1080.0,0.04644,320.0,0.04679,1110.0
1753592163907,04:56:03.907,bitmex,ACT/USDT:USDT,0.04542,480.0,0.04504,1080.0,0.04644,320.0,0.04679,1110.0
1753592165119,04:56:05.119,bitmex,ACT/USDT:USDT,0.04542,480.0,0.04504,1080.0,0.04644,320.0,0.04679,1110.0
1753592165168,04:56:05.168,bitmex,ACT/USDT:USDT,0.04542,480.0,0.04504,1080.0,0.04644,320.0,0.04679,1110.0
1753592166418,04:56:06.418,bitmex,ACT/USDT:USDT,0.04542,480.0,0.04504,1080.0,0.04644,320.0,0.04679,1110.0
1753592166497,04:56:06.497,bitmex,ACT/USDT:USDT,0.04542,480.0,0.04504,1080.0,0.04644,320.0,0.04679,1110.0
1753592168719,04:56:08.719,bitmex,ACT/USDT:USDT,0.04542,480.0,0.04504,1080.0,0.04644,320.0,0.04679,1110.0
1753592168768,04:56:08.768,bitmex,ACT/USDT:USDT,0.04542,480.0,0.04504,1080.0,0.04644,320.0,0.04679,1110.0
1753592169613,04:56:09.613,bitmex,ACT/USDT:USDT,0.04542,480.0,0.04504,1080.0,0.04644,320.0,0.04679,1110.0
1753592169662,04:56:09.662,bitmex,ACT/USDT:USDT,0.04542,480.0,0.04504,1080.0,0.04644,320.0,0.04679,1110.0
1753592170761,04:56:10.761,bitmex,ACT/USDT:USDT,0.04542,480.0,0.04504,1080.0,0.04644,320.0,0.04679,1110.0
1753592170818,04:56:10.818,bitmex,ACT/USDT:USDT,0.04542,480.0,0.04504,1080.0,0.04644,320.0,0.04679,1110.0
1753592172089,04:56:12.089,bitmex,ACT/USDT:USDT,0.04542,480.0,0.04504,1080.0,0.04644,320.0,0.04679,1110.0
1753592172138,04:56:12.138,bitmex,ACT/USDT:USDT,0.04542,480.0,0.04504,1080.0,0.04644,320.0,0.04679,1110.0
1753592173311,04:56:13.311,bitmex,ACT/USDT:USDT,0.04542,480.0,0.04504,1080.0,0.04644,320.0,0.04679,1110.0
1753592173361,04:56:13.361,bitmex,ACT/USDT:USDT,0.04542,480.0,0.04504,1080.0,0.04644,320.0,0.04679,1110.0
1753592174318,04:56:14.318,bitmex,ACT/USDT:USDT,0.04542,480.0,0.04504,1080.0,0.04644,320.0,0.04681,480.0
1753592174367,04:56:14.367,bitmex,ACT/USDT:USDT,0.04542,480.0,0.04504,1080.0,0.04644,320.0,0.04681,480.0
1753592174560,04:56:14.560,bitmex,ACT/USDT:USDT,0.04542,480.0,0.04504,1080.0,0.04644,320.0,0.04682,510.0
1753592174609,04:56:14.609,bitmex,ACT/USDT:USDT,0.04543,470.0,0.04504,1080.0,0.04644,320.0,0.04682,510.0
1753592174658,04:56:14.658,bitmex,ACT/USDT:USDT,0.04543,470.0,0.04507,1110.0,0.04644,320.0,0.04681,1110.0
1753592175899,04:56:15.899,bitmex,ACT/USDT:USDT,0.04543,470.0,0.04507,1110.0,0.04644,320.0,0.04681,1110.0
1753592175949,04:56:15.949,bitmex,ACT/USDT:USDT,0.04543,470.0,0.04507,1110.0,0.04644,320.0,0.04681,1110.0
1753592176719,04:56:16.719,bitmex,ACT/USDT:USDT,0.04543,470.0,0.04507,1110.0,0.04644,320.0,0.04681,1110.0
1753592176769,04:56:16.769,bitmex,ACT/USDT:USDT,0.04543,470.0,0.04507,1110.0,0.04644,320.0,0.04681,1110.0
1753592177143,04:56:17.143,bitmex,ACT/USDT:USDT,0.04543,470.0,0.04507,1110.0,0.04644,320.0,0.04681,1110.0
1753592177193,04:56:17.193,bitmex,ACT/USDT:USDT,0.04543,470.0,0.04507,1110.0,0.04644,320.0,0.04681,1110.0
1753592178358,04:56:18.358,bitmex,ACT/USDT:USDT,0.04543,470.0,0.04507,1110.0,0.04644,320.0,0.04681,1110.0
1753592178407,04:56:18.407,bitmex,ACT/USDT:USDT,0.04543,470.0,0.04507,1110.0,0.04644,320.0,0.04681,1110.0
1753592179616,04:56:19.616,bitmex,ACT/USDT:USDT,0.04543,470.0,0.04507,1110.0,0.04644,320.0,0.04681,1110.0
1753592179666,04:56:19.666,bitmex,ACT/USDT:USDT,0.04543,470.0,0.04507,1110.0,0.04644,320.0,0.04681,1110.0
1753592180948,04:56:20.948,bitmex,ACT/USDT:USDT,0.04543,470.0,0.04507,1110.0,0.04644,320.0,0.04681,1110.0
1753592180997,04:56:20.997,bitmex,ACT/USDT:USDT,0.04543,470.0,0.04507,1110.0,0.04644,320.0,0.04681,1110.0
1753592182207,04:56:22.207,bitmex,ACT/USDT:USDT,0.04543,470.0,0.04507,1110.0,0.04644,320.0,0.04681,1110.0
1753592182257,04:56:22.257,bitmex,ACT/USDT:USDT,0.04543,470.0,0.04507,1110.0,0.04644,320.0,0.04681,1110.0
1753592183424,04:56:23.424,bitmex,ACT/USDT:USDT,0.04543,470.0,0.04507,1110.0,0.04644,320.0,0.04681,1110.0
1753592183498,04:56:23.498,bitmex,ACT/USDT:USDT,0.04543,470.0,0.04507,1110.0,0.04644,320.0,0.04681,1110.0
1753592184858,04:56:24.858,bitmex,ACT/USDT:USDT,0.04543,470.0,0.04507,1110.0,0.04644,320.0,0.04681,1110.0
1753592184908,04:56:24.908,bitmex,ACT/USDT:USDT,0.04543,470.0,0.04507,1110.0,0.04644,320.0,0.04681,1110.0
1753592185990,04:56:25.990,bitmex,ACT/USDT:USDT,0.04543,470.0,0.04507,1110.0,0.04644,320.0,0.04681,1110.0
1753592186039,04:56:26.039,bitmex,ACT/USDT:USDT,0.04543,470.0,0.04507,1110.0,0.04644,320.0,0.04681,1110.0
1753592187636,04:56:27.636,bitmex,ACT/USDT:USDT,0.04543,470.0,0.04507,1110.0,0.04644,320.0,0.04681,1110.0
1753592187685,04:56:27.685,bitmex,ACT/USDT:USDT,0.04543,470.0,0.04507,1110.0,0.04644,320.0,0.04681,1110.0
1753592188640,04:56:28.640,bitmex,ACT/USDT:USDT,0.04543,470.0,0.04507,1110.0,0.04644,320.0,0.04681,1110.0
1753592188698,04:56:28.698,bitmex,ACT/USDT:USDT,0.04543,470.0,0.04507,1110.0,0.04644,320.0,0.04681,1110.0
1753592190078,04:56:30.078,bitmex,ACT/USDT:USDT,0.04543,470.0,0.04507,1110.0,0.04644,320.0,0.04681,1110.0
1753592190127,04:56:30.127,bitmex,ACT/USDT:USDT,0.04543,470.0,0.04507,1110.0,0.04644,320.0,0.04681,1110.0
1753592191611,04:56:31.611,bitmex,ACT/USDT:USDT,0.04543,470.0,0.04507,1110.0,0.04644,320.0,0.04681,1110.0
1753592192274,04:56:32.274,bitmex,ACT/USDT:USDT,0.04543,470.0,0.04507,1110.0,0.04644,320.0,0.04681,1110.0
1753592198661,04:56:38.661,bitmex,ACT/USDT:USDT,0.04543,470.0,0.04507,1110.0,0.04644,320.0,0.04681,1110.0
1753592198710,04:56:38.710,bitmex,ACT/USDT:USDT,0.04543,470.0,0.04507,1110.0,0.04644,320.0,0.04681,1110.0
1753592199415,04:56:39.415,bitmex,ACT/USDT:USDT,0.04543,470.0,0.04507,1110.0,0.04644,320.0,0.04682,510.0
1753592199464,04:56:39.464,bitmex,ACT/USDT:USDT,0.04543,470.0,0.04507,1110.0,0.04644,320.0,0.04682,510.0
1753592199926,04:56:39.926,bitmex,ACT/USDT:USDT,0.04543,470.0,0.04507,1110.0,0.04644,320.0,0.04682,510.0
1753592199975,04:56:39.975,bitmex,ACT/USDT:USDT,0.04543,470.0,0.04507,1110.0,0.04644,320.0,0.04682,1620.0
1753592200024,04:56:40.024,bitmex,ACT/USDT:USDT,0.04545,500.0,0.04507,1110.0,0.04644,320.0,0.04682,1620.0
1753592200191,04:56:40.191,bitmex,ACT/USDT:USDT,0.04545,500.0,0.04507,1110.0,0.04644,320.0,0.04682,1110.0
1753592200241,04:56:40.241,bitmex,ACT/USDT:USDT,0.04545,500.0,0.04507,1110.0,0.04644,320.0,0.04682,1110.0
1753592201268,04:56:41.268,bitmex,ACT/USDT:USDT,0.04545,500.0,0.04507,1110.0,0.04644,320.0,0.04682,1110.0
1753592201318,04:56:41.318,bitmex,ACT/USDT:USDT,0.04545,500.0,0.04507,1110.0,0.04644,320.0,0.04682,1110.0
1753592202469,04:56:42.469,bitmex,ACT/USDT:USDT,0.04545,500.0,0.04507,1110.0,0.04644,320.0,0.04682,1110.0
1753592202518,04:56:42.518,bitmex,ACT/USDT:USDT,0.04545,500.0,0.04507,1110.0,0.04644,320.0,0.04682,1110.0
1753592203800,04:56:43.800,bitmex,ACT/USDT:USDT,0.04545,500.0,0.04507,1110.0,0.04644,320.0,0.04682,1110.0
1753592203849,04:56:43.849,bitmex,ACT/USDT:USDT,0.04545,500.0,0.04507,1110.0,0.04644,320.0,0.04682,1110.0
1753592205190,04:56:45.190,bitmex,ACT/USDT:USDT,0.04545,500.0,0.04507,1110.0,0.04644,320.0,0.04682,1110.0
1753592205239,04:56:45.239,bitmex,ACT/USDT:USDT,0.04545,500.0,0.04507,1110.0,0.04644,320.0,0.04682,1110.0
1753592205856,04:56:45.856,bitmex,ACT/USDT:USDT,0.04545,500.0,0.04507,1110.0,0.04644,320.0,0.04682,1110.0
1753592205910,04:56:45.910,bitmex,ACT/USDT:USDT,0.04545,500.0,0.04507,1110.0,0.04644,320.0,0.04684,520.0
1753592206282,04:56:46.282,bitmex,ACT/USDT:USDT,0.04547,510.0,0.04507,1110.0,0.04644,320.0,0.04684,520.0
1753592206331,04:56:46.331,bitmex,ACT/USDT:USDT,0.04547,510.0,0.04507,1110.0,0.04644,320.0,0.04686,470.0
1753592206380,04:56:46.380,bitmex,ACT/USDT:USDT,0.04547,510.0,0.04507,1110.0,0.04644,320.0,0.04686,470.0
1753592206694,04:56:46.694,bitmex,ACT/USDT:USDT,0.04547,510.0,0.04507,1110.0,0.04644,320.0,0.04685,1110.0
1753592206743,04:56:46.743,bitmex,ACT/USDT:USDT,0.04547,510.0,0.04507,1110.0,0.04644,320.0,0.04685,1110.0
1753592207847,04:56:47.847,bitmex,ACT/USDT:USDT,0.04547,510.0,0.04507,1110.0,0.04644,320.0,0.04685,1110.0
1753592207896,04:56:47.896,bitmex,ACT/USDT:USDT,0.04547,510.0,0.04511,1190.0,0.04644,320.0,0.04685,1110.0
1753592208888,04:56:48.888,bitmex,ACT/USDT:USDT,0.04547,510.0,0.04511,1190.0,0.04644,320.0,0.04685,1110.0
1753592208991,04:56:48.991,bitmex,ACT/USDT:USDT,0.04547,510.0,0.04511,1190.0,0.04644,320.0,0.04685,1110.0
1753592209041,04:56:49.041,bitmex,ACT/USDT:USDT,0.04547,510.0,0.04511,1190.0,0.04644,320.0,0.04685,1110.0
1753592210281,04:56:50.281,bitmex,ACT/USDT:USDT,0.04547,510.0,0.04511,1190.0,0.04644,320.0,0.04685,1110.0
1753592210346,04:56:50.346,bitmex,ACT/USDT:USDT,0.04547,510.0,0.04511,1190.0,0.04644,320.0,0.04685,1110.0
1753592211537,04:56:51.537,bitmex,ACT/USDT:USDT,0.04547,510.0,0.04511,1190.0,0.04644,320.0,0.04685,1110.0
1753592211587,04:56:51.587,bitmex,ACT/USDT:USDT,0.04547,510.0,0.04511,1190.0,0.04644,320.0,0.04685,1110.0
1753592212946,04:56:52.946,bitmex,ACT/USDT:USDT,0.04547,510.0,0.04511,1190.0,0.04644,320.0,0.04685,1110.0
1753592212995,04:56:52.995,bitmex,ACT/USDT:USDT,0.04547,510.0,0.04511,1190.0,0.04644,320.0,0.04685,1110.0
1753592214199,04:56:54.199,bitmex,ACT/USDT:USDT,0.04547,510.0,0.04511,1190.0,0.04644,320.0,0.04685,1110.0
1753592214248,04:56:54.248,bitmex,ACT/USDT:USDT,0.04547,510.0,0.04511,1190.0,0.04644,320.0,0.04685,1110.0
1753592215201,04:56:55.201,bitmex,ACT/USDT:USDT,0.04547,510.0,0.04511,1190.0,0.04644,320.0,0.04685,1110.0
1753592215250,04:56:55.250,bitmex,ACT/USDT:USDT,0.04547,510.0,0.04511,1190.0,0.04644,320.0,0.04685,1110.0
1753592216472,04:56:56.472,bitmex,ACT/USDT:USDT,0.04547,520.0,0.04511,1190.0,0.04644,320.0,0.04685,1110.0
1753592216527,04:56:56.527,bitmex,ACT/USDT:USDT,0.04547,520.0,0.04511,1190.0,0.04644,320.0,0.04685,1630.0
1753592216576,04:56:56.576,bitmex,ACT/USDT:USDT,0.04547,520.0,0.04511,1190.0,0.04644,320.0,0.04685,1630.0
1753592217739,04:56:57.739,bitmex,ACT/USDT:USDT,0.04547,520.0,0.04511,1190.0,0.04644,320.0,0.04685,1630.0
1753592217788,04:56:57.788,bitmex,ACT/USDT:USDT,0.04547,520.0,0.04511,1190.0,0.04644,320.0,0.04685,1630.0
1753592218938,04:56:58.938,bitmex,ACT/USDT:USDT,0.04547,520.0,0.04511,1190.0,0.04644,320.0,0.04685,1630.0
1753592218987,04:56:58.987,bitmex,ACT/USDT:USDT,0.04547,520.0,0.04511,1190.0,0.04644,320.0,0.04685,1630.0
1753592220359,04:57:00.359,bitmex,ACT/USDT:USDT,0.04547,520.0,0.04511,1190.0,0.04644,320.0,0.04685,1630.0
1753592220409,04:57:00.409,bitmex,ACT/USDT:USDT,0.04547,520.0,0.04511,1190.0,0.04644,320.0,0.04685,1630.0
1753592221594,04:57:01.594,bitmex,ACT/USDT:USDT,0.04546,500.0,0.04511,1190.0,0.04644,320.0,0.04685,1630.0
1753592221643,04:57:01.643,bitmex,ACT/USDT:USDT,0.04546,500.0,0.04511,1190.0,0.04644,320.0,0.04685,1600.0
1753592222874,04:57:02.874,bitmex,ACT/USDT:USDT,0.04545,500.0,0.04511,1190.0,0.04644,320.0,0.04685,1600.0
1753592222923,04:57:02.923,bitmex,ACT/USDT:USDT,0.04545,500.0,0.04511,1190.0,0.04644,320.0,0.04684,490.0
1753592222973,04:57:02.973,bitmex,ACT/USDT:USDT,0.04545,500.0,0.04511,1190.0,0.04644,320.0,0.04683,1110.0
1753592223031,04:57:03.031,bitmex,ACT/USDT:USDT,0.04545,500.0,0.04511,1190.0,0.04644,320.0,0.04683,1110.0
1753592224235,04:57:04.235,bitmex,ACT/USDT:USDT,0.04542,470.0,0.04511,1190.0,0.04644,320.0,0.04683,1110.0
1753592224285,04:57:04.285,bitmex,ACT/USDT:USDT,0.04542,470.0,0.04511,1190.0,0.04644,320.0,0.04681,520.0
1753592224334,04:57:04.334,bitmex,ACT/USDT:USDT,0.04542,470.0,0.04506,1120.0,0.04644,320.0,0.04681,520.0
1753592224533,04:57:04.533,bitmex,ACT/USDT:USDT,0.04542,470.0,0.04506,1120.0,0.04644,320.0,0.04681,520.0
1753592224582,04:57:04.582,bitmex,ACT/USDT:USDT,0.04542,470.0,0.04506,1120.0,0.04644,320.0,0.04681,1630.0
1753592225554,04:57:05.554,bitmex,ACT/USDT:USDT,0.04542,470.0,0.04506,1120.0,0.04644,320.0,0.04681,1630.0
1753592225603,04:57:05.603,bitmex,ACT/USDT:USDT,0.04542,470.0,0.04506,1120.0,0.04644,320.0,0.04681,1630.0
1753592226666,04:57:06.666,bitmex,ACT/USDT:USDT,0.04542,470.0,0.04506,1120.0,0.04644,320.0,0.04681,1630.0
1753592227817,04:57:07.817,bitmex,ACT/USDT:USDT,0.04542,470.0,0.04506,1120.0,0.04644,320.0,0.04681,1630.0
1753592227867,04:57:07.867,bitmex,ACT/USDT:USDT,0.04542,470.0,0.04506,1120.0,0.04644,320.0,0.04681,1630.0
1753592229304,04:57:09.304,bitmex,ACT/USDT:USDT,0.04542,470.0,0.04506,1120.0,0.04644,320.0,0.04681,1630.0
1753592229353,04:57:09.353,bitmex,ACT/USDT:USDT,0.04542,470.0,0.04506,1120.0,0.04644,320.0,0.04681,1630.0
1753592230419,04:57:10.419,bitmex,ACT/USDT:USDT,0.04542,470.0,0.04506,1120.0,0.04644,320.0,0.04681,1630.0
1753592230497,04:57:10.497,bitmex,ACT/USDT:USDT,0.04542,470.0,0.04506,1120.0,0.04644,320.0,0.04681,1630.0
1753592231701,04:57:11.701,bitmex,ACT/USDT:USDT,0.04542,470.0,0.04506,1120.0,0.04644,320.0,0.04681,1630.0
1753592231751,04:57:11.751,bitmex,ACT/USDT:USDT,0.04542,470.0,0.04506,1120.0,0.04644,320.0,0.04681,1630.0
1753592233129,04:57:13.129,bitmex,ACT/USDT:USDT,0.04542,470.0,0.04506,1120.0,0.04644,320.0,0.04681,1630.0
1753592233217,04:57:13.217,bitmex,ACT/USDT:USDT,0.04542,470.0,0.04506,1120.0,0.04644,320.0,0.04681,1630.0
1753592234469,04:57:14.469,bitmex,ACT/USDT:USDT,0.04542,470.0,0.04506,1120.0,0.04644,320.0,0.04681,1630.0
1753592234519,04:57:14.519,bitmex,ACT/USDT:USDT,0.04542,470.0,0.04506,1120.0,0.04644,320.0,0.04681,1630.0
1753592235837,04:57:15.837,bitmex,ACT/USDT:USDT,0.04542,470.0,0.04506,1120.0,0.04644,320.0,0.04681,1630.0
1753592235886,04:57:15.886,bitmex,ACT/USDT:USDT,0.04542,470.0,0.04506,1120.0,0.04644,320.0,0.04681,1630.0
1753592237093,04:57:17.093,bitmex,ACT/USDT:USDT,0.04542,470.0,0.04506,1120.0,0.04644,320.0,0.04681,1630.0
1753592237142,04:57:17.142,bitmex,ACT/USDT:USDT,0.04542,470.0,0.04506,1120.0,0.04644,320.0,0.04681,1630.0
1753592238091,04:57:18.091,bitmex,ACT/USDT:USDT,0.04542,470.0,0.04506,1120.0,0.04644,320.0,0.04681,1630.0
1753592238177,04:57:18.177,bitmex,ACT/USDT:USDT,0.04542,470.0,0.04506,1120.0,0.04644,320.0,0.04681,1630.0
1753592239361,04:57:19.361,bitmex,ACT/USDT:USDT,0.04542,470.0,0.04506,1120.0,0.04644,320.0,0.04681,1630.0
1753592239420,04:57:19.420,bitmex,ACT/USDT:USDT,0.04542,470.0,0.04506,1120.0,0.04644,320.0,0.04681,1630.0
1753592241881,04:57:21.881,bitmex,ACT/USDT:USDT,0.04542,470.0,0.04506,1120.0,0.04644,320.0,0.04681,1110.0
1753592241930,04:57:21.930,bitmex,ACT/USDT:USDT,0.02057,790.0,0.02056,62490.0,0.04644,320.0,0.04681,1110.0
1753592243111,04:57:23.111,bitmex,ACT/USDT:USDT,0.04542,490.0,0.02057,790.0,0.04644,320.0,0.04681,1110.0
1753592243161,04:57:23.161,bitmex,ACT/USDT:USDT,0.04542,490.0,0.04469,1210.0,0.04644,320.0,0.04681,1600.0
1753592244318,04:57:24.318,bitmex,ACT/USDT:USDT,0.04542,490.0,0.0447,790.0,0.04644,320.0,0.04681,1600.0
1753592244498,04:57:24.498,bitmex,ACT/USDT:USDT,0.04542,490.0,0.0447,790.0,0.04644,320.0,0.04681,1600.0
1753592244547,04:57:24.547,bitmex,ACT/USDT:USDT,0.04542,490.0,0.0447,790.0,0.04644,320.0,0.04681,1600.0
1753592245701,04:57:25.701,bitmex,ACT/USDT:USDT,0.04542,490.0,0.0447,790.0,0.04644,320.0,0.04681,1600.0
1753592245751,04:57:25.751,bitmex,ACT/USDT:USDT,0.04542,490.0,0.0447,790.0,0.04644,320.0,0.04681,1600.0
1753592246957,04:57:26.957,bitmex,ACT/USDT:USDT,0.0447,790.0,0.02056,62490.0,0.04644,320.0,0.04681,1600.0
1753592247006,04:57:27.006,bitmex,ACT/USDT:USDT,0.02057,790.0,0.02056,62490.0,0.04644,320.0,0.04681,1110.0
1753592248220,04:57:28.220,bitmex,ACT/USDT:USDT,0.02057,790.0,0.02056,62490.0,0.04644,320.0,0.04681,1590.0
1753592248270,04:57:28.270,bitmex,ACT/USDT:USDT,0.04542,500.0,0.04358,1380.0,0.04644,320.0,0.04681,1590.0
1753592249251,04:57:29.251,bitmex,ACT/USDT:USDT,0.04542,500.0,0.04359,790.0,0.04644,320.0,0.04681,1590.0
1753592249497,04:57:29.497,bitmex,ACT/USDT:USDT,0.04542,500.0,0.04359,790.0,0.04644,320.0,0.04681,1590.0
1753592249546,04:57:29.546,bitmex,ACT/USDT:USDT,0.04542,500.0,0.04359,790.0,0.04644,320.0,0.04681,1590.0
1753592250827,04:57:30.827,bitmex,ACT/USDT:USDT,0.04542,500.0,0.04359,790.0,0.04644,320.0,0.04681,1590.0
1753592250877,04:57:30.877,bitmex,ACT/USDT:USDT,0.04542,500.0,0.04359,790.0,0.04644,320.0,0.04681,1590.0
1753592252039,04:57:32.039,bitmex,ACT/USDT:USDT,0.04542,500.0,0.04359,790.0,0.04644,320.0,0.04681,1590.0
1753592252089,04:57:32.089,bitmex,ACT/USDT:USDT,0.04542,500.0,0.04359,790.0,0.04644,320.0,0.04681,1590.0
1753592253289,04:57:33.289,bitmex,ACT/USDT:USDT,0.04359,790.0,0.02056,62490.0,0.04644,320.0,0.04681,1590.0
1753592253338,04:57:33.338,bitmex,ACT/USDT:USDT,0.02057,790.0,0.02056,62490.0,0.04644,320.0,0.04681,1110.0
1753592254385,04:57:34.385,bitmex,ACT/USDT:USDT,0.02056,62490.0,9e-05,70000.0,0.04644,320.0,0.04681,1110.0
1753592255097,04:57:35.097,bitmex,ACT/USDT:USDT,0.0421,1440.0,0.02056,62490.0,0.04644,320.0,0.04681,1110.0
1753592255147,04:57:35.147,bitmex,ACT/USDT:USDT,0.04542,480.0,0.0421,1440.0,0.04644,320.0,0.04681,1610.0
1753592255196,04:57:35.196,bitmex,ACT/USDT:USDT,0.04542,480.0,0.0421,1440.0,0.04644,320.0,0.04681,1610.0
1753592255990,04:57:35.990,bitmex,ACT/USDT:USDT,0.04542,480.0,0.0421,1440.0,0.04644,320.0,0.04681,1610.0
1753592256040,04:57:36.040,bitmex,ACT/USDT:USDT,0.04542,480.0,0.0421,1440.0,0.04644,320.0,0.04681,1610.0
1753592256977,04:57:36.977,bitmex,ACT/USDT:USDT,0.04542,480.0,0.04211,790.0,0.04644,320.0,0.04681,1610.0
1753592257242,04:57:37.242,bitmex,ACT/USDT:USDT,0.04542,480.0,0.04211,790.0,0.04644,320.0,0.04681,1610.0
1753592257291,04:57:37.291,bitmex,ACT/USDT:USDT,0.04542,480.0,0.04211,790.0,0.04644,320.0,0.04681,1610.0
1753592258534,04:57:38.534,bitmex,ACT/USDT:USDT,0.04542,480.0,0.04211,790.0,0.04644,320.0,0.04681,1610.0
1753592258583,04:57:38.583,bitmex,ACT/USDT:USDT,0.04542,480.0,0.04211,790.0,0.04644,320.0,0.04681,1610.0
1753592259833,04:57:39.833,bitmex,ACT/USDT:USDT,0.04542,480.0,0.04211,790.0,0.04644,320.0,0.04681,1610.0
1753592259898,04:57:39.898,bitmex,ACT/USDT:USDT,0.04542,480.0,0.04211,790.0,0.04644,320.0,0.04681,1610.0
1753592260163,04:57:40.163,bitmex,ACT/USDT:USDT,0.04542,480.0,0.04211,790.0,0.04644,320.0,0.04681,1610.0
1753592260212,04:57:40.212,bitmex,ACT/USDT:USDT,0.04542,480.0,0.04211,790.0,0.04644,320.0,0.04681,500.0
1753592261099,04:57:41.099,bitmex,ACT/USDT:USDT,0.04542,480.0,0.04211,790.0,0.04644,320.0,0.04682,510.0
1753592261148,04:57:41.148,bitmex,ACT/USDT:USDT,0.04543,480.0,0.04507,1160.0,0.04644,320.0,0.04682,510.0
1753592261275,04:57:41.275,bitmex,ACT/USDT:USDT,0.04543,480.0,0.04507,1160.0,0.04644,320.0,0.04682,510.0
1753592261325,04:57:41.325,bitmex,ACT/USDT:USDT,0.04543,480.0,0.04507,1160.0,0.04644,320.0,0.04681,1110.0
1753592262356,04:57:42.356,bitmex,ACT/USDT:USDT,0.04543,480.0,0.04507,1160.0,0.04644,320.0,0.04681,1110.0
1753592262406,04:57:42.406,bitmex,ACT/USDT:USDT,0.04543,480.0,0.04507,1160.0,0.04644,320.0,0.04681,1110.0
1753592262473,04:57:42.473,bitmex,ACT/USDT:USDT,0.04543,480.0,0.04507,1160.0,0.04644,320.0,0.04681,1110.0
1753592262523,04:57:42.523,bitmex,ACT/USDT:USDT,0.04543,480.0,0.04507,1160.0,0.04644,320.0,0.04681,1110.0
1753592263786,04:57:43.786,bitmex,ACT/USDT:USDT,0.04543,480.0,0.04507,1160.0,0.04644,320.0,0.04681,1110.0
1753592263835,04:57:43.835,bitmex,ACT/USDT:USDT,0.04543,480.0,0.04507,1160.0,0.04644,320.0,0.04681,1110.0
1753592264908,04:57:44.908,bitmex,ACT/USDT:USDT,0.04543,480.0,0.04507,1160.0,0.04644,320.0,0.04681,1110.0
1753592264958,04:57:44.958,bitmex,ACT/USDT:USDT,0.04543,480.0,0.04507,1160.0,0.04644,320.0,0.04681,1110.0
1753592267167,04:57:47.167,bitmex,ACT/USDT:USDT,0.04543,480.0,0.04507,1160.0,0.04644,320.0,0.04681,1110.0
1753592267216,04:57:47.216,bitmex,ACT/USDT:USDT,0.04543,480.0,0.04507,1160.0,0.04644,320.0,0.04681,1110.0
1753592267971,04:57:47.971,bitmex,ACT/USDT:USDT,0.04543,480.0,0.04507,1160.0,0.04644,320.0,0.04681,1110.0
1753592268021,04:57:48.021,bitmex,ACT/USDT:USDT,0.04543,480.0,0.04507,1160.0,0.04644,320.0,0.04681,1110.0
1753592269299,04:57:49.299,bitmex,ACT/USDT:USDT,0.04543,480.0,0.04507,1160.0,0.04644,320.0,0.04681,1110.0
1753592269348,04:57:49.348,bitmex,ACT/USDT:USDT,0.04543,480.0,0.04507,1160.0,0.04644,320.0,0.04681,1110.0
1753592270533,04:57:50.533,bitmex,ACT/USDT:USDT,0.04543,480.0,0.04507,1160.0,0.04644,320.0,0.04681,1110.0
1753592270587,04:57:50.587,bitmex,ACT/USDT:USDT,0.04543,480.0,0.04507,1160.0,0.04644,320.0,0.04681,1110.0
1753592271778,04:57:51.778,bitmex,ACT/USDT:USDT,0.04543,480.0,0.04507,1160.0,0.04644,320.0,0.04681,1110.0
1753592271856,04:57:51.856,bitmex,ACT/USDT:USDT,0.04543,480.0,0.04507,1160.0,0.04644,320.0,0.04681,1110.0
1753592273104,04:57:53.104,bitmex,ACT/USDT:USDT,0.04543,480.0,0.04507,1160.0,0.04644,320.0,0.04681,1110.0
1753592273153,04:57:53.153,bitmex,ACT/USDT:USDT,0.04543,480.0,0.04507,1160.0,0.04644,320.0,0.04681,1110.0
1753592274390,04:57:54.390,bitmex,ACT/USDT:USDT,0.04543,480.0,0.04507,1160.0,0.04644,320.0,0.04681,1110.0
1753592274440,04:57:54.440,bitmex,ACT/USDT:USDT,0.04543,480.0,0.04507,1160.0,0.04644,320.0,0.04681,1110.0
1753592275594,04:57:55.594,bitmex,ACT/USDT:USDT,0.04543,480.0,0.04507,1160.0,0.04644,320.0,0.04681,1110.0
1753592275644,04:57:55.644,bitmex,ACT/USDT:USDT,0.04543,480.0,0.04507,1160.0,0.04644,320.0,0.04681,1110.0
1753592276818,04:57:56.818,bitmex,ACT/USDT:USDT,0.04543,480.0,0.04507,1160.0,0.04644,320.0,0.04681,1110.0
1753592276867,04:57:56.867,bitmex,ACT/USDT:USDT,0.04543,480.0,0.04507,1160.0,0.04644,320.0,0.04681,1110.0
1753592278130,04:57:58.130,bitmex,ACT/USDT:USDT,0.04543,480.0,0.04507,1160.0,0.04644,320.0,0.04681,1110.0
1753592278180,04:57:58.180,bitmex,ACT/USDT:USDT,0.04543,480.0,0.04507,2240.0,0.04644,320.0,0.04681,1110.0
1753592279419,04:57:59.419,bitmex,ACT/USDT:USDT,0.04543,480.0,0.04507,2240.0,0.04644,320.0,0.04681,1110.0
1753592279469,04:57:59.469,bitmex,ACT/USDT:USDT,0.04543,480.0,0.04507,2240.0,0.04644,320.0,0.04681,1110.0
1753592280668,04:58:00.668,bitmex,ACT/USDT:USDT,0.04543,480.0,0.04507,2240.0,0.04644,320.0,0.04681,1110.0
1753592280717,04:58:00.717,bitmex,ACT/USDT:USDT,0.04543,480.0,0.04507,2240.0,0.04644,320.0,0.04681,1110.0
1753592281370,04:58:01.370,bitmex,ACT/USDT:USDT,0.04543,480.0,0.04507,2240.0,0.04644,320.0,0.04681,1110.0
1753592281420,04:58:01.420,bitmex,ACT/USDT:USDT,0.04543,480.0,0.04507,2240.0,0.04644,320.0,0.04681,1110.0
1753592281880,04:58:01.880,bitmex,ACT/USDT:USDT,0.04541,510.0,0.04507,2240.0,0.04644,320.0,0.04681,1110.0
1753592281930,04:58:01.930,bitmex,ACT/USDT:USDT,0.04541,510.0,0.04507,2240.0,0.04644,320.0,0.0468,490.0
1753592281979,04:58:01.979,bitmex,ACT/USDT:USDT,0.04541,510.0,0.04507,2240.0,0.04644,320.0,0.0468,490.0
1753592282120,04:58:02.120,bitmex,ACT/USDT:USDT,0.04541,510.0,0.04507,2240.0,0.04644,320.0,0.04679,1110.0
1753592282169,04:58:02.169,bitmex,ACT/USDT:USDT,0.04541,510.0,0.04507,2240.0,0.04644,320.0,0.04679,1110.0
1753592283268,04:58:03.268,bitmex,ACT/USDT:USDT,0.04541,510.0,0.04507,2240.0,0.04644,320.0,0.04679,1110.0
1753592283317,04:58:03.317,bitmex,ACT/USDT:USDT,0.04541,510.0,0.04507,2240.0,0.04644,320.0,0.04679,1110.0
1753592284231,04:58:04.231,bitmex,ACT/USDT:USDT,0.04541,510.0,0.04507,2240.0,0.04644,320.0,0.04679,1110.0
1753592284281,04:58:04.281,bitmex,ACT/USDT:USDT,0.04541,510.0,0.04507,2240.0,0.04644,320.0,0.0468,490.0
1753592284531,04:58:04.531,bitmex,ACT/USDT:USDT,0.04541,510.0,0.04507,2240.0,0.04644,320.0,0.0468,490.0
1753592284580,04:58:04.580,bitmex,ACT/USDT:USDT,0.04541,510.0,0.04507,1080.0,0.04644,320.0,0.0468,490.0
1753592285141,04:58:05.141,bitmex,ACT/USDT:USDT,0.04541,510.0,0.04507,1080.0,0.04644,320.0,0.0468,490.0
1753592285190,04:58:05.190,bitmex,ACT/USDT:USDT,0.04541,510.0,0.04507,1080.0,0.04644,320.0,0.04679,1110.0
1753592285767,04:58:05.767,bitmex,ACT/USDT:USDT,0.04541,510.0,0.04507,1080.0,0.04644,320.0,0.04679,1110.0
1753592285817,04:58:05.817,bitmex,ACT/USDT:USDT,0.04541,510.0,0.04507,1080.0,0.04644,320.0,0.04679,1110.0
1753592287184,04:58:07.184,bitmex,ACT/USDT:USDT,0.04541,510.0,0.04507,1080.0,0.04644,320.0,0.04679,1110.0
1753592287234,04:58:07.234,bitmex,ACT/USDT:USDT,0.04541,510.0,0.04507,1080.0,0.04644,320.0,0.04679,1110.0
1753592288372,04:58:08.372,bitmex,ACT/USDT:USDT,0.04541,510.0,0.04507,1080.0,0.04644,320.0,0.04679,1110.0
1753592288421,04:58:08.421,bitmex,ACT/USDT:USDT,0.04541,510.0,0.04507,1080.0,0.04644,320.0,0.04679,1110.0
1753592289768,04:58:09.768,bitmex,ACT/USDT:USDT,0.04542,470.0,0.04507,1080.0,0.04644,320.0,0.04679,1110.0
1753592289817,04:58:09.817,bitmex,ACT/USDT:USDT,0.04542,470.0,0.04507,1080.0,0.04644,320.0,0.04679,1110.0
1753592289915,04:58:09.915,bitmex,ACT/USDT:USDT,0.04542,470.0,0.04507,1080.0,0.04644,320.0,0.04679,1110.0
1753592290770,04:58:10.770,bitmex,ACT/USDT:USDT,0.04542,470.0,0.04507,1080.0,0.04644,320.0,0.04679,1110.0
1753592290819,04:58:10.819,bitmex,ACT/USDT:USDT,0.04542,470.0,0.04507,1080.0,0.04644,320.0,0.04679,1110.0
1753592294561,04:58:14.561,bitmex,ACT/USDT:USDT,0.04542,470.0,0.04507,1080.0,0.04644,320.0,0.04679,1110.0
1753592294610,04:58:14.610,bitmex,ACT/USDT:USDT,0.04542,470.0,0.04507,1080.0,0.04644,320.0,0.04679,1110.0
1753592295422,04:58:15.422,bitmex,ACT/USDT:USDT,0.04542,470.0,0.04507,1080.0,0.04644,320.0,0.04679,1110.0
1753592295479,04:58:15.479,bitmex,ACT/USDT:USDT,0.04542,470.0,0.04507,1080.0,0.04644,320.0,0.04679,1110.0
1753592296797,04:58:16.797,bitmex,ACT/USDT:USDT,0.04542,470.0,0.04506,1100.0,0.04644,320.0,0.04679,1110.0
1753592296846,04:58:16.846,bitmex,ACT/USDT:USDT,0.04542,470.0,0.04506,1100.0,0.04644,320.0,0.04679,1110.0
1753592297938,04:58:17.938,bitmex,ACT/USDT:USDT,0.04542,470.0,0.04506,1100.0,0.04644,320.0,0.04679,1110.0
1753592297987,04:58:17.987,bitmex,ACT/USDT:USDT,0.04542,470.0,0.04506,1100.0,0.04644,320.0,0.04679,1110.0
1753592299327,04:58:19.327,bitmex,ACT/USDT:USDT,0.04542,470.0,0.04506,1100.0,0.04644,320.0,0.04679,1110.0
1753592299376,04:58:19.376,bitmex,ACT/USDT:USDT,0.04542,470.0,0.04506,1100.0,0.04644,320.0,0.04679,1110.0
1753592300488,04:58:20.488,bitmex,ACT/USDT:USDT,0.04542,470.0,0.04506,1100.0,0.04644,320.0,0.04679,1110.0
1753592300538,04:58:20.538,bitmex,ACT/USDT:USDT,0.04542,470.0,0.04506,1100.0,0.04644,320.0,0.04679,1110.0
1753592301799,04:58:21.799,bitmex,ACT/USDT:USDT,0.04542,470.0,0.04506,1100.0,0.04644,320.0,0.04679,1110.0
1753592301848,04:58:21.848,bitmex,ACT/USDT:USDT,0.04542,470.0,0.04506,1100.0,0.04644,320.0,0.04679,1110.0
1753592303200,04:58:23.200,bitmex,ACT/USDT:USDT,0.04542,470.0,0.04506,1100.0,0.04644,320.0,0.04679,1110.0
1753592303271,04:58:23.271,bitmex,ACT/USDT:USDT,0.04542,470.0,0.04506,1100.0,0.04644,320.0,0.04679,1110.0
1753592304420,04:58:24.420,bitmex,ACT/USDT:USDT,0.04542,470.0,0.04506,1100.0,0.04644,320.0,0.04679,1110.0
1753592304476,04:58:24.476,bitmex,ACT/USDT:USDT,0.04542,470.0,0.04506,1100.0,0.04644,320.0,0.04679,1110.0
1753592305701,04:58:25.701,bitmex,ACT/USDT:USDT,0.04542,470.0,0.04506,1100.0,0.04644,320.0,0.04679,1110.0
1753592305750,04:58:25.750,bitmex,ACT/USDT:USDT,0.04469,790.0,0.02056,62490.0,0.04644,320.0,0.04679,1110.0
1753592306294,04:58:26.294,bitmex,ACT/USDT:USDT,0.02056,62490.0,9e-05,70000.0,0.04644,320.0,0.04679,1110.0
1753592306343,04:58:26.343,bitmex,ACT/USDT:USDT,0.02057,790.0,0.02056,62490.0,0.04644,320.0,0.04679,1110.0
1753592306958,04:58:26.958,bitmex,ACT/USDT:USDT,0.02057,790.0,0.02056,62490.0,0.04644,320.0,0.04679,1110.0
1753592307008,04:58:27.008,bitmex,ACT/USDT:USDT,0.02056,62490.0,9e-05,70000.0,0.04644,320.0,0.04679,1110.0
1753592307057,04:58:27.057,bitmex,ACT/USDT:USDT,0.04542,480.0,0.02056,62490.0,0.04644,320.0,0.04679,1110.0
1753592307106,04:58:27.106,bitmex,ACT/USDT:USDT,0.04542,480.0,0.04247,1570.0,0.04644,320.0,0.04679,1110.0
1753592307177,04:58:27.177,bitmex,ACT/USDT:USDT,0.04542,480.0,0.04247,1570.0,0.04644,320.0,0.04679,1110.0
1753592308228,04:58:28.228,bitmex,ACT/USDT:USDT,0.04542,480.0,0.04248,790.0,0.04644,320.0,0.04679,1110.0
1753592308369,04:58:28.369,bitmex,ACT/USDT:USDT,0.04542,480.0,0.04248,790.0,0.04644,320.0,0.04679,1110.0
1753592308419,04:58:28.419,bitmex,ACT/USDT:USDT,0.04542,480.0,0.04248,790.0,0.04644,320.0,0.04679,1110.0
1753592309226,04:58:29.226,bitmex,ACT/USDT:USDT,0.04542,480.0,0.04248,790.0,0.04644,320.0,0.04681,490.0
1753592309275,04:58:29.275,bitmex,ACT/USDT:USDT,0.04542,480.0,0.04248,790.0,0.04644,320.0,0.04681,490.0
1753592309692,04:58:29.692,bitmex,ACT/USDT:USDT,0.04542,480.0,0.04248,790.0,0.04644,320.0,0.04681,490.0
1753592309741,04:58:29.741,bitmex,ACT/USDT:USDT,0.04542,480.0,0.04248,790.0,0.04644,320.0,0.04681,490.0
1753592309964,04:58:29.964,bitmex,ACT/USDT:USDT,0.04542,480.0,0.04248,790.0,0.04644,320.0,0.04681,490.0
1753592310014,04:58:30.014,bitmex,ACT/USDT:USDT,0.04542,480.0,0.04248,790.0,0.04644,320.0,0.0468,1110.0
1753592310696,04:58:30.696,bitmex,ACT/USDT:USDT,0.04542,480.0,0.04248,790.0,0.04644,320.0,0.0468,1110.0
1753592310746,04:58:30.746,bitmex,ACT/USDT:USDT,0.04542,480.0,0.04248,790.0,0.04644,320.0,0.0468,1110.0
1753592311960,04:58:31.960,bitmex,ACT/USDT:USDT,0.04542,480.0,0.04248,790.0,0.04644,320.0,0.0468,1110.0
1753592312010,04:58:32.010,bitmex,ACT/USDT:USDT,0.04542,480.0,0.04248,790.0,0.04644,320.0,0.0468,1110.0
1753592313162,04:58:33.162,bitmex,ACT/USDT:USDT,0.04542,480.0,0.04248,790.0,0.04644,320.0,0.0468,1110.0
1753592313211,04:58:33.211,bitmex,ACT/USDT:USDT,0.04542,480.0,0.04248,790.0,0.04644,320.0,0.0468,1110.0
1753592314468,04:58:34.468,bitmex,ACT/USDT:USDT,0.04542,480.0,0.04506,1110.0,0.04644,320.0,0.0468,1110.0
1753592314517,04:58:34.517,bitmex,ACT/USDT:USDT,0.04542,480.0,0.04506,1110.0,0.04644,320.0,0.0468,1110.0
1753592315798,04:58:35.798,bitmex,ACT/USDT:USDT,0.04542,480.0,0.04506,1110.0,0.04644,320.0,0.0468,1110.0
1753592315847,04:58:35.847,bitmex,ACT/USDT:USDT,0.04542,480.0,0.04506,1110.0,0.04644,320.0,0.0468,1110.0
1753592316990,04:58:36.990,bitmex,ACT/USDT:USDT,0.04542,480.0,0.04506,1110.0,0.04644,320.0,0.0468,1110.0
1753592317087,04:58:37.087,bitmex,ACT/USDT:USDT,0.04542,480.0,0.04506,1110.0,0.04644,320.0,0.0468,1110.0
1753592317220,04:58:37.220,bitmex,ACT/USDT:USDT,0.04542,480.0,0.04506,1110.0,0.04644,320.0,0.04681,490.0
1753592317270,04:58:37.270,bitmex,ACT/USDT:USDT,0.04542,480.0,0.04506,1110.0,0.04644,320.0,0.04681,490.0
1753592317715,04:58:37.715,bitmex,ACT/USDT:USDT,0.04542,480.0,0.04506,1110.0,0.04644,320.0,0.0468,1110.0
1753592317764,04:58:37.764,bitmex,ACT/USDT:USDT,0.04542,480.0,0.04506,1110.0,0.04644,320.0,0.0468,1110.0
1753592318258,04:58:38.258,bitmex,ACT/USDT:USDT,0.04542,480.0,0.04506,1110.0,0.04644,320.0,0.0468,1110.0
1753592318308,04:58:38.308,bitmex,ACT/USDT:USDT,0.04542,480.0,0.04506,1110.0,0.04644,320.0,0.0468,1110.0
1753592319578,04:58:39.578,bitmex,ACT/USDT:USDT,0.04542,480.0,0.04506,1110.0,0.04644,320.0,0.0468,1110.0
1753592319628,04:58:39.628,bitmex,ACT/USDT:USDT,0.04542,480.0,0.04506,1110.0,0.04644,320.0,0.0468,1110.0
1753592320284,04:58:40.284,bitmex,ACT/USDT:USDT,0.04542,480.0,0.04506,1110.0,0.04644,320.0,0.04681,490.0
1753592320333,04:58:40.333,bitmex,ACT/USDT:USDT,0.04542,480.0,0.04506,1110.0,0.04644,320.0,0.04681,490.0
1753592320724,04:58:40.724,bitmex,ACT/USDT:USDT,0.04542,480.0,0.04506,1110.0,0.04644,320.0,0.04681,490.0
1753592320774,04:58:40.774,bitmex,ACT/USDT:USDT,0.04542,480.0,0.04506,1110.0,0.04644,320.0,0.04681,1600.0
1753592320823,04:58:40.823,bitmex,ACT/USDT:USDT,0.04543,500.0,0.04506,1110.0,0.04644,320.0,0.04681,1600.0
1753592320872,04:58:40.872,bitmex,ACT/USDT:USDT,0.04543,500.0,0.04506,1110.0,0.04644,320.0,0.04681,1110.0
1753592322124,04:58:42.124,bitmex,ACT/USDT:USDT,0.04543,490.0,0.04506,1110.0,0.04644,320.0,0.04681,1110.0
1753592322173,04:58:42.173,bitmex,ACT/USDT:USDT,0.04543,490.0,0.04506,1110.0,0.04644,320.0,0.04681,1610.0
1753592322222,04:58:42.222,bitmex,ACT/USDT:USDT,0.04543,490.0,0.04506,1110.0,0.04644,320.0,0.04681,1610.0
1753592323348,04:58:43.348,bitmex,ACT/USDT:USDT,0.04543,490.0,0.04506,1110.0,0.04644,320.0,0.04681,1610.0
1753592323397,04:58:43.397,bitmex,ACT/USDT:USDT,0.04543,490.0,0.04506,1110.0,0.04644,320.0,0.04681,500.0
1753592323700,04:58:43.700,bitmex,ACT/USDT:USDT,0.04543,490.0,0.04506,1110.0,0.04644,320.0,0.04681,1610.0
1753592323750,04:58:43.750,bitmex,ACT/USDT:USDT,0.04543,490.0,0.04506,1110.0,0.04644,320.0,0.04681,1610.0
1753592324516,04:58:44.516,bitmex,ACT/USDT:USDT,0.04543,490.0,0.04506,1110.0,0.04644,320.0,0.04681,500.0
1753592324565,04:58:44.565,bitmex,ACT/USDT:USDT,0.04543,490.0,0.04506,1110.0,0.04644,320.0,0.04681,500.0
1753592324765,04:58:44.765,bitmex,ACT/USDT:USDT,0.04543,490.0,0.04506,1110.0,0.04644,320.0,0.04682,520.0
1753592324857,04:58:44.857,bitmex,ACT/USDT:USDT,0.04543,470.0,0.04506,1110.0,0.04644,320.0,0.04682,520.0
1753592324907,04:58:44.907,bitmex,ACT/USDT:USDT,0.04543,470.0,0.04506,1110.0,0.04644,320.0,0.04682,1630.0
1753592324956,04:58:44.956,bitmex,ACT/USDT:USDT,0.04543,470.0,0.04506,1110.0,0.04644,320.0,0.04682,1630.0
1753592325975,04:58:45.975,bitmex,ACT/USDT:USDT,0.04543,470.0,0.04506,1110.0,0.04644,320.0,0.04682,1110.0
1753592326024,04:58:46.024,bitmex,ACT/USDT:USDT,0.04543,470.0,0.04506,1110.0,0.04644,320.0,0.04682,1110.0
1753592326073,04:58:46.073,bitmex,ACT/USDT:USDT,0.04544,520.0,0.04506,1110.0,0.04644,320.0,0.04682,1110.0
1753592327428,04:58:47.428,bitmex,ACT/USDT:USDT,0.04544,520.0,0.04506,1110.0,0.04644,320.0,0.04682,1110.0
1753592328689,04:58:48.689,bitmex,ACT/USDT:USDT,0.04544,520.0,0.04506,1110.0,0.04644,320.0,0.04682,1110.0
1753592328738,04:58:48.738,bitmex,ACT/USDT:USDT,0.04544,520.0,0.04506,1110.0,0.04644,320.0,0.04682,1110.0
1753592329906,04:58:49.906,bitmex,ACT/USDT:USDT,0.04544,520.0,0.04506,1110.0,0.04644,320.0,0.04682,1110.0
1753592329956,04:58:49.956,bitmex,ACT/USDT:USDT,0.04544,520.0,0.04506,1110.0,0.04644,320.0,0.04682,1110.0
1753592332002,04:58:52.002,bitmex,ACT/USDT:USDT,0.04545,480.0,0.04506,1110.0,0.04644,320.0,0.04682,1110.0
1753592332117,04:58:52.117,bitmex,ACT/USDT:USDT,0.04545,480.0,0.04509,1180.0,0.04644,320.0,0.04682,1110.0
1753592332894,04:58:52.894,bitmex,ACT/USDT:USDT,0.04545,480.0,0.04509,1180.0,0.04644,320.0,0.04682,1110.0
1753592332943,04:58:52.943,bitmex,ACT/USDT:USDT,0.04545,480.0,0.04509,1180.0,0.04644,320.0,0.04682,1110.0
1753592333715,04:58:53.715,bitmex,ACT/USDT:USDT,0.04545,480.0,0.04509,1180.0,0.04644,320.0,0.04682,1110.0
1753592333764,04:58:53.764,bitmex,ACT/USDT:USDT,0.04545,480.0,0.04509,1180.0,0.04644,320.0,0.04682,1110.0
1753592334179,04:58:54.179,bitmex,ACT/USDT:USDT,0.04545,480.0,0.04509,1180.0,0.04644,320.0,0.04682,1110.0
1753592334228,04:58:54.228,bitmex,ACT/USDT:USDT,0.04545,480.0,0.04509,1180.0,0.04644,320.0,0.04682,1110.0
1753592335094,04:58:55.094,bitmex,ACT/USDT:USDT,0.04545,480.0,0.04509,1180.0,0.04644,320.0,0.04682,1110.0
1753592335143,04:58:55.143,bitmex,ACT/USDT:USDT,0.04545,480.0,0.04509,1180.0,0.04644,320.0,0.04682,1110.0
1753592335452,04:58:55.452,bitmex,ACT/USDT:USDT,0.04545,480.0,0.04509,1180.0,0.04644,320.0,0.04682,1110.0
1753592335501,04:58:55.501,bitmex,ACT/USDT:USDT,0.04545,480.0,0.04509,1180.0,0.04644,320.0,0.04682,1110.0
1753592336787,04:58:56.787,bitmex,ACT/USDT:USDT,0.04436,790.0,0.02056,62490.0,0.04644,320.0,0.04682,1110.0
1753592336837,04:58:56.837,bitmex,ACT/USDT:USDT,0.02057,790.0,0.02056,62490.0,0.04644,320.0,0.04682,1110.0
1753592336886,04:58:56.886,bitmex,ACT/USDT:USDT,0.02057,790.0,0.02056,62490.0,0.04644,320.0,0.04682,1110.0
1753592337118,04:58:57.118,bitmex,ACT/USDT:USDT,0.02056,62490.0,9e-05,70000.0,0.04644,320.0,0.04682,1110.0
1753592337168,04:58:57.168,bitmex,ACT/USDT:USDT,0.02056,62490.0,9e-05,70000.0,0.04644,320.0,0.06999,1110.0
1753592340609,04:59:00.609,bitmex,ACT/USDT:USDT,0.04545,500.0,0.02056,62490.0,0.04644,320.0,0.06999,1110.0
1753592340658,04:59:00.658,bitmex,ACT/USDT:USDT,0.04545,500.0,0.02056,62490.0,0.04644,320.0,0.04684,480.0
1753592340707,04:59:00.707,bitmex,ACT/USDT:USDT,0.04545,500.0,0.04361,1370.0,0.04644,320.0,0.04684,480.0
1753592340858,04:59:00.858,bitmex,ACT/USDT:USDT,0.04545,500.0,0.04361,1370.0,0.04644,320.0,0.04684,480.0
1753592340910,04:59:00.910,bitmex,ACT/USDT:USDT,0.04545,500.0,0.04361,1370.0,0.04644,320.0,0.04684,480.0
1753592340959,04:59:00.959,bitmex,ACT/USDT:USDT,0.04545,500.0,0.04362,790.0,0.04644,320.0,0.04684,480.0
1753592341845,04:59:01.845,bitmex,ACT/USDT:USDT,0.04545,500.0,0.04362,790.0,0.04644,320.0,0.04684,480.0
1753592341895,04:59:01.895,bitmex,ACT/USDT:USDT,0.04545,500.0,0.04362,790.0,0.04644,320.0,0.04684,480.0
1753592342126,04:59:02.126,bitmex,ACT/USDT:USDT,0.04545,500.0,0.04361,1370.0,0.04644,320.0,0.04684,480.0
1753592342176,04:59:02.176,bitmex,ACT/USDT:USDT,0.04545,500.0,0.04361,1370.0,0.04644,320.0,0.04684,480.0
1753592342998,04:59:02.998,bitmex,ACT/USDT:USDT,0.04545,500.0,0.04361,1370.0,0.04644,320.0,0.04684,480.0
1753592343107,04:59:03.107,bitmex,ACT/USDT:USDT,0.04545,500.0,0.04361,1370.0,0.04644,320.0,0.04684,480.0
1753592344392,04:59:04.392,bitmex,ACT/USDT:USDT,0.04545,500.0,0.04361,1370.0,0.04644,320.0,0.04684,480.0
1753592344441,04:59:04.441,bitmex,ACT/USDT:USDT,0.04545,500.0,0.04361,1370.0,0.04644,320.0,0.04684,480.0
1753592345595,04:59:05.595,bitmex,ACT/USDT:USDT,0.04545,500.0,0.04361,1370.0,0.04644,320.0,0.04684,480.0
1753592345645,04:59:05.645,bitmex,ACT/USDT:USDT,0.04545,500.0,0.04361,1370.0,0.04644,320.0,0.04684,480.0
1753592346862,04:59:06.862,bitmex,ACT/USDT:USDT,0.04545,500.0,0.04361,1370.0,0.04644,320.0,0.04684,480.0
1753592346925,04:59:06.925,bitmex,ACT/USDT:USDT,0.04545,500.0,0.04361,1370.0,0.04644,320.0,0.04684,480.0
1753592348198,04:59:08.198,bitmex,ACT/USDT:USDT,0.04545,500.0,0.04361,1370.0,0.04644,320.0,0.04684,480.0
1753592348248,04:59:08.248,bitmex,ACT/USDT:USDT,0.04545,500.0,0.04361,1370.0,0.04644,320.0,0.04684,480.0
1753592349410,04:59:09.410,bitmex,ACT/USDT:USDT,0.04545,500.0,0.04361,1370.0,0.04644,320.0,0.04684,480.0
1753592349479,04:59:09.479,bitmex,ACT/USDT:USDT,0.04545,500.0,0.04361,1370.0,0.04644,320.0,0.04684,480.0
1753592349707,04:59:09.707,bitmex,ACT/USDT:USDT,0.04545,500.0,0.04361,1370.0,0.04644,320.0,0.04684,480.0
1753592349757,04:59:09.757,bitmex,ACT/USDT:USDT,0.04545,500.0,0.04361,1370.0,0.04644,320.0,0.04684,480.0
1753592350687,04:59:10.687,bitmex,ACT/USDT:USDT,0.04545,500.0,0.04361,1370.0,0.04644,320.0,0.04684,480.0
1753592350766,04:59:10.766,bitmex,ACT/USDT:USDT,0.04545,500.0,0.04361,1370.0,0.04644,320.0,0.04684,480.0
1753592352228,04:59:12.228,bitmex,ACT/USDT:USDT,0.04545,500.0,0.04509,1120.0,0.04644,320.0,0.04684,480.0
1753592352277,04:59:12.277,bitmex,ACT/USDT:USDT,0.04545,500.0,0.04509,1120.0,0.04644,320.0,0.04684,480.0
1753592353515,04:59:13.515,bitmex,ACT/USDT:USDT,0.04545,500.0,0.04509,1120.0,0.04644,320.0,0.04684,480.0
1753592353565,04:59:13.565,bitmex,ACT/USDT:USDT,0.04545,500.0,0.04509,1120.0,0.04644,320.0,0.04684,480.0
1753592354767,04:59:14.767,bitmex,ACT/USDT:USDT,0.04545,500.0,0.04509,1120.0,0.04644,320.0,0.04684,480.0
1753592354816,04:59:14.816,bitmex,ACT/USDT:USDT,0.04545,500.0,0.04509,1120.0,0.04644,320.0,0.04684,480.0
1753592355747,04:59:15.747,bitmex,ACT/USDT:USDT,0.04545,500.0,0.04509,1120.0,0.04644,320.0,0.04684,480.0
1753592355807,04:59:15.807,bitmex,ACT/USDT:USDT,0.04545,500.0,0.04509,1120.0,0.04644,320.0,0.04684,480.0
1753592357087,04:59:17.087,bitmex,ACT/USDT:USDT,0.04545,500.0,0.04509,1120.0,0.04644,320.0,0.04684,480.0
1753592357137,04:59:17.137,bitmex,ACT/USDT:USDT,0.04545,500.0,0.04509,1120.0,0.04644,320.0,0.04684,480.0
1753592358277,04:59:18.277,bitmex,ACT/USDT:USDT,0.04545,500.0,0.04509,1120.0,0.04644,320.0,0.04684,480.0
1753592358327,04:59:18.327,bitmex,ACT/USDT:USDT,0.04545,500.0,0.04509,1120.0,0.04644,320.0,0.04684,480.0
1753592359608,04:59:19.608,bitmex,ACT/USDT:USDT,0.04545,500.0,0.04509,1120.0,0.04644,320.0,0.04684,480.0
1753592359657,04:59:19.657,bitmex,ACT/USDT:USDT,0.04545,500.0,0.04509,1120.0,0.04644,320.0,0.04684,480.0
1753592360810,04:59:20.810,bitmex,ACT/USDT:USDT,0.04545,500.0,0.04509,1120.0,0.04644,320.0,0.04684,480.0
1753592360889,04:59:20.889,bitmex,ACT/USDT:USDT,0.04545,500.0,0.04509,1120.0,0.04644,320.0,0.04684,480.0
1753592363063,04:59:23.063,bitmex,ACT/USDT:USDT,0.04545,500.0,0.04509,1120.0,0.04644,320.0,0.04684,480.0
1753592363112,04:59:23.112,bitmex,ACT/USDT:USDT,0.04545,500.0,0.04509,1120.0,0.04644,320.0,0.04684,480.0
1753592364007,04:59:24.007,bitmex,ACT/USDT:USDT,0.04545,500.0,0.04472,1230.0,0.04644,320.0,0.04684,480.0
1753592364056,04:59:24.056,bitmex,ACT/USDT:USDT,0.04545,500.0,0.04472,1230.0,0.04644,320.0,0.04684,480.0
1753592365292,04:59:25.292,bitmex,ACT/USDT:USDT,0.04545,500.0,0.04435,1280.0,0.04644,320.0,0.04684,480.0
1753592365348,04:59:25.348,bitmex,ACT/USDT:USDT,0.04545,500.0,0.04435,1280.0,0.04644,320.0,0.04684,480.0
1753592366500,04:59:26.500,bitmex,ACT/USDT:USDT,0.04545,500.0,0.04398,1260.0,0.04644,320.0,0.04684,480.0
1753592366556,04:59:26.556,bitmex,ACT/USDT:USDT,0.04545,500.0,0.04398,1260.0,0.04644,320.0,0.04684,480.0
1753592367819,04:59:27.819,bitmex,ACT/USDT:USDT,0.04545,500.0,0.04361,2740.0,0.04644,320.0,0.04684,480.0
1753592367868,04:59:27.868,bitmex,ACT/USDT:USDT,0.04545,500.0,0.04361,2740.0,0.04644,320.0,0.04684,480.0
1753592369087,04:59:29.087,bitmex,ACT/USDT:USDT,0.04545,500.0,0.04509,1150.0,0.04644,320.0,0.04684,480.0
1753592369137,04:59:29.137,bitmex,ACT/USDT:USDT,0.04545,500.0,0.04509,1150.0,0.04644,320.0,0.04684,480.0
1753592370347,04:59:30.347,bitmex,ACT/USDT:USDT,0.04545,500.0,0.04509,1150.0,0.04644,320.0,0.04684,480.0
1753592370397,04:59:30.397,bitmex,ACT/USDT:USDT,0.04545,500.0,0.04509,1150.0,0.04644,320.0,0.04684,480.0
1753592371616,04:59:31.616,bitmex,ACT/USDT:USDT,0.04545,500.0,0.04509,1150.0,0.04644,320.0,0.04684,480.0
1753592371666,04:59:31.666,bitmex,ACT/USDT:USDT,0.04545,500.0,0.04509,1150.0,0.04644,320.0,0.04684,480.0
1753592373160,04:59:33.160,bitmex,ACT/USDT:USDT,0.04545,500.0,0.04509,1150.0,0.04644,320.0,0.04684,480.0
1753592373210,04:59:33.210,bitmex,ACT/USDT:USDT,0.04545,500.0,0.04509,1150.0,0.04644,320.0,0.04684,480.0
1753592374357,04:59:34.357,bitmex,ACT/USDT:USDT,0.04545,500.0,0.04509,1150.0,0.04644,320.0,0.04684,480.0
1753592374407,04:59:34.407,bitmex,ACT/USDT:USDT,0.04545,500.0,0.04509,1150.0,0.04644,320.0,0.04684,480.0
1753592375481,04:59:35.481,bitmex,ACT/USDT:USDT,0.04545,500.0,0.04509,1150.0,0.04644,320.0,0.04684,480.0
1753592375531,04:59:35.531,bitmex,ACT/USDT:USDT,0.04545,500.0,0.04509,1150.0,0.04644,320.0,0.04684,480.0
1753592376682,04:59:36.682,bitmex,ACT/USDT:USDT,0.04545,500.0,0.04509,1150.0,0.04644,320.0,0.04684,480.0
1753592376731,04:59:36.731,bitmex,ACT/USDT:USDT,0.04545,500.0,0.04509,1150.0,0.04644,320.0,0.04684,480.0
1753592377953,04:59:37.953,bitmex,ACT/USDT:USDT,0.02056,62490.0,9e-05,70000.0,0.04644,320.0,0.04684,480.0
1753592378028,04:59:38.028,bitmex,ACT/USDT:USDT,0.02056,62490.0,9e-05,70000.0,0.04644,320.0,0.0472,50.0
1753592379596,04:59:39.596,bitmex,ACT/USDT:USDT,0.02056,62490.0,9e-05,70000.0,0.04644,320.0,0.07,18350.0
1753592379646,04:59:39.646,bitmex,ACT/USDT:USDT,0.02056,62490.0,9e-05,70000.0,0.04644,320.0,0.06999,50.0
1753592380498,04:59:40.498,bitmex,ACT/USDT:USDT,0.04545,500.0,0.02056,62490.0,0.04644,320.0,0.06999,50.0
1753592380548,04:59:40.548,bitmex,ACT/USDT:USDT,0.04545,500.0,0.0425,1480.0,0.04644,320.0,0.04684,500.0
1753592380597,04:59:40.597,bitmex,ACT/USDT:USDT,0.04545,500.0,0.0425,1480.0,0.04644,320.0,0.04684,500.0
1753592380646,04:59:40.646,bitmex,ACT/USDT:USDT,0.04545,500.0,0.0425,1480.0,0.04644,320.0,0.04684,500.0
1753592381748,04:59:41.748,bitmex,ACT/USDT:USDT,0.04545,500.0,0.0425,1480.0,0.04644,320.0,0.04684,500.0
1753592381797,04:59:41.797,bitmex,ACT/USDT:USDT,0.04545,500.0,0.0425,1480.0,0.04644,320.0,0.04684,500.0
1753592383073,04:59:43.073,bitmex,ACT/USDT:USDT,0.04545,500.0,0.0425,1480.0,0.04644,320.0,0.04684,500.0
1753592383122,04:59:43.122,bitmex,ACT/USDT:USDT,0.04546,490.0,0.0425,1480.0,0.04644,320.0,0.04685,480.0
1753592383171,04:59:43.171,bitmex,ACT/USDT:USDT,0.04546,490.0,0.0425,1480.0,0.04644,320.0,0.04685,480.0
1753592384257,04:59:44.257,bitmex,ACT/USDT:USDT,0.04546,490.0,0.0425,1480.0,0.04644,320.0,0.04685,480.0
1753592384306,04:59:44.306,bitmex,ACT/USDT:USDT,0.04546,490.0,0.0425,1480.0,0.04644,320.0,0.04685,480.0
1753592385557,04:59:45.557,bitmex,ACT/USDT:USDT,0.04546,490.0,0.0425,1480.0,0.04644,320.0,0.04685,480.0
1753592385607,04:59:45.607,bitmex,ACT/USDT:USDT,0.04546,490.0,0.0425,1480.0,0.04644,320.0,0.04685,480.0
1753592386358,04:59:46.358,bitmex,ACT/USDT:USDT,0.04546,490.0,0.0425,1480.0,0.04644,320.0,0.04685,480.0
1753592386407,04:59:46.407,bitmex,ACT/USDT:USDT,0.04546,490.0,0.0425,1480.0,0.04644,320.0,0.04685,480.0
1753592386947,04:59:46.947,bitmex,ACT/USDT:USDT,0.04546,490.0,0.0425,1480.0,0.04644,320.0,0.04685,480.0
1753592386996,04:59:46.996,bitmex,ACT/USDT:USDT,0.04546,490.0,0.0425,1480.0,0.04644,320.0,0.04685,480.0
1753592388177,04:59:48.177,bitmex,ACT/USDT:USDT,0.04546,490.0,0.0451,1160.0,0.04644,320.0,0.04685,480.0
1753592388226,04:59:48.226,bitmex,ACT/USDT:USDT,0.04546,490.0,0.0451,1160.0,0.04644,320.0,0.04685,480.0
1753592389349,04:59:49.349,bitmex,ACT/USDT:USDT,0.04546,490.0,0.0451,1160.0,0.04644,320.0,0.04685,480.0
1753592389399,04:59:49.399,bitmex,ACT/USDT:USDT,0.04546,490.0,0.0451,1160.0,0.04644,320.0,0.04685,480.0
1753592390624,04:59:50.624,bitmex,ACT/USDT:USDT,0.04546,490.0,0.0451,1160.0,0.04644,320.0,0.04685,480.0
1753592390674,04:59:50.674,bitmex,ACT/USDT:USDT,0.04546,490.0,0.0451,1160.0,0.04644,320.0,0.04685,480.0
1753592391830,04:59:51.830,bitmex,ACT/USDT:USDT,0.04546,490.0,0.0451,1160.0,0.04644,320.0,0.04685,480.0
1753592391887,04:59:51.887,bitmex,ACT/USDT:USDT,0.04546,490.0,0.0451,1160.0,0.04644,320.0,0.04685,480.0
1753592393253,04:59:53.253,bitmex,ACT/USDT:USDT,0.04546,490.0,0.0451,1160.0,0.04644,320.0,0.04685,480.0
1753592393317,04:59:53.317,bitmex,ACT/USDT:USDT,0.04546,490.0,0.0451,1160.0,0.04644,320.0,0.04685,480.0
1753592394510,04:59:54.510,bitmex,ACT/USDT:USDT,0.04546,490.0,0.0451,1160.0,0.04644,320.0,0.04685,480.0
1753592394559,04:59:54.559,bitmex,ACT/USDT:USDT,0.04546,490.0,0.0451,1160.0,0.04644,320.0,0.04685,480.0
1753592395837,04:59:55.837,bitmex,ACT/USDT:USDT,0.04546,490.0,0.0451,1160.0,0.04644,320.0,0.04685,480.0
1753592395906,04:59:55.906,bitmex,ACT/USDT:USDT,0.04546,490.0,0.0451,1160.0,0.04644,320.0,0.04685,480.0
1753592397189,04:59:57.189,bitmex,ACT/USDT:USDT,0.04546,490.0,0.0451,1160.0,0.04644,320.0,0.04685,480.0
1753592397239,04:59:57.239,bitmex,ACT/USDT:USDT,0.04546,490.0,0.0451,1160.0,0.04644,320.0,0.04685,480.0
1753592398219,04:59:58.219,bitmex,ACT/USDT:USDT,0.04546,490.0,0.0451,1160.0,0.04644,320.0,0.04685,480.0
1753592398268,04:59:58.268,bitmex,ACT/USDT:USDT,0.04546,490.0,0.0451,1160.0,0.04644,320.0,0.04685,480.0
1753592399478,04:59:59.478,bitmex,ACT/USDT:USDT,0.04546,490.0,0.0451,1160.0,0.04644,320.0,0.04685,480.0
1753592399527,04:59:59.527,bitmex,ACT/USDT:USDT,0.04546,490.0,0.0451,1160.0,0.04644,320.0,0.04685,480.0
1753592400899,05:00:00.899,bitmex,ACT/USDT:USDT,0.02056,62490.0,9e-05,70000.0,0.04644,320.0,0.04685,480.0
1753592400949,05:00:00.949,bitmex,ACT/USDT:USDT,0.02056,62490.0,9e-05,70000.0,0.04644,320.0,0.04758,50.0
1753592401194,05:00:01.194,bitmex,ACT/USDT:USDT,0.02056,62490.0,9e-05,70000.0,0.04644,320.0,0.07,18350.0
1753592401244,05:00:01.244,bitmex,ACT/USDT:USDT,0.02056,62490.0,9e-05,70000.0,0.04644,320.0,0.06999,50.0
1753592402072,05:00:02.072,bitmex,ACT/USDT:USDT,0.04546,510.0,0.02056,62490.0,0.04644,320.0,0.06999,50.0
1753592402121,05:00:02.121,bitmex,ACT/USDT:USDT,0.04546,510.0,0.02056,62490.0,0.04644,320.0,0.04685,500.0
1753592402170,05:00:02.170,bitmex,ACT/USDT:USDT,0.04546,510.0,0.02056,62490.0,0.04644,320.0,0.04685,500.0
1753592402219,05:00:02.219,bitmex,ACT/USDT:USDT,0.04546,510.0,0.0414,1490.0,0.04644,320.0,0.04685,500.0
1753592403337,05:00:03.337,bitmex,ACT/USDT:USDT,0.04546,510.0,0.0414,1490.0,0.04644,320.0,0.04685,500.0
1753592403387,05:00:03.387,bitmex,ACT/USDT:USDT,0.04546,510.0,0.0414,1490.0,0.04644,320.0,0.04685,500.0
1753592404536,05:00:04.536,bitmex,ACT/USDT:USDT,0.04546,510.0,0.0414,1490.0,0.04644,320.0,0.04685,500.0
1753592404585,05:00:04.585,bitmex,ACT/USDT:USDT,0.04546,510.0,0.0414,1490.0,0.04644,320.0,0.04685,500.0
1753592405588,05:00:05.588,bitmex,ACT/USDT:USDT,0.04546,510.0,0.0414,1490.0,0.04644,320.0,0.04685,500.0
1753592405638,05:00:05.638,bitmex,ACT/USDT:USDT,0.04546,510.0,0.0414,1490.0,0.04644,320.0,0.04685,500.0
1753592405877,05:00:05.877,bitmex,ACT/USDT:USDT,0.04546,510.0,0.0451,1090.0,0.04644,320.0,0.04685,500.0
1753592405937,05:00:05.937,bitmex,ACT/USDT:USDT,0.04546,510.0,0.0451,1090.0,0.04644,320.0,0.04685,500.0
1753592407113,05:00:07.113,bitmex,ACT/USDT:USDT,0.04546,510.0,0.0451,1090.0,0.04644,320.0,0.04685,500.0
1753592407162,05:00:07.162,bitmex,ACT/USDT:USDT,0.04546,510.0,0.0451,1090.0,0.04644,320.0,0.04685,500.0
1753592408257,05:00:08.257,bitmex,ACT/USDT:USDT,0.04546,510.0,0.0451,1090.0,0.04644,320.0,0.04685,500.0
