timestamp,time,symbol,bid1_price,bid1_volume,bid2_price,bid2_volume,ask1_price,ask1_volume,ask2_price,ask2_volume
1753546947000,16:22:27.000,ACT/USDT:USDT,0.04584,1409.0,0.04581,143.0,0.04588,58.0,0.04589,929.0
1753546948003,16:22:28.003,ACT/USDT:USDT,0.04585,692.0,0.0458,725.0,0.04588,315.0,0.04591,1205.0
1753546950441,16:22:30.441,ACT/USDT:USDT,0.04585,310.0,0.04581,6946.0,0.04587,5.0,0.04588,310.0
1753546953511,16:22:33.511,ACT/USDT:USDT,0.04585,1622.0,0.04584,4460.0,0.04588,324.0,0.04592,5868.0
1753546954446,16:22:34.446,ACT/USDT:USDT,0.04585,1622.0,0.0458,1390.0,0.04587,320.0,0.04588,4.0
1753546955519,16:22:35.519,ACT/USDT:USDT,0.04585,1619.0,0.04582,5498.0,0.04588,325.0,0.04592,5868.0
1753546956515,16:22:36.515,ACT/USDT:USDT,0.04585,1619.0,0.04584,2821.0,0.04588,14.0,0.0459,5169.0
1753546957516,16:22:37.516,ACT/USDT:USDT,0.04585,1623.0,0.04584,4819.0,0.04587,9.0,0.04588,3.0
1753546958018,16:22:38.018,ACT/USDT:USDT,0.04585,1619.0,0.04584,4819.0,0.04587,9.0,0.04588,3.0
1753546958517,16:22:38.517,ACT/USDT:USDT,0.04585,1620.0,0.04584,2734.0,0.04588,12.0,0.0459,4701.0
1753546959019,16:22:39.019,ACT/USDT:USDT,0.04585,1620.0,0.04581,1292.0,0.04588,12.0,0.0459,4701.0
1753546960013,16:22:40.013,ACT/USDT:USDT,0.04585,1620.0,0.04582,4165.0,0.04588,3.0,0.04589,9.0
1753546960675,16:22:40.675,ACT/USDT:USDT,0.04586,2.0,0.04585,614.0,0.04588,3.0,0.04589,972.0
1753546961025,16:22:41.025,ACT/USDT:USDT,0.04585,617.0,0.04584,1365.0,0.04588,3.0,0.04589,972.0
1753546961524,16:22:41.524,ACT/USDT:USDT,0.04585,2447.0,0.0458,11099.0,0.04588,1372.0,0.0459,7045.0
1753546962526,16:22:42.526,ACT/USDT:USDT,0.04585,2449.0,0.04584,3049.0,0.04588,5.0,0.04589,1373.0
1753546963027,16:22:43.027,ACT/USDT:USDT,0.04585,2449.0,0.04584,3049.0,0.04588,5.0,0.04589,1375.0
1753546963529,16:22:43.529,ACT/USDT:USDT,0.04585,2447.0,0.04584,7192.0,0.04588,5.0,0.04589,1375.0
1753546965456,16:22:45.456,ACT/USDT:USDT,0.04586,1476.0,0.04585,6.0,0.04588,5.0,0.04589,4.0
1753546966031,16:22:46.031,ACT/USDT:USDT,0.04587,1477.0,0.04585,2.0,0.04588,5.0,0.04589,771.0
1753546966532,16:22:46.532,ACT/USDT:USDT,0.04587,299.0,0.04585,2.0,0.04588,5.0,0.04589,2.0
1753546967032,16:22:47.032,ACT/USDT:USDT,0.04587,299.0,0.04585,2.0,0.04588,5.0,0.0459,1104.0
1753546967534,16:22:47.534,ACT/USDT:USDT,0.04587,321.0,0.04585,1714.0,0.04588,5.0,0.04589,1103.0
1753546968033,16:22:48.033,ACT/USDT:USDT,0.04587,321.0,0.04585,1714.0,0.04588,5.0,0.04589,1103.0
1753546969035,16:22:49.035,ACT/USDT:USDT,0.04587,321.0,0.04585,1134.0,0.04588,5.0,0.0459,1106.0
1753546969535,16:22:49.535,ACT/USDT:USDT,0.04587,321.0,0.04585,2.0,0.04588,5.0,0.04589,1103.0
1753546970039,16:22:50.039,ACT/USDT:USDT,0.04587,321.0,0.04585,2.0,0.04588,5.0,0.04589,1105.0
1753546970538,16:22:50.538,ACT/USDT:USDT,0.04587,675.0,0.04585,2779.0,0.04588,5.0,0.04589,1105.0
1753546971459,16:22:51.459,ACT/USDT:USDT,0.04587,1367.0,0.04585,2.0,0.04588,5.0,0.04589,2.0
1753546972040,16:22:52.040,ACT/USDT:USDT,0.04587,1367.0,0.04585,2.0,0.04588,5.0,0.0459,1093.0
1753546972541,16:22:52.541,ACT/USDT:USDT,0.04587,949.0,0.04586,6627.0,0.04588,5.0,0.0459,1095.0
1753546973042,16:22:53.042,ACT/USDT:USDT,0.04587,951.0,0.04586,6627.0,0.04588,5.0,0.0459,1095.0
1753546973544,16:22:53.544,ACT/USDT:USDT,0.04587,1509.0,0.04585,2.0,0.04588,5.0,0.04589,1094.0
1753546974044,16:22:54.044,ACT/USDT:USDT,0.04587,1509.0,0.04585,2.0,0.04588,5.0,0.04589,1094.0
1753546974545,16:22:54.545,ACT/USDT:USDT,0.04587,1508.0,0.04585,2.0,0.04588,5.0,0.04589,3.0
1753546975045,16:22:55.045,ACT/USDT:USDT,0.04587,1508.0,0.04585,2.0,0.04588,5.0,0.0459,1095.0
1753546975567,16:22:55.567,ACT/USDT:USDT,0.04587,1508.0,0.04585,2.0,0.04588,5.0,0.0459,1094.0
1753546976047,16:22:56.047,ACT/USDT:USDT,0.04587,1509.0,0.04585,2.0,0.04588,5.0,0.0459,1094.0
1753546976546,16:22:56.546,ACT/USDT:USDT,0.04587,1507.0,0.04586,1559.0,0.04588,5.0,0.04589,1091.0
1753546977048,16:22:57.048,ACT/USDT:USDT,0.04587,1507.0,0.04586,1559.0,0.04588,5.0,0.04589,1091.0
1753546977547,16:22:57.547,ACT/USDT:USDT,0.04587,1510.0,0.04585,4668.0,0.04588,5.0,0.04589,1094.0
1753546978049,16:22:58.049,ACT/USDT:USDT,0.04587,1510.0,0.04585,4630.0,0.04588,5.0,0.04589,1094.0
1753546978549,16:22:58.549,ACT/USDT:USDT,0.04587,1510.0,0.04585,4630.0,0.04588,5.0,0.0459,1096.0
1753546979050,16:22:59.050,ACT/USDT:USDT,0.04587,1508.0,0.04585,4630.0,0.04588,5.0,0.0459,1096.0
1753546979551,16:22:59.551,ACT/USDT:USDT,0.04587,1508.0,0.04585,7770.0,0.04588,5.0,0.0459,1092.0
1753546980052,16:23:00.052,ACT/USDT:USDT,0.04587,1506.0,0.04585,7770.0,0.04588,5.0,0.0459,1092.0
1753546980554,16:23:00.554,ACT/USDT:USDT,0.04587,1506.0,0.04585,4630.0,0.04588,5.0,0.0459,61.0
1753546981554,16:23:01.554,ACT/USDT:USDT,0.04587,1764.0,0.04585,5072.0,0.04588,5.0,0.04589,709.0
1753546982145,16:23:02.145,ACT/USDT:USDT,0.04587,1.0,0.04585,6393.0,0.04588,5.0,0.04589,3.0
1753546983463,16:23:03.463,ACT/USDT:USDT,0.04585,1005.0,0.04584,7796.0,0.04587,5.0,0.04588,707.0
1753546984056,16:23:04.056,ACT/USDT:USDT,0.04585,1007.0,0.04584,7796.0,0.04588,712.0,0.0459,4266.0
1753546984556,16:23:04.556,ACT/USDT:USDT,0.04585,987.0,0.04584,2863.0,0.04587,707.0,0.04588,5.0
1753546985057,16:23:05.057,ACT/USDT:USDT,0.04585,986.0,0.04584,2863.0,0.04587,707.0,0.04588,5.0
1753546985558,16:23:05.558,ACT/USDT:USDT,0.04585,986.0,0.04584,2863.0,0.04588,708.0,0.04593,16000.0
1753546986325,16:23:06.325,ACT/USDT:USDT,0.04585,987.0,0.04584,6677.0,0.04588,708.0,0.0459,5599.0
1753546986572,16:23:06.572,ACT/USDT:USDT,0.04586,1648.0,0.04585,2.0,0.04588,6.0,0.04589,50.0
1753546987560,16:23:07.560,ACT/USDT:USDT,0.04586,1645.0,0.04585,2.0,0.04588,5.0,0.04589,31.0
1753546988062,16:23:08.062,ACT/USDT:USDT,0.04587,1644.0,0.04585,2.0,0.04588,5.0,0.04589,3.0
1753546988561,16:23:08.561,ACT/USDT:USDT,0.04587,1174.0,0.04585,2.0,0.04588,5.0,0.04589,3.0
1753546989060,16:23:09.060,ACT/USDT:USDT,0.04587,1174.0,0.04585,2.0,0.04588,5.0,0.0459,100.0
1753546989563,16:23:09.563,ACT/USDT:USDT,0.04587,1174.0,0.04585,3046.0,0.04588,5.0,0.0459,100.0
1753546990063,16:23:10.063,ACT/USDT:USDT,0.04587,1174.0,0.04585,3046.0,0.04588,5.0,0.0459,102.0
1753546990563,16:23:10.563,ACT/USDT:USDT,0.04587,1174.0,0.04586,9337.0,0.04588,5.0,0.0459,102.0
1753546991063,16:23:11.063,ACT/USDT:USDT,0.04587,1174.0,0.04585,2.0,0.04588,5.0,0.0459,102.0
1753546991564,16:23:11.564,ACT/USDT:USDT,0.04588,1171.0,0.04587,3.0,0.0459,5.0,0.04591,902.0
1753546992478,16:23:12.478,ACT/USDT:USDT,0.04588,666.0,0.04587,3.0,0.0459,5.0,0.04591,623.0
1753546993068,16:23:13.068,ACT/USDT:USDT,0.04588,675.0,0.04586,5208.0,0.04591,625.0,0.04594,7163.0
1753546993567,16:23:13.567,ACT/USDT:USDT,0.04588,675.0,0.04587,6684.0,0.0459,625.0,0.04591,1.0
1753546994068,16:23:14.068,ACT/USDT:USDT,0.04588,675.0,0.04587,6684.0,0.0459,625.0,0.04591,1.0
1753546994570,16:23:14.570,ACT/USDT:USDT,0.04588,675.0,0.04585,3938.0,0.04591,637.0,0.04594,5009.0
1753546995069,16:23:15.069,ACT/USDT:USDT,0.04588,675.0,0.04585,3938.0,0.04591,636.0,0.04594,5009.0
1753546995570,16:23:15.570,ACT/USDT:USDT,0.04588,675.0,0.04583,17085.0,0.0459,632.0,0.04591,4.0
1753546996076,16:23:16.076,ACT/USDT:USDT,0.04588,675.0,0.04583,17085.0,0.0459,635.0,0.04591,1.0
1753546996655,16:23:16.655,ACT/USDT:USDT,0.04588,6.0,0.04587,950.0,0.0459,3.0,0.04591,677.0
1753546997072,16:23:17.072,ACT/USDT:USDT,0.04588,5.0,0.04587,955.0,0.0459,3.0,0.04591,677.0
1753546998475,16:23:18.475,ACT/USDT:USDT,0.04588,671.0,0.04584,4237.0,0.04591,636.0,0.04594,7119.0
1753546998574,16:23:18.574,ACT/USDT:USDT,0.04588,671.0,0.04584,4237.0,0.04591,634.0,0.04594,7119.0
1753546999474,16:23:19.474,ACT/USDT:USDT,0.04588,675.0,0.04587,5413.0,0.04591,634.0,0.04592,4177.0
1753546999575,16:23:19.575,ACT/USDT:USDT,0.04588,672.0,0.04587,5413.0,0.04591,634.0,0.04592,4177.0
1753547000475,16:23:20.475,ACT/USDT:USDT,0.04588,672.0,0.04585,4596.0,0.04591,634.0,0.04594,3288.0
1753547001581,16:23:21.581,ACT/USDT:USDT,0.04588,672.0,0.04587,67.0,0.0459,681.0,0.04591,641.0
1753547002480,16:23:22.480,ACT/USDT:USDT,0.04588,671.0,0.04587,67.0,0.0459,681.0,0.04591,641.0
1753547002582,16:23:22.582,ACT/USDT:USDT,0.04588,784.0,0.04587,2958.0,0.04591,681.0,0.04593,9671.0
1753547003478,16:23:23.478,ACT/USDT:USDT,0.04588,800.0,0.04583,9769.0,0.04591,637.0,0.04592,3483.0
1753547004085,16:23:24.085,ACT/USDT:USDT,0.04588,804.0,0.04583,12714.0,0.04591,637.0,0.04592,5214.0
1753547004586,16:23:24.586,ACT/USDT:USDT,0.04588,856.0,0.04587,5862.0,0.04591,637.0,0.04593,9671.0
1753547005086,16:23:25.086,ACT/USDT:USDT,0.04588,856.0,0.04583,11267.0,0.0459,633.0,0.04591,1.0
1753547005593,16:23:25.593,ACT/USDT:USDT,0.04588,973.0,0.04587,2316.0,0.0459,1.0,0.04591,633.0
1753547006087,16:23:26.087,ACT/USDT:USDT,0.04588,972.0,0.04587,2316.0,0.0459,1.0,0.04591,633.0
1753547006588,16:23:26.588,ACT/USDT:USDT,0.04588,988.0,0.04586,123.0,0.04591,637.0,0.04593,9671.0
1753547007089,16:23:27.089,ACT/USDT:USDT,0.04588,988.0,0.04586,123.0,0.04591,634.0,0.04593,9671.0
1753547007590,16:23:27.590,ACT/USDT:USDT,0.04588,989.0,0.04586,4457.0,0.0459,632.0,0.04591,2.0
1753547008482,16:23:28.482,ACT/USDT:USDT,0.04588,989.0,0.04586,4457.0,0.0459,5.0,0.04591,29.0
1753547009092,16:23:29.092,ACT/USDT:USDT,0.04589,981.0,0.04588,8.0,0.04591,1.0,0.04592,32.0
1753547010093,16:23:30.093,ACT/USDT:USDT,0.04588,344.0,0.04586,8315.0,0.04591,1149.0,0.04596,3617.0
1753547010595,16:23:30.595,ACT/USDT:USDT,0.04588,343.0,0.04586,4457.0,0.04591,1174.0,0.04594,9567.0
1753547011095,16:23:31.095,ACT/USDT:USDT,0.04588,346.0,0.04586,4457.0,0.04591,1174.0,0.04594,9567.0
1753547011596,16:23:31.596,ACT/USDT:USDT,0.04588,345.0,0.04586,4457.0,0.04591,1174.0,0.04593,172.0
1753547012482,16:23:32.482,ACT/USDT:USDT,0.04588,342.0,0.04583,10756.0,0.04591,1176.0,0.04593,172.0
1753547013097,16:23:33.097,ACT/USDT:USDT,0.04588,761.0,0.04587,4127.0,0.04591,1176.0,0.04595,8351.0
1753547013598,16:23:33.598,ACT/USDT:USDT,0.04588,1257.0,0.04587,4127.0,0.04591,1174.0,0.04596,4510.0
1753547014098,16:23:34.098,ACT/USDT:USDT,0.04588,1257.0,0.04587,4127.0,0.04591,1175.0,0.04596,4510.0
1753547015487,16:23:35.487,ACT/USDT:USDT,0.04588,1259.0,0.04587,4127.0,0.04591,1184.0,0.04593,3571.0
1753547015601,16:23:35.601,ACT/USDT:USDT,0.04588,1257.0,0.04587,4127.0,0.04591,1184.0,0.04593,3571.0
1753547016602,16:23:36.602,ACT/USDT:USDT,0.04588,1761.0,0.04587,4127.0,0.04591,1184.0,0.04595,7552.0
1753547017103,16:23:37.103,ACT/USDT:USDT,0.04588,1761.0,0.04583,10390.0,0.04591,1184.0,0.04595,7552.0
1753547017606,16:23:37.606,ACT/USDT:USDT,0.04588,1340.0,0.04585,1562.0,0.04591,1185.0,0.04592,1632.0
1753547018105,16:23:38.105,ACT/USDT:USDT,0.04588,1340.0,0.04585,1562.0,0.04591,1184.0,0.04592,1632.0
1753547018605,16:23:38.605,ACT/USDT:USDT,0.04588,844.0,0.04587,2787.0,0.04591,1184.0,0.04593,3886.0
1753547019110,16:23:39.110,ACT/USDT:USDT,0.04588,847.0,0.04587,2787.0,0.04591,1184.0,0.04593,3886.0
1753547019610,16:23:39.610,ACT/USDT:USDT,0.04588,847.0,0.04585,876.0,0.04591,1184.0,0.04595,4825.0
1753547020493,16:23:40.493,ACT/USDT:USDT,0.04588,861.0,0.04585,5062.0,0.04591,329.0,0.04593,3862.0
1753547021611,16:23:41.611,ACT/USDT:USDT,0.04588,846.0,0.04584,3612.0,0.04591,373.0,0.04594,7560.0
1753547022119,16:23:42.119,ACT/USDT:USDT,0.04588,846.0,0.04584,3612.0,0.04591,371.0,0.04594,7560.0
1753547023124,16:23:43.124,ACT/USDT:USDT,0.04588,842.0,0.04585,14024.0,0.0459,368.0,0.04591,3.0
1753547023614,16:23:43.614,ACT/USDT:USDT,0.04588,842.0,0.04587,168.0,0.04591,333.0,0.04594,344.0
1753547024499,16:23:44.499,ACT/USDT:USDT,0.04588,842.0,0.04586,1321.0,0.04591,377.0,0.04593,6869.0
1753547025617,16:23:45.617,ACT/USDT:USDT,0.04588,876.0,0.04587,321.0,0.04591,1027.0,0.04593,9625.0
1753547026118,16:23:46.118,ACT/USDT:USDT,0.04588,876.0,0.04587,2792.0,0.04591,1027.0,0.04593,9625.0
1753547026619,16:23:46.619,ACT/USDT:USDT,0.04588,876.0,0.04587,2471.0,0.04591,1028.0,0.04593,9113.0
1753547027119,16:23:47.119,ACT/USDT:USDT,0.04588,876.0,0.04587,2471.0,0.04591,1026.0,0.04593,9113.0
1753547027620,16:23:47.620,ACT/USDT:USDT,0.04588,878.0,0.04586,5931.0,0.04591,1029.0,0.04595,2415.0
1753547028120,16:23:48.120,ACT/USDT:USDT,0.04588,876.0,0.04586,5931.0,0.04591,1029.0,0.04595,2415.0
1753547028620,16:23:48.620,ACT/USDT:USDT,0.04588,876.0,0.04586,8740.0,0.04591,1030.0,0.04596,575.0
1753547029499,16:23:49.499,ACT/USDT:USDT,0.04588,876.0,0.04586,5931.0,0.04591,1026.0,0.04594,3931.0
1753547030127,16:23:50.127,ACT/USDT:USDT,0.04588,876.0,0.04587,9994.0,0.04591,1030.0,0.04594,3931.0
1753547030626,16:23:50.626,ACT/USDT:USDT,0.04588,905.0,0.04587,9994.0,0.04591,918.0,0.04592,5530.0
1753547031127,16:23:51.127,ACT/USDT:USDT,0.04588,905.0,0.04587,9994.0,0.0459,1768.0,0.04591,6.0
1753547031629,16:23:51.629,ACT/USDT:USDT,0.04588,905.0,0.04587,15331.0,0.0459,337.0,0.04591,6.0
1753547032130,16:23:52.130,ACT/USDT:USDT,0.04588,905.0,0.04587,5337.0,0.0459,337.0,0.04591,6.0
1753547032631,16:23:52.631,ACT/USDT:USDT,0.04588,909.0,0.04586,709.0,0.0459,4.0,0.04591,338.0
1753547033502,16:23:53.502,ACT/USDT:USDT,0.04588,923.0,0.04585,2084.0,0.0459,4.0,0.04591,348.0
1753547033631,16:23:53.631,ACT/USDT:USDT,0.04588,923.0,0.04585,2084.0,0.04591,349.0,0.04593,4964.0
1753547034502,16:23:54.502,ACT/USDT:USDT,0.04588,907.0,0.04587,5117.0,0.0459,347.0,0.04591,911.0
1753547034633,16:23:54.633,ACT/USDT:USDT,0.04588,907.0,0.04587,5117.0,0.0459,348.0,0.04591,910.0
1753547035635,16:23:55.635,ACT/USDT:USDT,0.04588,925.0,0.04587,4458.0,0.0459,5.0,0.04591,10.0
1753547036135,16:23:56.135,ACT/USDT:USDT,0.04588,925.0,0.04587,4458.0,0.0459,5.0,0.04591,10.0
1753547036634,16:23:56.634,ACT/USDT:USDT,0.04588,939.0,0.04585,6683.0,0.04591,15.0,0.04595,10632.0
1753547037136,16:23:57.136,ACT/USDT:USDT,0.04588,937.0,0.04585,6683.0,0.04591,15.0,0.04595,10632.0
1753547037638,16:23:57.638,ACT/USDT:USDT,0.04588,924.0,0.04587,3373.0,0.0459,9.0,0.04591,4.0
1753547038139,16:23:58.139,ACT/USDT:USDT,0.04588,923.0,0.04587,3373.0,0.0459,9.0,0.04591,4.0
1753547038502,16:23:58.502,ACT/USDT:USDT,0.04588,923.0,0.04587,3373.0,0.0459,9.0,0.04591,4.0
1753547039139,16:23:59.139,ACT/USDT:USDT,0.04588,922.0,0.04587,3373.0,0.0459,11.0,0.04591,1.0
1753547039503,16:23:59.503,ACT/USDT:USDT,0.04588,922.0,0.04587,3373.0,0.0459,2.0,0.04591,10.0
1753547039642,16:23:59.642,ACT/USDT:USDT,0.04588,925.0,0.04587,3373.0,0.0459,2.0,0.04591,10.0
1753547040141,16:24:00.141,ACT/USDT:USDT,0.04588,923.0,0.04587,3373.0,0.0459,2.0,0.04591,10.0
1753547040641,16:24:00.641,ACT/USDT:USDT,0.04588,923.0,0.04587,5319.0,0.0459,2.0,0.04591,10.0
1753547041143,16:24:01.143,ACT/USDT:USDT,0.04588,922.0,0.04587,5319.0,0.0459,2.0,0.04591,10.0
1753547041646,16:24:01.646,ACT/USDT:USDT,0.04588,1103.0,0.04587,5319.0,0.0459,14.0,0.04591,8161.0
1753547042145,16:24:02.145,ACT/USDT:USDT,0.04588,1105.0,0.04587,5319.0,0.0459,14.0,0.04591,8161.0
1753547042504,16:24:02.504,ACT/USDT:USDT,0.04588,1104.0,0.04587,4336.0,0.0459,14.0,0.04591,8161.0
1753547043511,16:24:03.511,ACT/USDT:USDT,0.04588,1120.0,0.04587,5690.0,0.0459,5.0,0.04591,10.0
1753547044153,16:24:04.153,ACT/USDT:USDT,0.04588,1119.0,0.04587,5690.0,0.04591,12.0,0.04593,5675.0
1753547044506,16:24:04.506,ACT/USDT:USDT,0.04588,1105.0,0.04585,2084.0,0.0459,9.0,0.04591,3.0
1753547045151,16:24:05.151,ACT/USDT:USDT,0.04588,1105.0,0.04586,9972.0,0.0459,12.0,0.04591,1.0
1753547045652,16:24:05.652,ACT/USDT:USDT,0.04588,1102.0,0.04586,9972.0,0.0459,3.0,0.04591,10.0
1753547046509,16:24:06.509,ACT/USDT:USDT,0.04588,1120.0,0.04586,10137.0,0.0459,3.0,0.04591,10.0
1753547046654,16:24:06.654,ACT/USDT:USDT,0.04588,1120.0,0.04586,165.0,0.0459,3.0,0.04591,10.0
1753547047665,16:24:07.665,ACT/USDT:USDT,0.04588,1104.0,0.04585,2084.0,0.04591,14.0,0.04595,9678.0
1753547048160,16:24:08.160,ACT/USDT:USDT,0.04588,1103.0,0.04585,2084.0,0.04591,14.0,0.04595,9678.0
1753547048657,16:24:08.657,ACT/USDT:USDT,0.04588,1117.0,0.04587,4973.0,0.0459,9.0,0.04591,5.0
1753547049157,16:24:09.157,ACT/USDT:USDT,0.04588,1117.0,0.04587,4973.0,0.0459,9.0,0.04591,5.0
1753547049657,16:24:09.657,ACT/USDT:USDT,0.04588,1103.0,0.04587,4135.0,0.0459,12.0,0.04591,1.0
1753547050513,16:24:10.513,ACT/USDT:USDT,0.04588,1103.0,0.04586,893.0,0.0459,3.0,0.04591,10.0
1753547051159,16:24:11.159,ACT/USDT:USDT,0.04588,1103.0,0.04586,893.0,0.04591,15.0,0.04596,2382.0
1753547052161,16:24:12.161,ACT/USDT:USDT,0.04588,1117.0,0.04585,2084.0,0.04591,15.0,0.04596,2976.0
1753547052661,16:24:12.661,ACT/USDT:USDT,0.04588,1368.0,0.04587,3340.0,0.04591,17.0,0.04594,10079.0
1753547053161,16:24:13.161,ACT/USDT:USDT,0.04588,1364.0,0.04587,3340.0,0.04591,17.0,0.04594,10079.0
1753547053662,16:24:13.662,ACT/USDT:USDT,0.04588,1354.0,0.04584,6789.0,0.0459,9.0,0.04591,2601.0
1753547054162,16:24:14.162,ACT/USDT:USDT,0.04588,1354.0,0.04586,8215.0,0.0459,9.0,0.04591,2601.0
1753547054516,16:24:14.516,ACT/USDT:USDT,0.04588,1354.0,0.04586,8215.0,0.04591,17.0,0.04592,6616.0
1753547054665,16:24:14.665,ACT/USDT:USDT,0.04588,1354.0,0.04586,8215.0,0.04591,15.0,0.04592,6616.0
1753547055664,16:24:15.664,ACT/USDT:USDT,0.04588,1105.0,0.04587,3164.0,0.04591,15.0,0.04593,7976.0
1753547056167,16:24:16.167,ACT/USDT:USDT,0.04588,1105.0,0.04587,3164.0,0.04591,19.0,0.04593,7976.0
1753547056665,16:24:16.665,ACT/USDT:USDT,0.04588,1105.0,0.04587,735.0,0.0459,9.0,0.04591,10.0
1753547057167,16:24:17.167,ACT/USDT:USDT,0.04588,1104.0,0.04587,735.0,0.0459,9.0,0.04591,10.0
1753547057677,16:24:17.677,ACT/USDT:USDT,0.04588,1105.0,0.04586,396.0,0.04591,16.0,0.04595,8902.0
1753547058167,16:24:18.167,ACT/USDT:USDT,0.04588,1105.0,0.04586,396.0,0.04591,15.0,0.04595,8902.0
1753547058670,16:24:18.670,ACT/USDT:USDT,0.04588,1106.0,0.04586,893.0,0.04591,15.0,0.04594,4439.0
1753547059170,16:24:19.170,ACT/USDT:USDT,0.04588,1102.0,0.04586,893.0,0.04591,15.0,0.04594,4439.0
1753547059673,16:24:19.673,ACT/USDT:USDT,0.04588,1102.0,0.04586,396.0,0.0459,9.0,0.04591,6.0
1753547061521,16:24:21.521,ACT/USDT:USDT,0.04588,1062.0,0.04586,2559.0,0.0459,1.0,0.04591,493.0
1753547062176,16:24:22.176,ACT/USDT:USDT,0.04588,1066.0,0.04586,2559.0,0.0459,1.0,0.04591,493.0
1753547062678,16:24:22.678,ACT/USDT:USDT,0.04588,1089.0,0.04585,3266.0,0.0459,9.0,0.04591,6.0
1753547063177,16:24:23.177,ACT/USDT:USDT,0.04588,1088.0,0.04585,3266.0,0.0459,9.0,0.04591,6.0
1753547063678,16:24:23.678,ACT/USDT:USDT,0.04588,1072.0,0.04587,9558.0,0.04591,29.0,0.04595,1165.0
1753547064185,16:24:24.185,ACT/USDT:USDT,0.04588,1072.0,0.04586,3008.0,0.04591,13.0,0.04592,6656.0
1753547065181,16:24:25.181,ACT/USDT:USDT,0.04588,1071.0,0.04584,6789.0,0.04591,15.0,0.04593,581.0
1753547065682,16:24:25.682,ACT/USDT:USDT,0.04588,1073.0,0.04586,2652.0,0.0459,9.0,0.04591,6.0
1753547066182,16:24:26.182,ACT/USDT:USDT,0.04588,1073.0,0.04586,2652.0,0.0459,14.0,0.04591,5.0
1753547066683,16:24:26.683,ACT/USDT:USDT,0.04588,1051.0,0.04587,5445.0,0.0459,5.0,0.04591,1066.0
1753547067531,16:24:27.531,ACT/USDT:USDT,0.04588,1468.0,0.04586,4874.0,0.04591,1070.0,0.04593,5705.0
1753547067683,16:24:27.683,ACT/USDT:USDT,0.04588,1466.0,0.04586,4874.0,0.04591,1070.0,0.04593,5705.0
1753547068528,16:24:28.528,ACT/USDT:USDT,0.04588,2056.0,0.04585,1922.0,0.04591,1071.0,0.04593,3757.0
1753547068689,16:24:28.689,ACT/USDT:USDT,0.04588,2056.0,0.04585,1922.0,0.04591,1071.0,0.04593,3757.0
1753547069688,16:24:29.688,ACT/USDT:USDT,0.04588,2056.0,0.04587,2556.0,0.04591,18.0,0.04595,896.0
1753547070532,16:24:30.532,ACT/USDT:USDT,0.04588,2056.0,0.04584,6789.0,0.04591,18.0,0.04596,865.0
1753547071689,16:24:31.689,ACT/USDT:USDT,0.04588,2056.0,0.04585,4415.0,0.04591,18.0,0.04593,246.0
1753547072190,16:24:32.190,ACT/USDT:USDT,0.04588,2056.0,0.04585,4415.0,0.04591,17.0,0.04593,246.0
1753547072691,16:24:32.691,ACT/USDT:USDT,0.04588,2879.0,0.04584,14477.0,0.0459,14.0,0.04591,5.0
1753547073190,16:24:33.190,ACT/USDT:USDT,0.04589,2872.0,0.04588,7.0,0.04591,5.0,0.04593,13.0
1753547073693,16:24:33.693,ACT/USDT:USDT,0.04591,346.0,0.04588,7.0,0.04593,4.0,0.04594,4089.0
1753547074192,16:24:34.192,ACT/USDT:USDT,0.04591,347.0,0.04588,2.0,0.04593,4.0,0.04594,4089.0
1753547074693,16:24:34.693,ACT/USDT:USDT,0.04591,1546.0,0.04588,2.0,0.04593,4.0,0.04594,3234.0
1753547075546,16:24:35.546,ACT/USDT:USDT,0.04591,1546.0,0.04588,3726.0,0.04593,4.0,0.04594,4795.0
1753547075696,16:24:35.696,ACT/USDT:USDT,0.04591,1546.0,0.04588,3726.0,0.04594,4797.0,0.04599,4581.0
1753547076696,16:24:36.696,ACT/USDT:USDT,0.04591,1583.0,0.0459,4073.0,0.04593,4795.0,0.04594,2.0
1753547077197,16:24:37.197,ACT/USDT:USDT,0.04591,1583.0,0.0459,4073.0,0.04593,4795.0,0.04594,2.0
1753547077698,16:24:37.698,ACT/USDT:USDT,0.04591,2001.0,0.0459,2687.0,0.04593,4440.0,0.04595,2168.0
1753547078550,16:24:38.550,ACT/USDT:USDT,0.04591,2005.0,0.0459,3229.0,0.04593,4.0,0.04594,4436.0
1753547079550,16:24:39.550,ACT/USDT:USDT,0.04591,2030.0,0.04588,2543.0,0.04593,4.0,0.04594,6022.0
1753547080201,16:24:40.201,ACT/USDT:USDT,0.04591,2029.0,0.04588,2543.0,0.04594,6027.0,0.04598,8574.0
1753547080701,16:24:40.701,ACT/USDT:USDT,0.04591,2029.0,0.04588,2543.0,0.04593,6027.0,0.04598,7207.0
1753547081202,16:24:41.202,ACT/USDT:USDT,0.04591,2029.0,0.04588,2543.0,0.04593,6023.0,0.04598,7207.0
1753547081702,16:24:41.702,ACT/USDT:USDT,0.04591,2029.0,0.04588,2543.0,0.04594,6024.0,0.04596,4038.0
1753547082240,16:24:42.240,ACT/USDT:USDT,0.04591,2029.0,0.04588,2.0,0.04594,6024.0,0.04596,4038.0
1753547082703,16:24:42.703,ACT/USDT:USDT,0.04591,1661.0,0.04586,4077.0,0.04594,6985.0,0.04597,3920.0
1753547083710,16:24:43.710,ACT/USDT:USDT,0.04591,1661.0,0.04586,4005.0,0.04593,6982.0,0.04594,4.0
1753547084207,16:24:44.207,ACT/USDT:USDT,0.04591,1661.0,0.04588,6626.0,0.04593,6982.0,0.04594,4.0
1753547084709,16:24:44.709,ACT/USDT:USDT,0.04591,1660.0,0.04588,6626.0,0.04593,2.0,0.04594,6984.0
1753547085210,16:24:45.210,ACT/USDT:USDT,0.04591,1660.0,0.04588,6626.0,0.04594,6988.0,0.04599,3780.0
1753547085710,16:24:45.710,ACT/USDT:USDT,0.04591,1659.0,0.04589,5608.0,0.04594,5437.0,0.04597,8158.0
1753547086220,16:24:46.220,ACT/USDT:USDT,0.04591,1657.0,0.04589,5608.0,0.04594,5437.0,0.04597,8158.0
1753547086713,16:24:46.713,ACT/USDT:USDT,0.04591,1657.0,0.04589,5209.0,0.04593,6981.0,0.04594,4.0
1753547087216,16:24:47.216,ACT/USDT:USDT,0.04591,1657.0,0.04589,5209.0,0.04593,6981.0,0.04594,4.0
1753547087713,16:24:47.713,ACT/USDT:USDT,0.04591,1658.0,0.04588,3447.0,0.04593,6984.0,0.04594,4.0
1753547088559,16:24:48.559,ACT/USDT:USDT,0.04591,1658.0,0.04588,661.0,0.04593,4.0,0.04594,6984.0
1753547088715,16:24:48.715,ACT/USDT:USDT,0.04591,1658.0,0.04588,661.0,0.04594,6986.0,0.04597,980.0
1753547089560,16:24:49.560,ACT/USDT:USDT,0.04591,2244.0,0.04589,1433.0,0.04593,5394.0,0.04594,8.0
1753547090218,16:24:50.218,ACT/USDT:USDT,0.04591,2245.0,0.04589,1433.0,0.04593,5394.0,0.04594,8.0
1753547090718,16:24:50.718,ACT/USDT:USDT,0.04591,2236.0,0.04588,661.0,0.04594,6988.0,0.04596,9751.0
1753547091218,16:24:51.218,ACT/USDT:USDT,0.04591,2238.0,0.04588,661.0,0.04594,6988.0,0.04596,9751.0
1753547091719,16:24:51.719,ACT/USDT:USDT,0.04591,2238.0,0.0459,5785.0,0.04594,6989.0,0.04597,2099.0
1753547092720,16:24:52.720,ACT/USDT:USDT,0.04591,2235.0,0.04589,9912.0,0.04593,6984.0,0.04594,4.0
1753547093723,16:24:53.723,ACT/USDT:USDT,0.04591,2263.0,0.04588,8315.0,0.04593,4.0,0.04594,6984.0
1753547094225,16:24:54.225,ACT/USDT:USDT,0.04591,2264.0,0.04588,8315.0,0.04593,4.0,0.04594,6984.0
1753547094723,16:24:54.723,ACT/USDT:USDT,0.04591,1678.0,0.04588,4363.0,0.04593,4.0,0.04594,6984.0
1753547095223,16:24:55.223,ACT/USDT:USDT,0.04591,1678.0,0.04588,4363.0,0.04594,6986.0,0.04599,4626.0
1753547095724,16:24:55.724,ACT/USDT:USDT,0.04591,1656.0,0.04588,4432.0,0.04594,6986.0,0.04599,4609.0
1753547096568,16:24:56.568,ACT/USDT:USDT,0.04591,1678.0,0.04588,4363.0,0.04593,6980.0,0.04594,6.0
1753547097560,16:24:57.560,ACT/USDT:USDT,0.04591,1679.0,0.04586,1989.0,0.04593,6984.0,0.04594,4.0
1753547097727,16:24:57.727,ACT/USDT:USDT,0.04591,1679.0,0.04589,2296.0,0.04594,6985.0,0.04599,8985.0
1753547098229,16:24:58.229,ACT/USDT:USDT,0.04591,1678.0,0.04589,2296.0,0.04594,6985.0,0.04599,8985.0
1753547098733,16:24:58.733,ACT/USDT:USDT,0.04591,1679.0,0.04588,2208.0,0.04593,6980.0,0.04594,5.0
1753547099231,16:24:59.231,ACT/USDT:USDT,0.04591,1681.0,0.04588,2208.0,0.04593,6980.0,0.04594,5.0
1753547100353,16:25:00.353,ACT/USDT:USDT,0.04591,10.0,0.0459,1649.0,0.04593,7504.0,0.04594,9.0
1753547100735,16:25:00.735,ACT/USDT:USDT,0.04591,5.0,0.0459,751.0,0.04593,974.0,0.04594,9.0
1753547101736,16:25:01.736,ACT/USDT:USDT,0.04591,5.0,0.0459,632.0,0.04593,974.0,0.04594,9.0
1753547102737,16:25:02.737,ACT/USDT:USDT,0.04591,5.0,0.0459,574.0,0.04592,974.0,0.04593,4.0
1753547103239,16:25:03.239,ACT/USDT:USDT,0.04591,5.0,0.0459,578.0,0.04592,974.0,0.04593,4.0
1753547103871,16:25:03.871,ACT/USDT:USDT,0.04593,658.0,0.04592,585.0,0.04594,4.0,0.04596,1686.0
1753547104240,16:25:04.240,ACT/USDT:USDT,0.04593,1750.0,0.04591,5.0,0.04594,4.0,0.04597,344.0
1753547104738,16:25:04.738,ACT/USDT:USDT,0.04593,1753.0,0.04591,3248.0,0.04594,4.0,0.04596,357.0
1753547105638,16:25:05.638,ACT/USDT:USDT,0.04593,3.0,0.04591,257.0,0.04594,1098.0,0.04595,3.0
1753547106740,16:25:06.740,ACT/USDT:USDT,0.04589,2.0,0.04588,2990.0,0.0459,884.0,0.04594,4.0
1753547107242,16:25:07.242,ACT/USDT:USDT,0.04589,2.0,0.04588,2990.0,0.0459,884.0,0.04594,4.0
1753547107744,16:25:07.744,ACT/USDT:USDT,0.04588,1780.0,0.04587,58.0,0.0459,1.0,0.04591,683.0
1753547108571,16:25:08.571,ACT/USDT:USDT,0.04588,1780.0,0.04583,4292.0,0.0459,1.0,0.04591,683.0
1753547108743,16:25:08.743,ACT/USDT:USDT,0.04588,1780.0,0.04583,4292.0,0.04591,687.0,0.04594,4.0
1753547109744,16:25:09.744,ACT/USDT:USDT,0.04588,1780.0,0.04583,4237.0,0.04591,688.0,0.04594,4.0
1753547110245,16:25:10.245,ACT/USDT:USDT,0.04588,1780.0,0.04583,4237.0,0.04591,688.0,0.04594,4.0
1753547110747,16:25:10.747,ACT/USDT:USDT,0.04588,1845.0,0.04584,861.0,0.04591,688.0,0.04593,5120.0
1753547111248,16:25:11.248,ACT/USDT:USDT,0.04588,1847.0,0.04584,861.0,0.04591,688.0,0.04593,5120.0
1753547111748,16:25:11.748,ACT/USDT:USDT,0.04588,1847.0,0.04583,2301.0,0.04591,685.0,0.04594,4.0
1753547112249,16:25:12.249,ACT/USDT:USDT,0.04588,1847.0,0.04583,2301.0,0.04591,685.0,0.04594,4.0
1753547112749,16:25:12.749,ACT/USDT:USDT,0.04588,1985.0,0.04585,10541.0,0.04591,361.0,0.04592,583.0
1753547113576,16:25:13.576,ACT/USDT:USDT,0.04588,1985.0,0.04587,265.0,0.04591,363.0,0.04595,210.0
1753547113751,16:25:13.751,ACT/USDT:USDT,0.04588,1985.0,0.04587,5032.0,0.04591,363.0,0.04595,210.0
1753547114752,16:25:14.752,ACT/USDT:USDT,0.04588,2040.0,0.04587,4767.0,0.0459,359.0,0.04591,4.0
1753547115757,16:25:15.757,ACT/USDT:USDT,0.04588,2040.0,0.04587,4767.0,0.0459,359.0,0.04591,4.0
1753547116255,16:25:16.255,ACT/USDT:USDT,0.04588,2039.0,0.04587,4767.0,0.0459,359.0,0.04591,4.0
1753547116755,16:25:16.755,ACT/USDT:USDT,0.04588,1996.0,0.04587,4767.0,0.04591,365.0,0.04592,6411.0
1753547117255,16:25:17.255,ACT/USDT:USDT,0.04588,1998.0,0.04587,4767.0,0.04591,365.0,0.04592,6411.0
1753547117756,16:25:17.756,ACT/USDT:USDT,0.04588,2041.0,0.04586,4574.0,0.04591,374.0,0.04596,888.0
1753547118259,16:25:18.259,ACT/USDT:USDT,0.04588,2040.0,0.04586,4574.0,0.04591,374.0,0.04596,888.0
1753547118758,16:25:18.758,ACT/USDT:USDT,0.04588,2040.0,0.04585,4756.0,0.04591,374.0,0.04592,2454.0
1753547119579,16:25:19.579,ACT/USDT:USDT,0.04588,2040.0,0.04585,3054.0,0.04591,374.0,0.04595,7395.0
1753547119759,16:25:19.759,ACT/USDT:USDT,0.04588,2040.0,0.04585,3054.0,0.04591,374.0,0.04595,7395.0
1753547120760,16:25:20.760,ACT/USDT:USDT,0.04588,2040.0,0.04585,3054.0,0.04591,372.0,0.04596,5745.0
1753547121263,16:25:21.263,ACT/USDT:USDT,0.04588,2040.0,0.04585,3054.0,0.04591,372.0,0.04596,5745.0
1753547121762,16:25:21.762,ACT/USDT:USDT,0.04588,2040.0,0.04585,4052.0,0.04591,375.0,0.04595,3546.0
1753547122262,16:25:22.262,ACT/USDT:USDT,0.04588,2040.0,0.04585,4052.0,0.04591,375.0,0.04595,3546.0
1753547122768,16:25:22.768,ACT/USDT:USDT,0.04588,1997.0,0.04585,3054.0,0.0459,369.0,0.04591,4.0
1753547123265,16:25:23.265,ACT/USDT:USDT,0.04588,1997.0,0.04585,3054.0,0.0459,368.0,0.04591,4.0
1753547123766,16:25:23.766,ACT/USDT:USDT,0.04588,1997.0,0.04585,8302.0,0.04591,375.0,0.04596,544.0
1753547124585,16:25:24.585,ACT/USDT:USDT,0.04588,1973.0,0.04585,3054.0,0.04591,375.0,0.04592,1669.0
1753547124768,16:25:24.768,ACT/USDT:USDT,0.04588,1973.0,0.04585,3054.0,0.04591,374.0,0.04592,1669.0
1753547126268,16:25:26.268,ACT/USDT:USDT,0.04588,2018.0,0.04585,4756.0,0.04591,375.0,0.04595,1185.0
1753547126771,16:25:26.771,ACT/USDT:USDT,0.04588,1975.0,0.04585,7123.0,0.04591,371.0,0.04596,1695.0
1753547127772,16:25:27.772,ACT/USDT:USDT,0.04588,2042.0,0.04586,8069.0,0.04591,392.0,0.04595,100.0
1753547128275,16:25:28.275,ACT/USDT:USDT,0.04589,2037.0,0.04588,1.0,0.04591,8.0,0.04592,384.0
1753547128775,16:25:28.775,ACT/USDT:USDT,0.04589,488.0,0.04588,1.0,0.04591,8.0,0.04592,736.0
1753547129588,16:25:29.588,ACT/USDT:USDT,0.04589,3.0,0.04588,2027.0,0.04591,387.0,0.04592,4.0
1753547129775,16:25:29.775,ACT/USDT:USDT,0.04588,2028.0,0.04586,10626.0,0.04591,387.0,0.04592,4.0
1753547131279,16:25:31.279,ACT/USDT:USDT,0.04588,1.0,0.04586,256.0,0.04589,2562.0,0.0459,1079.0
1753547131777,16:25:31.777,ACT/USDT:USDT,0.04588,1.0,0.04586,258.0,0.0459,2562.0,0.04591,4.0
1753547132278,16:25:32.278,ACT/USDT:USDT,0.04588,1.0,0.04586,5.0,0.04589,3046.0,0.04591,4.0
1753547132779,16:25:32.779,ACT/USDT:USDT,0.04588,1.0,0.04585,3705.0,0.04589,458.0,0.04591,4.0
1753547133279,16:25:33.279,ACT/USDT:USDT,0.04588,1.0,0.04586,650.0,0.0459,460.0,0.04591,7678.0
1753547134280,16:25:34.280,ACT/USDT:USDT,0.04588,1.0,0.04586,25.0,0.0459,2356.0,0.04591,4.0
1753547134780,16:25:34.780,ACT/USDT:USDT,0.04588,1.0,0.04586,676.0,0.0459,2356.0,0.04591,4.0
1753547135282,16:25:35.282,ACT/USDT:USDT,0.04588,1.0,0.04586,676.0,0.0459,2356.0,0.04591,4.0
1753547135593,16:25:35.593,ACT/USDT:USDT,0.04588,1.0,0.04586,676.0,0.0459,2356.0,0.04591,4.0
1753547136162,16:25:36.162,ACT/USDT:USDT,0.04588,1.0,0.04586,4.0,0.04589,2353.0,0.0459,3.0
1753547136784,16:25:36.784,ACT/USDT:USDT,0.04585,3728.0,0.04582,4813.0,0.04588,343.0,0.0459,3.0
1753547137286,16:25:37.286,ACT/USDT:USDT,0.04585,4642.0,0.04583,5381.0,0.04589,343.0,0.0459,3.0
1753547137787,16:25:37.787,ACT/USDT:USDT,0.04585,4642.0,0.04583,6247.0,0.04589,763.0,0.04591,4.0
1753547138287,16:25:38.287,ACT/USDT:USDT,0.04585,4642.0,0.04583,6247.0,0.04589,765.0,0.04591,4.0
1753547138788,16:25:38.788,ACT/USDT:USDT,0.04585,4640.0,0.0458,6082.0,0.04588,762.0,0.04589,7372.0
1753547139288,16:25:39.288,ACT/USDT:USDT,0.04585,4643.0,0.0458,6082.0,0.04588,762.0,0.04589,7372.0
1753547139789,16:25:39.789,ACT/USDT:USDT,0.04585,4643.0,0.04581,4273.0,0.04589,765.0,0.04591,4.0
1753547140294,16:25:40.294,ACT/USDT:USDT,0.04585,4640.0,0.04581,4273.0,0.04589,765.0,0.04591,4.0
1753547140790,16:25:40.790,ACT/USDT:USDT,0.04585,3971.0,0.0458,11183.0,0.04588,762.0,0.04589,3.0
1753547141598,16:25:41.598,ACT/USDT:USDT,0.04585,3971.0,0.04582,5218.0,0.04588,763.0,0.04591,4.0
1753547141793,16:25:41.793,ACT/USDT:USDT,0.04585,3971.0,0.04582,5218.0,0.04588,765.0,0.04591,4.0
1753547142629,16:25:42.629,ACT/USDT:USDT,0.04585,3970.0,0.04584,650.0,0.04588,3.0,0.04589,762.0
1753547142793,16:25:42.793,ACT/USDT:USDT,0.04585,915.0,0.04584,9242.0,0.04588,9.0,0.04589,762.0
1753547143601,16:25:43.601,ACT/USDT:USDT,0.04585,1358.0,0.04584,8592.0,0.04588,9.0,0.04589,762.0
1753547143796,16:25:43.796,ACT/USDT:USDT,0.04585,1358.0,0.04584,8592.0,0.04588,5.0,0.04589,764.0
1753547144602,16:25:44.602,ACT/USDT:USDT,0.04585,1355.0,0.04584,9310.0,0.04588,5.0,0.04589,764.0
1753547144800,16:25:44.800,ACT/USDT:USDT,0.04585,1355.0,0.04584,9310.0,0.04588,5.0,0.04589,764.0
1753547145602,16:25:45.602,ACT/USDT:USDT,0.04585,1376.0,0.04584,8592.0,0.04588,5.0,0.04589,763.0
1753547146300,16:25:46.300,ACT/USDT:USDT,0.04585,1375.0,0.04584,8592.0,0.04588,5.0,0.04589,763.0
1753547146801,16:25:46.801,ACT/USDT:USDT,0.04585,1375.0,0.04584,14609.0,0.04588,767.0,0.04589,1.0
1753547147395,16:25:47.395,ACT/USDT:USDT,0.04585,1363.0,0.04584,11789.0,0.04588,236.0,0.04593,2474.0
1753547147801,16:25:47.801,ACT/USDT:USDT,0.04585,1363.0,0.04584,8592.0,0.04588,781.0,0.04592,774.0
1753547148607,16:25:48.607,ACT/USDT:USDT,0.04585,1362.0,0.04584,8592.0,0.04588,781.0,0.04592,5431.0
1753547148802,16:25:48.802,ACT/USDT:USDT,0.04585,1362.0,0.04584,8592.0,0.04588,781.0,0.04592,5431.0
1753547149605,16:25:49.605,ACT/USDT:USDT,0.04585,1365.0,0.04584,8592.0,0.04588,6.0,0.04589,775.0
1753547149803,16:25:49.803,ACT/USDT:USDT,0.04585,1365.0,0.04584,8592.0,0.04588,6.0,0.04589,775.0
1753547150805,16:25:50.805,ACT/USDT:USDT,0.04585,1380.0,0.04584,8592.0,0.04588,5.0,0.04589,776.0
1753547151307,16:25:51.307,ACT/USDT:USDT,0.04585,1380.0,0.04584,8592.0,0.04588,5.0,0.04589,778.0
1753547151932,16:25:51.932,ACT/USDT:USDT,0.04585,1383.0,0.04584,8592.0,0.04588,780.0,0.04589,3.0
1753547152308,16:25:52.308,ACT/USDT:USDT,0.04584,8592.0,0.04582,8835.0,0.04585,2.0,0.04586,295.0
1753547152808,16:25:52.808,ACT/USDT:USDT,0.04584,8592.0,0.04582,7071.0,0.04585,357.0,0.04588,6398.0
1753547153608,16:25:53.608,ACT/USDT:USDT,0.04582,7071.0,0.0458,7415.0,0.04584,352.0,0.04585,6490.0
1753547153809,16:25:53.809,ACT/USDT:USDT,0.04582,7071.0,0.0458,7415.0,0.04584,353.0,0.04585,6485.0
1753547154613,16:25:54.613,ACT/USDT:USDT,0.04582,7071.0,0.04579,3228.0,0.04584,1.0,0.04585,352.0
1753547154811,16:25:54.811,ACT/USDT:USDT,0.04582,7071.0,0.04579,3228.0,0.04585,354.0,0.04588,500.0
1753547155812,16:25:55.812,ACT/USDT:USDT,0.04582,7071.0,0.04578,7832.0,0.04585,345.0,0.04586,1443.0
1753547156815,16:25:56.815,ACT/USDT:USDT,0.04582,7340.0,0.04578,4880.0,0.04585,345.0,0.04588,1924.0
1753547157316,16:25:57.316,ACT/USDT:USDT,0.04582,7340.0,0.04578,4880.0,0.04585,344.0,0.04588,1924.0
1753547157818,16:25:57.818,ACT/USDT:USDT,0.04582,7339.0,0.0458,5096.0,0.04584,346.0,0.04588,5.0
1753547158819,16:25:58.819,ACT/USDT:USDT,0.04582,7339.0,0.04581,6873.0,0.04585,347.0,0.04587,5715.0
1753547159318,16:25:59.318,ACT/USDT:USDT,0.04582,7339.0,0.04581,6873.0,0.04585,347.0,0.04587,5715.0
1753547159819,16:25:59.819,ACT/USDT:USDT,0.04582,7339.0,0.04578,8221.0,0.04585,358.0,0.04588,5.0
1753547160615,16:26:00.615,ACT/USDT:USDT,0.04583,1987.0,0.04582,6371.0,0.04585,5.0,0.04586,966.0
1753547160820,16:26:00.820,ACT/USDT:USDT,0.04583,1987.0,0.04582,6371.0,0.04585,5.0,0.04586,966.0
1753547161613,16:26:01.613,ACT/USDT:USDT,0.04583,1990.0,0.04582,6370.0,0.04585,5.0,0.04586,375.0
1753547162323,16:26:02.323,ACT/USDT:USDT,0.04584,1987.0,0.04583,3.0,0.04586,4.0,0.04587,375.0
1753547162825,16:26:02.825,ACT/USDT:USDT,0.04584,1433.0,0.04582,6370.0,0.04587,30.0,0.04588,5.0
1753547163824,16:26:03.824,ACT/USDT:USDT,0.04585,4.0,0.04583,2110.0,0.04586,343.0,0.04587,2.0
1753547164616,16:26:04.616,ACT/USDT:USDT,0.04585,4.0,0.04583,789.0,0.04587,1011.0,0.04588,5.0
1753547165050,16:26:05.050,ACT/USDT:USDT,0.04583,1.0,0.04582,8863.0,0.04586,674.0,0.04587,2.0
1753547165615,16:26:05.615,ACT/USDT:USDT,0.04583,1.0,0.04582,8677.0,0.04586,1378.0,0.04587,2.0
1753547166329,16:26:06.329,ACT/USDT:USDT,0.04583,1.0,0.04582,8677.0,0.04586,1381.0,0.04588,7607.0
1753547166831,16:26:06.831,ACT/USDT:USDT,0.04582,7964.0,0.0458,4837.0,0.04586,1381.0,0.04588,5.0
1753547167331,16:26:07.331,ACT/USDT:USDT,0.04582,7964.0,0.0458,4837.0,0.04586,1381.0,0.04588,5.0
1753547167832,16:26:07.832,ACT/USDT:USDT,0.04582,7360.0,0.04581,3542.0,0.04585,1378.0,0.04586,1.0
1753547168334,16:26:08.334,ACT/USDT:USDT,0.04582,7360.0,0.04581,3542.0,0.04585,1378.0,0.04586,1.0
1753547169340,16:26:09.340,ACT/USDT:USDT,0.04582,7360.0,0.04578,1334.0,0.04586,1383.0,0.04588,5.0
1753547169966,16:26:09.966,ACT/USDT:USDT,0.04583,985.0,0.04582,6375.0,0.04586,1383.0,0.04588,5.0
1753547170623,16:26:10.623,ACT/USDT:USDT,0.04583,1119.0,0.04582,6370.0,0.04585,22.0,0.04586,5.0
1753547170838,16:26:10.838,ACT/USDT:USDT,0.04583,1119.0,0.04582,6370.0,0.04585,27.0,0.04587,1200.0
1753547171621,16:26:11.621,ACT/USDT:USDT,0.04583,1116.0,0.04582,6370.0,0.04585,27.0,0.04588,5.0
1753547171839,16:26:11.839,ACT/USDT:USDT,0.04583,1118.0,0.04582,6370.0,0.04585,27.0,0.04588,5.0
1753547172840,16:26:12.840,ACT/USDT:USDT,0.04583,1240.0,0.04582,6936.0,0.04585,3.0,0.04586,26.0
1753547173341,16:26:13.341,ACT/USDT:USDT,0.04584,1234.0,0.04583,3.0,0.04585,3.0,0.04586,26.0
1753547173622,16:26:13.622,ACT/USDT:USDT,0.04584,673.0,0.04583,3.0,0.04585,3.0,0.04586,4.0
1753547173842,16:26:13.842,ACT/USDT:USDT,0.04584,673.0,0.04583,3.0,0.04585,3.0,0.04586,4.0
1753547174843,16:26:14.843,ACT/USDT:USDT,0.04584,1092.0,0.04583,3.0,0.04585,3.0,0.04586,325.0
1753547175343,16:26:15.343,ACT/USDT:USDT,0.04584,1092.0,0.04583,10666.0,0.04585,3.0,0.04586,325.0
1753547175845,16:26:15.845,ACT/USDT:USDT,0.04584,1095.0,0.04583,10666.0,0.04585,3.0,0.04586,1.0
1753547176344,16:26:16.344,ACT/USDT:USDT,0.04584,1095.0,0.04583,10666.0,0.04585,3.0,0.04587,328.0
1753547176845,16:26:16.845,ACT/USDT:USDT,0.04584,1095.0,0.04583,10666.0,0.04585,3.0,0.04586,324.0
1753547177346,16:26:17.346,ACT/USDT:USDT,0.04584,1093.0,0.04583,10666.0,0.04585,3.0,0.04586,324.0
1753547177847,16:26:17.847,ACT/USDT:USDT,0.04584,1092.0,0.04583,4695.0,0.04585,3.0,0.04587,329.0
1753547178633,16:26:18.633,ACT/USDT:USDT,0.04584,1104.0,0.04583,4781.0,0.04585,3.0,0.04586,324.0
1753547179627,16:26:19.627,ACT/USDT:USDT,0.04584,1102.0,0.04583,3.0,0.04585,3.0,0.04587,329.0
1753547179859,16:26:19.859,ACT/USDT:USDT,0.04584,1102.0,0.04583,3.0,0.04585,3.0,0.04587,327.0
1753547180632,16:26:20.632,ACT/USDT:USDT,0.04584,1093.0,0.04583,9116.0,0.04585,3.0,0.04587,326.0
