timestamp,time,symbol,bid1_price,bid1_volume,bid2_price,bid2_volume,ask1_price,ask1_volume,ask2_price,ask2_volume
1753546946117,16:22:26.117,AERGO/USDT:USDT,0.13344,2852.0,0.13343,175.0,0.13347,76.0,0.13348,3162.0
1753546946302,16:22:26.302,AERGO/USDT:USDT,0.13344,2852.0,0.13343,175.0,0.13347,76.0,0.13348,3162.0
1753546946902,16:22:26.902,AERGO/USDT:USDT,0.13344,2852.0,0.13343,175.0,0.13347,76.0,0.13348,3162.0
1753546947185,16:22:27.185,AERGO/USDT:USDT,0.13344,2852.0,0.13343,175.0,0.13347,76.0,0.13348,3162.0
1753546947288,16:22:27.288,AERGO/USDT:USDT,0.13344,2852.0,0.13343,175.0,0.13347,76.0,0.13348,3162.0
1753546948202,16:22:28.202,AERGO/USDT:USDT,0.13344,2852.0,0.13343,175.0,0.13347,76.0,0.13348,3162.0
1753546948416,16:22:28.416,AERGO/USDT:USDT,0.13345,40.0,0.13344,2852.0,0.13347,76.0,0.13348,3162.0
1753546948557,16:22:28.557,AERGO/USDT:USDT,0.13345,40.0,0.13344,2852.0,0.13347,76.0,0.13348,3162.0
1753546948802,16:22:28.802,AERGO/USDT:USDT,0.13345,40.0,0.13344,2852.0,0.13347,76.0,0.13348,3162.0
1753546949368,16:22:29.368,AERGO/USDT:USDT,0.13345,364.0,0.13343,287.0,0.13347,451.0,0.13348,3162.0
1753546950602,16:22:30.602,AERGO/USDT:USDT,0.13345,364.0,0.13343,287.0,0.13347,451.0,0.13348,3162.0
1753546952402,16:22:32.402,AERGO/USDT:USDT,0.13345,364.0,0.13343,287.0,0.13347,451.0,0.13348,3162.0
1753546953185,16:22:33.185,AERGO/USDT:USDT,0.13345,364.0,0.13343,287.0,0.13347,451.0,0.13348,166.0
1753546953802,16:22:33.802,AERGO/USDT:USDT,0.13345,364.0,0.13343,287.0,0.13347,451.0,0.13348,166.0
1753546954139,16:22:34.139,AERGO/USDT:USDT,0.13345,364.0,0.13343,287.0,0.13347,451.0,0.13348,166.0
1753546955002,16:22:35.002,AERGO/USDT:USDT,0.13345,364.0,0.13343,287.0,0.13347,451.0,0.13348,166.0
1753546955602,16:22:35.602,AERGO/USDT:USDT,0.13345,364.0,0.13343,287.0,0.13347,451.0,0.13348,166.0
1753546955802,16:22:35.802,AERGO/USDT:USDT,0.13345,364.0,0.13343,287.0,0.13347,451.0,0.13348,166.0
1753546955972,16:22:35.972,AERGO/USDT:USDT,0.13345,364.0,0.13343,287.0,0.13347,451.0,0.13348,166.0
1753546956202,16:22:36.202,AERGO/USDT:USDT,0.13345,364.0,0.13343,287.0,0.13347,451.0,0.13348,166.0
1753546956802,16:22:36.802,AERGO/USDT:USDT,0.13345,364.0,0.13343,287.0,0.13347,451.0,0.13348,166.0
1753546957102,16:22:37.102,AERGO/USDT:USDT,0.13345,364.0,0.13343,287.0,0.13347,451.0,0.13348,166.0
1753546957402,16:22:37.402,AERGO/USDT:USDT,0.13345,364.0,0.13343,287.0,0.13347,451.0,0.13348,166.0
1753546958002,16:22:38.002,AERGO/USDT:USDT,0.13345,364.0,0.13343,287.0,0.13347,451.0,0.13348,166.0
1753546959185,16:22:39.185,AERGO/USDT:USDT,0.13345,364.0,0.13343,287.0,0.13347,451.0,0.13348,2160.0
1753546959288,16:22:39.288,AERGO/USDT:USDT,0.13345,364.0,0.13343,287.0,0.13347,451.0,0.13348,2160.0
1753546959802,16:22:39.802,AERGO/USDT:USDT,0.13345,364.0,0.13343,287.0,0.13347,451.0,0.13348,2160.0
1753546960056,16:22:40.056,AERGO/USDT:USDT,0.13345,364.0,0.13343,287.0,0.13347,451.0,0.13348,2036.0
1753546960270,16:22:40.270,AERGO/USDT:USDT,0.13345,364.0,0.13343,287.0,0.13347,3330.0,0.13348,2036.0
1753546960896,16:22:40.896,AERGO/USDT:USDT,0.13345,364.0,0.13343,287.0,0.13347,3330.0,0.13348,2036.0
1753546961072,16:22:41.072,AERGO/USDT:USDT,0.13345,364.0,0.13343,287.0,0.13347,3330.0,0.13348,2036.0
1753546961182,16:22:41.182,AERGO/USDT:USDT,0.13345,364.0,0.13343,287.0,0.13347,3330.0,0.13348,2036.0
1753546961426,16:22:41.426,AERGO/USDT:USDT,0.13345,364.0,0.13343,287.0,0.13347,3330.0,0.13348,2036.0
1753546961986,16:22:41.986,AERGO/USDT:USDT,0.13345,364.0,0.13343,287.0,0.13347,3330.0,0.13348,2036.0
1753546962545,16:22:42.545,AERGO/USDT:USDT,0.13345,364.0,0.13343,287.0,0.13347,3330.0,0.13348,2036.0
1753546963630,16:22:43.630,AERGO/USDT:USDT,0.13345,364.0,0.13343,287.0,0.13347,3330.0,0.13348,2036.0
1753546964146,16:22:44.146,AERGO/USDT:USDT,0.13345,364.0,0.13343,287.0,0.13347,3330.0,0.13348,2036.0
1753546964688,16:22:44.688,AERGO/USDT:USDT,0.13345,364.0,0.13343,287.0,0.13347,3330.0,0.13348,2036.0
1753546964796,16:22:44.796,AERGO/USDT:USDT,0.13345,364.0,0.13343,287.0,0.13347,3330.0,0.13348,2036.0
1753546964948,16:22:44.948,AERGO/USDT:USDT,0.13345,364.0,0.13343,287.0,0.13347,3330.0,0.13348,2036.0
1753546965826,16:22:45.826,AERGO/USDT:USDT,0.13345,364.0,0.13343,287.0,0.13347,3330.0,0.13348,2036.0
1753546966336,16:22:46.336,AERGO/USDT:USDT,0.13345,364.0,0.13343,287.0,0.13347,3330.0,0.13348,2036.0
1753546966895,16:22:46.895,AERGO/USDT:USDT,0.13345,364.0,0.13343,287.0,0.13347,3330.0,0.13348,2036.0
1753546967389,16:22:47.389,AERGO/USDT:USDT,0.13345,364.0,0.13343,287.0,0.13347,3330.0,0.13348,2036.0
1753546967985,16:22:47.985,AERGO/USDT:USDT,0.13345,364.0,0.13343,287.0,0.13347,3330.0,0.13348,2036.0
1753546968546,16:22:48.546,AERGO/USDT:USDT,0.13345,364.0,0.13343,287.0,0.13347,3330.0,0.13348,2036.0
1753546969075,16:22:49.075,AERGO/USDT:USDT,0.13345,364.0,0.13343,287.0,0.13347,3330.0,0.13348,2036.0
1753546969185,16:22:49.185,AERGO/USDT:USDT,0.13345,364.0,0.13343,287.0,0.13347,3330.0,0.13348,2160.0
1753546969626,16:22:49.626,AERGO/USDT:USDT,0.13345,364.0,0.13343,287.0,0.13347,3330.0,0.13348,2160.0
1753546970186,16:22:50.186,AERGO/USDT:USDT,0.13345,364.0,0.13343,287.0,0.13347,3330.0,0.13348,2160.0
1753546970726,16:22:50.726,AERGO/USDT:USDT,0.13345,364.0,0.13343,287.0,0.13347,3330.0,0.13348,2160.0
1753546971276,16:22:51.276,AERGO/USDT:USDT,0.13345,364.0,0.13343,287.0,0.13347,3330.0,0.13348,2160.0
1753546971445,16:22:51.445,AERGO/USDT:USDT,0.13345,364.0,0.13343,287.0,0.13347,3330.0,0.13348,2160.0
1753546971739,16:22:51.739,AERGO/USDT:USDT,0.13345,364.0,0.13343,287.0,0.13347,3330.0,0.13348,2160.0
1753546971845,16:22:51.845,AERGO/USDT:USDT,0.13345,364.0,0.13343,287.0,0.13347,3330.0,0.13348,2160.0
1753546972295,16:22:52.295,AERGO/USDT:USDT,0.13345,364.0,0.13343,287.0,0.13347,3330.0,0.13348,2160.0
1753546972609,16:22:52.609,AERGO/USDT:USDT,0.13345,364.0,0.13343,287.0,0.13347,3330.0,0.13348,2160.0
1753546972807,16:22:52.807,AERGO/USDT:USDT,0.13345,364.0,0.13343,287.0,0.13347,3330.0,0.13348,2160.0
1753546973009,16:22:53.009,AERGO/USDT:USDT,0.13345,364.0,0.13343,287.0,0.13347,3330.0,0.13348,2160.0
1753546973355,16:22:53.355,AERGO/USDT:USDT,0.13345,364.0,0.13343,287.0,0.13347,3330.0,0.13348,2160.0
1753546973687,16:22:53.687,AERGO/USDT:USDT,0.13345,364.0,0.13343,287.0,0.13347,3330.0,0.13348,2160.0
1753546973906,16:22:53.906,AERGO/USDT:USDT,0.13345,364.0,0.13343,287.0,0.13347,3330.0,0.13348,2160.0
1753546974185,16:22:54.185,AERGO/USDT:USDT,0.13345,364.0,0.13343,287.0,0.13347,3330.0,0.13348,2160.0
1753546974375,16:22:54.375,AERGO/USDT:USDT,0.13345,364.0,0.13343,287.0,0.13347,3330.0,0.13348,2160.0
1753546974515,16:22:54.515,AERGO/USDT:USDT,0.13345,364.0,0.13343,287.0,0.13347,3330.0,0.13348,2160.0
1753546974764,16:22:54.764,AERGO/USDT:USDT,0.13345,364.0,0.13343,287.0,0.13347,3377.0,0.13348,2160.0
1753546975015,16:22:55.015,AERGO/USDT:USDT,0.13345,364.0,0.13343,287.0,0.13347,3377.0,0.13348,2160.0
1753546975355,16:22:55.355,AERGO/USDT:USDT,0.13345,364.0,0.13343,287.0,0.13347,3377.0,0.13348,2160.0
1753546975565,16:22:55.565,AERGO/USDT:USDT,0.13345,364.0,0.13343,287.0,0.13347,3377.0,0.13348,2160.0
1753546976115,16:22:56.115,AERGO/USDT:USDT,0.13345,364.0,0.13343,287.0,0.13347,3377.0,0.13348,2160.0
1753546976656,16:22:56.656,AERGO/USDT:USDT,0.13345,364.0,0.13343,287.0,0.13347,3377.0,0.13348,2160.0
1753546977215,16:22:57.215,AERGO/USDT:USDT,0.13345,364.0,0.13343,287.0,0.13347,3377.0,0.13348,2160.0
1753546977745,16:22:57.745,AERGO/USDT:USDT,0.13345,364.0,0.13343,287.0,0.13347,3377.0,0.13348,2160.0
1753546978286,16:22:58.286,AERGO/USDT:USDT,0.13345,364.0,0.13343,287.0,0.13347,3377.0,0.13348,2160.0
1753546978845,16:22:58.845,AERGO/USDT:USDT,0.13345,364.0,0.13343,287.0,0.13347,3377.0,0.13348,2160.0
1753546979396,16:22:59.396,AERGO/USDT:USDT,0.13345,364.0,0.13343,287.0,0.13347,3377.0,0.13348,2160.0
1753546979630,16:22:59.630,AERGO/USDT:USDT,0.13345,364.0,0.13343,287.0,0.13347,3377.0,0.13348,2160.0
1753546980118,16:23:00.118,AERGO/USDT:USDT,0.13345,364.0,0.13343,287.0,0.13347,3301.0,0.13348,2160.0
1753546980446,16:23:00.446,AERGO/USDT:USDT,0.13345,364.0,0.13343,287.0,0.13347,3301.0,0.13348,2160.0
1753546980996,16:23:00.996,AERGO/USDT:USDT,0.13345,364.0,0.13343,287.0,0.13347,3301.0,0.13348,2160.0
1753546981245,16:23:01.245,AERGO/USDT:USDT,0.13345,364.0,0.13343,287.0,0.13346,2909.0,0.13347,546.0
1753546981502,16:23:01.502,AERGO/USDT:USDT,0.13345,364.0,0.13343,287.0,0.13346,2909.0,0.13347,546.0
1753546981975,16:23:01.975,AERGO/USDT:USDT,0.13345,364.0,0.13343,287.0,0.13346,2909.0,0.13347,588.0
1753546982107,16:23:02.107,AERGO/USDT:USDT,0.13343,287.0,0.13342,469.0,0.13345,596.0,0.13346,3999.0
1753546982215,16:23:02.215,AERGO/USDT:USDT,0.13339,1320.0,0.13338,1400.0,0.13345,596.0,0.13346,3999.0
1753546982321,16:23:02.321,AERGO/USDT:USDT,0.13339,282.0,0.13338,1400.0,0.13345,3869.0,0.13346,1090.0
1753546982476,16:23:02.476,AERGO/USDT:USDT,0.13344,413.0,0.1334,287.0,0.13345,4156.0,0.13346,1501.0
1753546982586,16:23:02.586,AERGO/USDT:USDT,0.13344,413.0,0.1334,287.0,0.13345,1629.0,0.13346,1501.0
1753546982715,16:23:02.715,AERGO/USDT:USDT,0.13341,285.0,0.1334,287.0,0.13344,413.0,0.13345,960.0
1753546982820,16:23:02.820,AERGO/USDT:USDT,0.1334,287.0,0.13339,1306.0,0.13344,697.0,0.13345,1368.0
1753546982939,16:23:02.939,AERGO/USDT:USDT,0.1334,3135.0,0.13339,1732.0,0.13344,697.0,0.13345,772.0
1753546983043,16:23:03.043,AERGO/USDT:USDT,0.13341,2848.0,0.1334,287.0,0.13344,659.0,0.13345,772.0
1753546983513,16:23:03.513,AERGO/USDT:USDT,0.13341,2848.0,0.1334,287.0,0.13344,284.0,0.13345,772.0
1753546983655,16:23:03.655,AERGO/USDT:USDT,0.13341,2848.0,0.1334,287.0,0.13344,284.0,0.13345,772.0
1753546984256,16:23:04.256,AERGO/USDT:USDT,0.13341,2848.0,0.1334,287.0,0.13344,284.0,0.13345,772.0
1753546984504,16:23:04.504,AERGO/USDT:USDT,0.13341,2848.0,0.1334,287.0,0.13344,284.0,0.13345,772.0
1753546984670,16:23:04.670,AERGO/USDT:USDT,0.13341,2848.0,0.1334,287.0,0.13344,284.0,0.13345,772.0
1753546984903,16:23:04.903,AERGO/USDT:USDT,0.13341,2848.0,0.1334,287.0,0.13344,284.0,0.13345,772.0
1753546985272,16:23:05.272,AERGO/USDT:USDT,0.13341,2888.0,0.1334,287.0,0.13344,284.0,0.13345,772.0
1753546985965,16:23:05.965,AERGO/USDT:USDT,0.13341,2888.0,0.1334,287.0,0.13344,284.0,0.13345,772.0
1753546986237,16:23:06.237,AERGO/USDT:USDT,0.13341,2888.0,0.1334,287.0,0.13344,284.0,0.13345,408.0
1753546986347,16:23:06.347,AERGO/USDT:USDT,0.13341,2888.0,0.1334,287.0,0.13344,284.0,0.13345,408.0
1753546986493,16:23:06.493,AERGO/USDT:USDT,0.13342,2848.0,0.13341,40.0,0.13344,284.0,0.13345,408.0
1753546986613,16:23:06.613,AERGO/USDT:USDT,0.13342,2848.0,0.13341,40.0,0.13344,284.0,0.13345,408.0
1753546986781,16:23:06.781,AERGO/USDT:USDT,0.13342,2698.0,0.13341,40.0,0.13344,284.0,0.13345,408.0
1753546986968,16:23:06.968,AERGO/USDT:USDT,0.13342,2698.0,0.13341,40.0,0.13344,284.0,0.13345,408.0
1753546987071,16:23:07.071,AERGO/USDT:USDT,0.13342,2698.0,0.13341,40.0,0.13344,284.0,0.13345,408.0
1753546987602,16:23:07.602,AERGO/USDT:USDT,0.13342,2698.0,0.13341,40.0,0.13344,284.0,0.13345,408.0
1753546988202,16:23:08.202,AERGO/USDT:USDT,0.13342,2698.0,0.13341,40.0,0.13344,284.0,0.13345,408.0
1753546988502,16:23:08.502,AERGO/USDT:USDT,0.13342,2698.0,0.13341,40.0,0.13344,284.0,0.13345,408.0
1753546988802,16:23:08.802,AERGO/USDT:USDT,0.13342,2698.0,0.13341,40.0,0.13344,284.0,0.13345,408.0
1753546989185,16:23:09.185,AERGO/USDT:USDT,0.13342,2698.0,0.13341,40.0,0.13344,284.0,0.13345,408.0
1753546989402,16:23:09.402,AERGO/USDT:USDT,0.13342,2698.0,0.13341,40.0,0.13344,284.0,0.13345,408.0
1753546990002,16:23:10.002,AERGO/USDT:USDT,0.13342,2698.0,0.13341,40.0,0.13344,284.0,0.13345,408.0
1753546990327,16:23:10.327,AERGO/USDT:USDT,0.13342,2698.0,0.13341,40.0,0.13344,284.0,0.13345,408.0
1753546990586,16:23:10.586,AERGO/USDT:USDT,0.13342,2698.0,0.13341,40.0,0.13344,284.0,0.13345,408.0
1753546991119,16:23:11.119,AERGO/USDT:USDT,0.13342,2698.0,0.13341,40.0,0.13344,284.0,0.13345,408.0
1753546991702,16:23:11.702,AERGO/USDT:USDT,0.13342,2698.0,0.13341,40.0,0.13344,284.0,0.13345,408.0
1753546992302,16:23:12.302,AERGO/USDT:USDT,0.13342,2698.0,0.13341,40.0,0.13344,284.0,0.13345,408.0
1753546992702,16:23:12.702,AERGO/USDT:USDT,0.13342,2698.0,0.13341,40.0,0.13344,284.0,0.13345,408.0
1753546992805,16:23:12.805,AERGO/USDT:USDT,0.13342,2698.0,0.13341,40.0,0.13344,284.0,0.13345,408.0
1753546992915,16:23:12.915,AERGO/USDT:USDT,0.13342,2698.0,0.13341,40.0,0.13344,284.0,0.13345,408.0
1753546993702,16:23:13.702,AERGO/USDT:USDT,0.13342,2698.0,0.13341,40.0,0.13344,284.0,0.13345,408.0
1753546993902,16:23:13.902,AERGO/USDT:USDT,0.13342,2698.0,0.13341,40.0,0.13344,284.0,0.13345,408.0
1753546994102,16:23:14.102,AERGO/USDT:USDT,0.13342,2698.0,0.13341,40.0,0.13344,284.0,0.13345,408.0
1753546994302,16:23:14.302,AERGO/USDT:USDT,0.13342,2698.0,0.13341,40.0,0.13344,284.0,0.13345,408.0
1753546994902,16:23:14.902,AERGO/USDT:USDT,0.13342,2698.0,0.13341,40.0,0.13344,284.0,0.13345,408.0
1753546995185,16:23:15.185,AERGO/USDT:USDT,0.13344,2861.0,0.13343,2918.0,0.13346,287.0,0.13347,500.0
1753546995289,16:23:15.289,AERGO/USDT:USDT,0.13344,2861.0,0.13343,2918.0,0.13346,287.0,0.13347,500.0
1753546995394,16:23:15.394,AERGO/USDT:USDT,0.13344,2861.0,0.13343,57.0,0.13346,287.0,0.13347,500.0
1753546995501,16:23:15.501,AERGO/USDT:USDT,0.13344,2861.0,0.13343,57.0,0.13346,287.0,0.13347,500.0
1753546995883,16:23:15.883,AERGO/USDT:USDT,0.13344,2804.0,0.13343,57.0,0.13346,287.0,0.13347,500.0
1753546996002,16:23:16.002,AERGO/USDT:USDT,0.13344,2804.0,0.13343,57.0,0.13346,287.0,0.13347,500.0
1753546996126,16:23:16.126,AERGO/USDT:USDT,0.13344,2804.0,0.13343,57.0,0.13346,287.0,0.13347,500.0
1753546996513,16:23:16.513,AERGO/USDT:USDT,0.13344,2804.0,0.13343,57.0,0.13346,287.0,0.13347,500.0
1753546996638,16:23:16.638,AERGO/USDT:USDT,0.13343,57.0,0.13342,2861.0,0.13346,287.0,0.13347,1262.0
1753546996756,16:23:16.756,AERGO/USDT:USDT,0.13343,57.0,0.13342,2861.0,0.13346,287.0,0.13347,1262.0
1753546996858,16:23:16.858,AERGO/USDT:USDT,0.13343,57.0,0.13342,2861.0,0.13346,287.0,0.13347,1262.0
1753546997143,16:23:17.143,AERGO/USDT:USDT,0.13343,2918.0,0.13341,322.0,0.13346,287.0,0.13347,1262.0
1753546997246,16:23:17.246,AERGO/USDT:USDT,0.13343,2918.0,0.13341,322.0,0.13346,287.0,0.13347,500.0
1753546998109,16:23:18.109,AERGO/USDT:USDT,0.13343,2918.0,0.13341,322.0,0.13346,287.0,0.13347,500.0
1753546998227,16:23:18.227,AERGO/USDT:USDT,0.13343,2918.0,0.13341,322.0,0.13346,287.0,0.13347,500.0
1753546998516,16:23:18.516,AERGO/USDT:USDT,0.13343,2918.0,0.13341,322.0,0.13346,287.0,0.13347,500.0
1753546998624,16:23:18.624,AERGO/USDT:USDT,0.13343,2918.0,0.13341,322.0,0.13346,287.0,0.13347,500.0
1753546998726,16:23:18.726,AERGO/USDT:USDT,0.13343,2918.0,0.13341,322.0,0.13346,287.0,0.13347,500.0
1753546999202,16:23:19.202,AERGO/USDT:USDT,0.13343,2918.0,0.13341,322.0,0.13346,287.0,0.13347,500.0
1753546999802,16:23:19.802,AERGO/USDT:USDT,0.13343,2918.0,0.13341,322.0,0.13346,287.0,0.13347,500.0
1753547000076,16:23:20.076,AERGO/USDT:USDT,0.13343,2918.0,0.13341,322.0,0.13346,287.0,0.13347,500.0
1753547000902,16:23:20.902,AERGO/USDT:USDT,0.13343,2918.0,0.13341,322.0,0.13346,287.0,0.13347,500.0
1753547001235,16:23:21.235,AERGO/USDT:USDT,0.13343,2918.0,0.13341,322.0,0.13346,287.0,0.13347,500.0
1753547001337,16:23:21.337,AERGO/USDT:USDT,0.13343,2918.0,0.13341,322.0,0.13346,287.0,0.13347,500.0
1753547001475,16:23:21.475,AERGO/USDT:USDT,0.13343,2918.0,0.13341,322.0,0.13346,287.0,0.13347,500.0
1753547002363,16:23:22.363,AERGO/USDT:USDT,0.13343,2918.0,0.13341,322.0,0.13346,287.0,0.13347,500.0
1753547002602,16:23:22.602,AERGO/USDT:USDT,0.13343,2918.0,0.13341,322.0,0.13346,287.0,0.13347,500.0
1753547002725,16:23:22.725,AERGO/USDT:USDT,0.13343,2918.0,0.13341,322.0,0.13346,287.0,0.13347,500.0
1753547003075,16:23:23.075,AERGO/USDT:USDT,0.13343,2918.0,0.13341,322.0,0.13345,38.0,0.13346,411.0
1753547003224,16:23:23.224,AERGO/USDT:USDT,0.13343,2918.0,0.13341,322.0,0.13345,38.0,0.13346,411.0
1753547003493,16:23:23.493,AERGO/USDT:USDT,0.13343,2918.0,0.13341,322.0,0.13345,38.0,0.13346,411.0
1753547003702,16:23:23.702,AERGO/USDT:USDT,0.13343,2918.0,0.13341,322.0,0.13345,38.0,0.13346,411.0
1753547004302,16:23:24.302,AERGO/USDT:USDT,0.13343,2918.0,0.13341,322.0,0.13345,38.0,0.13346,411.0
1753547005335,16:23:25.335,AERGO/USDT:USDT,0.13343,2918.0,0.13341,322.0,0.13345,76.0,0.13346,411.0
1753547005774,16:23:25.774,AERGO/USDT:USDT,0.13343,2918.0,0.13341,322.0,0.13345,76.0,0.13346,411.0
1753547005978,16:23:25.978,AERGO/USDT:USDT,0.13343,2918.0,0.13341,322.0,0.13345,76.0,0.13346,411.0
1753547006102,16:23:26.102,AERGO/USDT:USDT,0.13343,2918.0,0.13341,322.0,0.13345,76.0,0.13346,411.0
1753547006246,16:23:26.246,AERGO/USDT:USDT,0.13343,2918.0,0.13341,322.0,0.13345,76.0,0.13346,411.0
1753547006702,16:23:26.702,AERGO/USDT:USDT,0.13343,2918.0,0.13341,322.0,0.13345,76.0,0.13346,411.0
1753547007902,16:23:27.902,AERGO/USDT:USDT,0.13343,2918.0,0.13341,322.0,0.13345,76.0,0.13346,411.0
1753547008384,16:23:28.384,AERGO/USDT:USDT,0.13343,2918.0,0.13341,322.0,0.13345,76.0,0.13346,411.0
1753547008502,16:23:28.502,AERGO/USDT:USDT,0.13343,2918.0,0.13341,322.0,0.13345,76.0,0.13346,411.0
1753547008654,16:23:28.654,AERGO/USDT:USDT,0.13343,2918.0,0.13341,322.0,0.13345,76.0,0.13346,411.0
1753547009102,16:23:29.102,AERGO/USDT:USDT,0.13343,2918.0,0.13341,322.0,0.13345,76.0,0.13346,411.0
1753547009471,16:23:29.471,AERGO/USDT:USDT,0.13343,57.0,0.13341,322.0,0.13345,76.0,0.13346,411.0
1753547009702,16:23:29.702,AERGO/USDT:USDT,0.13343,57.0,0.13341,322.0,0.13345,76.0,0.13346,411.0
1753547010167,16:23:30.167,AERGO/USDT:USDT,0.13343,57.0,0.13341,322.0,0.13345,76.0,0.13346,411.0
1753547010302,16:23:30.302,AERGO/USDT:USDT,0.13343,57.0,0.13341,322.0,0.13345,76.0,0.13346,411.0
1753547010506,16:23:30.506,AERGO/USDT:USDT,0.13343,57.0,0.13341,322.0,0.13345,76.0,0.13346,411.0
1753547010758,16:23:30.758,AERGO/USDT:USDT,0.13343,57.0,0.13341,322.0,0.13345,76.0,0.13346,411.0
1753547011147,16:23:31.147,AERGO/USDT:USDT,0.13343,57.0,0.13341,322.0,0.13345,76.0,0.13346,411.0
1753547011435,16:23:31.435,AERGO/USDT:USDT,0.13343,57.0,0.13341,322.0,0.13345,76.0,0.13346,411.0
1753547012602,16:23:32.602,AERGO/USDT:USDT,0.13343,57.0,0.13341,322.0,0.13345,76.0,0.13346,411.0
1753547012725,16:23:32.725,AERGO/USDT:USDT,0.13343,57.0,0.13341,322.0,0.13345,76.0,0.13346,411.0
1753547013137,16:23:33.137,AERGO/USDT:USDT,0.13343,57.0,0.13341,322.0,0.13345,76.0,0.13346,411.0
1753547013302,16:23:33.302,AERGO/USDT:USDT,0.13343,57.0,0.13341,322.0,0.13345,76.0,0.13346,411.0
1753547013702,16:23:33.702,AERGO/USDT:USDT,0.13343,57.0,0.13341,322.0,0.13345,76.0,0.13346,411.0
1753547014302,16:23:34.302,AERGO/USDT:USDT,0.13344,1304.0,0.13343,57.0,0.13345,76.0,0.13346,411.0
1753547014437,16:23:34.437,AERGO/USDT:USDT,0.13344,1304.0,0.13343,57.0,0.13345,76.0,0.13346,411.0
1753547014599,16:23:34.599,AERGO/USDT:USDT,0.13344,1304.0,0.13343,57.0,0.13345,76.0,0.13346,411.0
1753547015502,16:23:35.502,AERGO/USDT:USDT,0.13344,1304.0,0.13343,57.0,0.13345,76.0,0.13346,411.0
1753547016102,16:23:36.102,AERGO/USDT:USDT,0.13344,1304.0,0.13343,57.0,0.13345,76.0,0.13346,411.0
1753547017008,16:23:37.008,AERGO/USDT:USDT,0.13344,1304.0,0.13343,57.0,0.13345,76.0,0.13346,411.0
1753547017176,16:23:37.176,AERGO/USDT:USDT,0.13344,1304.0,0.13343,57.0,0.13345,76.0,0.13346,411.0
1753547017302,16:23:37.302,AERGO/USDT:USDT,0.13344,1304.0,0.13343,57.0,0.13345,76.0,0.13346,411.0
1753547017885,16:23:37.885,AERGO/USDT:USDT,0.13344,1304.0,0.13343,57.0,0.13345,76.0,0.13346,411.0
1753547018402,16:23:38.402,AERGO/USDT:USDT,0.13344,1304.0,0.13343,57.0,0.13345,76.0,0.13346,411.0
1753547019602,16:23:39.602,AERGO/USDT:USDT,0.13344,1304.0,0.13343,57.0,0.13345,76.0,0.13346,411.0
1753547020126,16:23:40.126,AERGO/USDT:USDT,0.13344,1304.0,0.13343,57.0,0.13345,76.0,0.13346,411.0
1753547020230,16:23:40.230,AERGO/USDT:USDT,0.13344,1304.0,0.13343,57.0,0.13345,76.0,0.13346,411.0
1753547020702,16:23:40.702,AERGO/USDT:USDT,0.13344,1304.0,0.13343,57.0,0.13345,76.0,0.13346,411.0
1753547022026,16:23:42.026,AERGO/USDT:USDT,0.13344,1304.0,0.13343,57.0,0.13345,118.0,0.13346,411.0
1753547022602,16:23:42.602,AERGO/USDT:USDT,0.13344,1304.0,0.13343,57.0,0.13345,166.0,0.13346,411.0
1753547023002,16:23:43.002,AERGO/USDT:USDT,0.13344,1304.0,0.13343,57.0,0.13345,166.0,0.13346,411.0
1753547023108,16:23:43.108,AERGO/USDT:USDT,0.13344,1304.0,0.13343,57.0,0.13345,166.0,0.13346,411.0
1753547023447,16:23:43.447,AERGO/USDT:USDT,0.13344,1404.0,0.13341,322.0,0.13345,168.0,0.13346,411.0
1753547023549,16:23:43.549,AERGO/USDT:USDT,0.13344,1404.0,0.13341,322.0,0.13345,168.0,0.13346,411.0
1753547024702,16:23:44.702,AERGO/USDT:USDT,0.13344,1404.0,0.13341,322.0,0.13345,168.0,0.13346,411.0
1753547025302,16:23:45.302,AERGO/USDT:USDT,0.13344,1404.0,0.13341,322.0,0.13345,168.0,0.13346,411.0
1753547025571,16:23:45.571,AERGO/USDT:USDT,0.13344,1404.0,0.13341,322.0,0.13345,168.0,0.13346,411.0
1753547026047,16:23:46.047,AERGO/USDT:USDT,0.13344,1404.0,0.13341,322.0,0.13345,168.0,0.13346,411.0
1753547026402,16:23:46.402,AERGO/USDT:USDT,0.13344,1404.0,0.13341,322.0,0.13345,168.0,0.13346,411.0
1753547027602,16:23:47.602,AERGO/USDT:USDT,0.13344,1404.0,0.13341,322.0,0.13345,168.0,0.13346,411.0
1753547027743,16:23:47.743,AERGO/USDT:USDT,0.13344,1404.0,0.13341,322.0,0.13345,168.0,0.13346,411.0
1753547028513,16:23:48.513,AERGO/USDT:USDT,0.13344,1404.0,0.13341,322.0,0.13345,168.0,0.13346,411.0
1753547028802,16:23:48.802,AERGO/USDT:USDT,0.13344,1404.0,0.13341,322.0,0.13345,168.0,0.13346,411.0
1753547029375,16:23:49.375,AERGO/USDT:USDT,0.13344,1404.0,0.13341,322.0,0.13345,168.0,0.13346,411.0
1753547029878,16:23:49.878,AERGO/USDT:USDT,0.13344,1404.0,0.13341,322.0,0.13345,168.0,0.13346,411.0
1753547030001,16:23:50.001,AERGO/USDT:USDT,0.13344,1404.0,0.13341,322.0,0.13345,168.0,0.13346,411.0
1753547031102,16:23:51.102,AERGO/USDT:USDT,0.13344,1404.0,0.13341,322.0,0.13345,168.0,0.13346,411.0
1753547031702,16:23:51.702,AERGO/USDT:USDT,0.13344,1404.0,0.13341,322.0,0.13345,168.0,0.13346,411.0
1753547032430,16:23:52.430,AERGO/USDT:USDT,0.13344,1404.0,0.13341,322.0,0.13345,168.0,0.13346,411.0
1753547032645,16:23:52.645,AERGO/USDT:USDT,0.13344,1404.0,0.13341,322.0,0.13345,168.0,0.13346,411.0
1753547032858,16:23:52.858,AERGO/USDT:USDT,0.13344,1404.0,0.13341,322.0,0.13345,168.0,0.13346,411.0
1753547033186,16:23:53.186,AERGO/USDT:USDT,0.13344,1404.0,0.13341,322.0,0.13345,168.0,0.13346,411.0
1753547033402,16:23:53.402,AERGO/USDT:USDT,0.13344,1404.0,0.13341,322.0,0.13345,168.0,0.13346,411.0
1753547034138,16:23:54.138,AERGO/USDT:USDT,0.13344,1404.0,0.13341,322.0,0.13345,168.0,0.13346,411.0
1753547034602,16:23:54.602,AERGO/USDT:USDT,0.13344,1404.0,0.13341,322.0,0.13345,168.0,0.13346,411.0
1753547035347,16:23:55.347,AERGO/USDT:USDT,0.13344,1404.0,0.13341,322.0,0.13345,168.0,0.13346,411.0
1753547035627,16:23:55.627,AERGO/USDT:USDT,0.13344,1404.0,0.13341,322.0,0.13345,168.0,0.13346,411.0
1753547035802,16:23:55.802,AERGO/USDT:USDT,0.13344,1404.0,0.13341,322.0,0.13345,168.0,0.13346,411.0
1753547036397,16:23:56.397,AERGO/USDT:USDT,0.13344,1404.0,0.13341,322.0,0.13345,168.0,0.13346,411.0
1753547036677,16:23:56.677,AERGO/USDT:USDT,0.13344,1404.0,0.13341,322.0,0.13345,168.0,0.13346,411.0
1753547036798,16:23:56.798,AERGO/USDT:USDT,0.13344,1404.0,0.13341,322.0,0.13345,168.0,0.13346,411.0
1753547037002,16:23:57.002,AERGO/USDT:USDT,0.13344,1404.0,0.13341,322.0,0.13345,168.0,0.13346,411.0
1753547037297,16:23:57.297,AERGO/USDT:USDT,0.13344,1404.0,0.13341,322.0,0.13345,168.0,0.13346,411.0
1753547037602,16:23:57.602,AERGO/USDT:USDT,0.13344,1404.0,0.13341,322.0,0.13345,168.0,0.13346,411.0
1753547038191,16:23:58.191,AERGO/USDT:USDT,0.13344,1404.0,0.13341,322.0,0.13345,168.0,0.13346,411.0
1753547038301,16:23:58.301,AERGO/USDT:USDT,0.13344,1404.0,0.13341,322.0,0.13345,168.0,0.13346,411.0
1753547038727,16:23:58.727,AERGO/USDT:USDT,0.13344,1404.0,0.13341,322.0,0.13345,168.0,0.13346,411.0
1753547038835,16:23:58.835,AERGO/USDT:USDT,0.13344,1404.0,0.13341,322.0,0.13345,168.0,0.13346,411.0
1753547039067,16:23:59.067,AERGO/USDT:USDT,0.13344,1404.0,0.13341,322.0,0.13345,168.0,0.13346,411.0
1753547039302,16:23:59.302,AERGO/USDT:USDT,0.13344,1404.0,0.13341,322.0,0.13345,168.0,0.13346,411.0
1753547039494,16:23:59.494,AERGO/USDT:USDT,0.13344,1404.0,0.13341,322.0,0.13345,372.0,0.13346,411.0
1753547039780,16:23:59.780,AERGO/USDT:USDT,0.13344,1404.0,0.13341,322.0,0.13345,372.0,0.13346,411.0
1753547039902,16:23:59.902,AERGO/USDT:USDT,0.13344,1404.0,0.13341,322.0,0.13345,372.0,0.13346,411.0
1753547040068,16:24:00.068,AERGO/USDT:USDT,0.13344,1404.0,0.13341,322.0,0.13345,296.0,0.13346,411.0
1753547040175,16:24:00.175,AERGO/USDT:USDT,0.13344,1404.0,0.13341,322.0,0.13345,296.0,0.13346,411.0
1753547040502,16:24:00.502,AERGO/USDT:USDT,0.13344,1404.0,0.13341,322.0,0.13345,296.0,0.13346,411.0
1753547041102,16:24:01.102,AERGO/USDT:USDT,0.13344,1404.0,0.13341,322.0,0.13345,296.0,0.13346,411.0
1753547041702,16:24:01.702,AERGO/USDT:USDT,0.13344,1404.0,0.13341,322.0,0.13345,296.0,0.13346,411.0
1753547042902,16:24:02.902,AERGO/USDT:USDT,0.13344,1404.0,0.13341,322.0,0.13345,296.0,0.13346,411.0
1753547043044,16:24:03.044,AERGO/USDT:USDT,0.13344,1404.0,0.13341,322.0,0.13345,296.0,0.13346,411.0
1753547043185,16:24:03.185,AERGO/USDT:USDT,0.13344,1404.0,0.13341,322.0,0.13345,296.0,0.13346,411.0
1753547043455,16:24:03.455,AERGO/USDT:USDT,0.13344,1404.0,0.13341,322.0,0.13345,296.0,0.13346,411.0
1753547043601,16:24:03.601,AERGO/USDT:USDT,0.13344,1404.0,0.13341,322.0,0.13345,296.0,0.13346,411.0
1753547043958,16:24:03.958,AERGO/USDT:USDT,0.13344,1404.0,0.13341,322.0,0.13345,296.0,0.13346,411.0
1753547044102,16:24:04.102,AERGO/USDT:USDT,0.13344,1404.0,0.13341,322.0,0.13345,296.0,0.13346,411.0
1753547044468,16:24:04.468,AERGO/USDT:USDT,0.13344,1404.0,0.13341,322.0,0.13345,296.0,0.13346,411.0
1753547044602,16:24:04.602,AERGO/USDT:USDT,0.13344,1404.0,0.13341,322.0,0.13345,296.0,0.13346,411.0
1753547045048,16:24:05.048,AERGO/USDT:USDT,0.13344,1404.0,0.13341,322.0,0.13345,296.0,0.13346,411.0
1753547045150,16:24:05.150,AERGO/USDT:USDT,0.13344,1404.0,0.13341,322.0,0.13345,296.0,0.13346,411.0
1753547045558,16:24:05.558,AERGO/USDT:USDT,0.13344,1404.0,0.13341,322.0,0.13345,296.0,0.13346,411.0
1753547045702,16:24:05.702,AERGO/USDT:USDT,0.13344,1404.0,0.13341,322.0,0.13345,296.0,0.13346,411.0
1753547045987,16:24:05.987,AERGO/USDT:USDT,0.13344,1404.0,0.13341,322.0,0.13345,296.0,0.13346,411.0
1753547046198,16:24:06.198,AERGO/USDT:USDT,0.13344,1404.0,0.13341,322.0,0.13345,296.0,0.13346,411.0
1753547046497,16:24:06.497,AERGO/USDT:USDT,0.13344,1404.0,0.13341,322.0,0.13345,296.0,0.13346,411.0
1753547046627,16:24:06.627,AERGO/USDT:USDT,0.13344,1404.0,0.13341,322.0,0.13345,296.0,0.13346,411.0
1753547047310,16:24:07.310,AERGO/USDT:USDT,0.13344,1404.0,0.13341,322.0,0.13345,296.0,0.13346,411.0
1753547047645,16:24:07.645,AERGO/USDT:USDT,0.13344,1404.0,0.13341,322.0,0.13345,296.0,0.13346,411.0
1753547049302,16:24:09.302,AERGO/USDT:USDT,0.13344,1404.0,0.13341,322.0,0.13345,296.0,0.13346,411.0
1753547051102,16:24:11.102,AERGO/USDT:USDT,0.13344,1404.0,0.13341,322.0,0.13345,297.0,0.13346,411.0
1753547051702,16:24:11.702,AERGO/USDT:USDT,0.13344,1404.0,0.13341,322.0,0.13345,297.0,0.13346,411.0
1753547052302,16:24:12.302,AERGO/USDT:USDT,0.13344,1404.0,0.13341,322.0,0.13345,297.0,0.13346,411.0
1753547054553,16:24:14.553,AERGO/USDT:USDT,0.13344,1404.0,0.13341,322.0,0.13345,297.0,0.13346,411.0
1753547055185,16:24:15.185,AERGO/USDT:USDT,0.13344,1404.0,0.13341,322.0,0.13345,297.0,0.13346,411.0
1753547055302,16:24:15.302,AERGO/USDT:USDT,0.13344,1404.0,0.13341,322.0,0.13345,297.0,0.13346,411.0
1753547055902,16:24:15.902,AERGO/USDT:USDT,0.13344,1404.0,0.13341,322.0,0.13345,297.0,0.13346,411.0
1753547057702,16:24:17.702,AERGO/USDT:USDT,0.13344,1404.0,0.13341,322.0,0.13345,297.0,0.13346,411.0
1753547058302,16:24:18.302,AERGO/USDT:USDT,0.13344,1404.0,0.13341,322.0,0.13345,297.0,0.13346,411.0
1753547058902,16:24:18.902,AERGO/USDT:USDT,0.13344,1404.0,0.13341,322.0,0.13345,297.0,0.13346,411.0
1753547059492,16:24:19.492,AERGO/USDT:USDT,0.13344,1404.0,0.13341,322.0,0.13345,297.0,0.13346,411.0
1753547060006,16:24:20.006,AERGO/USDT:USDT,0.13344,1404.0,0.13341,322.0,0.13345,297.0,0.13346,411.0
1753547060550,16:24:20.550,AERGO/USDT:USDT,0.13344,1453.0,0.13341,282.0,0.13345,297.0,0.13346,411.0
1753547060702,16:24:20.702,AERGO/USDT:USDT,0.13344,1453.0,0.13341,282.0,0.13345,297.0,0.13346,411.0
1753547061048,16:24:21.048,AERGO/USDT:USDT,0.13344,1453.0,0.13341,282.0,0.13345,297.0,0.13346,411.0
1753547061902,16:24:21.902,AERGO/USDT:USDT,0.13344,1453.0,0.13341,282.0,0.13345,297.0,0.13346,411.0
1753547062181,16:24:22.181,AERGO/USDT:USDT,0.13344,1453.0,0.13341,282.0,0.13345,297.0,0.13346,411.0
1753547062502,16:24:22.502,AERGO/USDT:USDT,0.13344,1453.0,0.13341,282.0,0.13345,297.0,0.13346,411.0
1753547062618,16:24:22.618,AERGO/USDT:USDT,0.13344,1453.0,0.13343,239.0,0.13345,297.0,0.13346,411.0
1753547062993,16:24:22.993,AERGO/USDT:USDT,0.13344,1453.0,0.13343,239.0,0.13345,297.0,0.13346,411.0
1753547063102,16:24:23.102,AERGO/USDT:USDT,0.13344,1453.0,0.13343,239.0,0.13345,339.0,0.13346,411.0
1753547063302,16:24:23.302,AERGO/USDT:USDT,0.13344,1453.0,0.13343,239.0,0.13345,339.0,0.13346,411.0
1753547063702,16:24:23.702,AERGO/USDT:USDT,0.13344,1453.0,0.13343,239.0,0.13345,339.0,0.13346,411.0
1753547064902,16:24:24.902,AERGO/USDT:USDT,0.13344,1453.0,0.13343,239.0,0.13345,339.0,0.13346,411.0
1753547065011,16:24:25.011,AERGO/USDT:USDT,0.13344,1453.0,0.13343,239.0,0.13345,339.0,0.13346,411.0
1753547065114,16:24:25.114,AERGO/USDT:USDT,0.13344,1453.0,0.13343,239.0,0.13345,339.0,0.13346,411.0
1753547065502,16:24:25.502,AERGO/USDT:USDT,0.13344,1453.0,0.13343,239.0,0.13345,339.0,0.13346,411.0
1753547065951,16:24:25.951,AERGO/USDT:USDT,0.13344,1453.0,0.13343,239.0,0.13345,339.0,0.13346,411.0
1753547066102,16:24:26.102,AERGO/USDT:USDT,0.13344,1453.0,0.13343,239.0,0.13345,339.0,0.13346,411.0
1753547066702,16:24:26.702,AERGO/USDT:USDT,0.13344,1453.0,0.13343,239.0,0.13345,339.0,0.13346,411.0
1753547066852,16:24:26.852,AERGO/USDT:USDT,0.13344,1453.0,0.13343,239.0,0.13345,339.0,0.13346,411.0
1753547067302,16:24:27.302,AERGO/USDT:USDT,0.13344,1453.0,0.13343,239.0,0.13345,339.0,0.13346,411.0
1753547067902,16:24:27.902,AERGO/USDT:USDT,0.13344,1453.0,0.13343,239.0,0.13345,339.0,0.13346,411.0
1753547068190,16:24:28.190,AERGO/USDT:USDT,0.13344,1453.0,0.13343,239.0,0.13345,339.0,0.13346,411.0
1753547068502,16:24:28.502,AERGO/USDT:USDT,0.13344,1453.0,0.13343,239.0,0.13345,339.0,0.13346,411.0
1753547069102,16:24:29.102,AERGO/USDT:USDT,0.13344,1453.0,0.13343,239.0,0.13345,339.0,0.13346,411.0
1753547069702,16:24:29.702,AERGO/USDT:USDT,0.13344,1453.0,0.13343,239.0,0.13345,339.0,0.13346,411.0
1753547070207,16:24:30.207,AERGO/USDT:USDT,0.13344,1466.0,0.13343,239.0,0.13345,339.0,0.13346,411.0
1753547070402,16:24:30.402,AERGO/USDT:USDT,0.13344,1466.0,0.13343,239.0,0.13345,339.0,0.13346,411.0
1753547071239,16:24:31.239,AERGO/USDT:USDT,0.13344,1466.0,0.13343,239.0,0.13345,339.0,0.13346,411.0
1753547071345,16:24:31.345,AERGO/USDT:USDT,0.13344,1466.0,0.13343,239.0,0.13345,339.0,0.13346,411.0
1753547071667,16:24:31.667,AERGO/USDT:USDT,0.13344,1466.0,0.13343,239.0,0.13345,339.0,0.13346,411.0
1753547071902,16:24:31.902,AERGO/USDT:USDT,0.13344,1466.0,0.13343,239.0,0.13345,339.0,0.13346,411.0
1753547072502,16:24:32.502,AERGO/USDT:USDT,0.13344,1466.0,0.13343,239.0,0.13345,339.0,0.13346,411.0
1753547072964,16:24:32.964,AERGO/USDT:USDT,0.13344,1705.0,0.13341,282.0,0.13345,339.0,0.13346,411.0
1753547073102,16:24:33.102,AERGO/USDT:USDT,0.13344,1705.0,0.13341,282.0,0.13345,339.0,0.13346,411.0
1753547073702,16:24:33.702,AERGO/USDT:USDT,0.13344,1705.0,0.13341,282.0,0.13345,339.0,0.13346,411.0
1753547073808,16:24:33.808,AERGO/USDT:USDT,0.13344,1705.0,0.13341,282.0,0.13345,339.0,0.13346,411.0
1753547074091,16:24:34.091,AERGO/USDT:USDT,0.13344,1705.0,0.13341,282.0,0.13345,339.0,0.13346,411.0
1753547074302,16:24:34.302,AERGO/USDT:USDT,0.13344,1705.0,0.13341,282.0,0.13345,339.0,0.13346,411.0
1753547074785,16:24:34.785,AERGO/USDT:USDT,0.13344,1705.0,0.13341,282.0,0.13345,339.0,0.13346,411.0
1753547074902,16:24:34.902,AERGO/USDT:USDT,0.13344,1705.0,0.13341,282.0,0.13345,339.0,0.13346,411.0
1753547075053,16:24:35.053,AERGO/USDT:USDT,0.13344,1705.0,0.13341,282.0,0.13345,339.0,0.13346,411.0
1753547076102,16:24:36.102,AERGO/USDT:USDT,0.13344,1705.0,0.13341,282.0,0.13345,339.0,0.13346,411.0
1753547076210,16:24:36.210,AERGO/USDT:USDT,0.13344,1705.0,0.13341,282.0,0.13345,339.0,0.13346,411.0
1753547077302,16:24:37.302,AERGO/USDT:USDT,0.13344,1705.0,0.13341,282.0,0.13345,339.0,0.13346,411.0
1753547077902,16:24:37.902,AERGO/USDT:USDT,0.13344,1705.0,0.13341,282.0,0.13345,339.0,0.13346,411.0
1753547078270,16:24:38.270,AERGO/USDT:USDT,0.13344,1705.0,0.13341,282.0,0.13345,339.0,0.13346,411.0
1753547078396,16:24:38.396,AERGO/USDT:USDT,0.13344,1705.0,0.13341,282.0,0.13345,1213.0,0.13346,411.0
1753547078545,16:24:38.545,AERGO/USDT:USDT,0.13346,3434.0,0.13345,2849.0,0.13347,165.0,0.13348,166.0
1753547078650,16:24:38.650,AERGO/USDT:USDT,0.13346,3434.0,0.13345,2849.0,0.13347,165.0,0.13348,166.0
1753547078751,16:24:38.751,AERGO/USDT:USDT,0.13346,3434.0,0.13344,1705.0,0.13347,165.0,0.13348,166.0
1753547079048,16:24:39.048,AERGO/USDT:USDT,0.13346,3434.0,0.13344,1705.0,0.13347,165.0,0.13348,166.0
1753547079151,16:24:39.151,AERGO/USDT:USDT,0.13346,3434.0,0.13344,1705.0,0.13347,165.0,0.13348,166.0
1753547079258,16:24:39.258,AERGO/USDT:USDT,0.13346,3434.0,0.13344,1705.0,0.13347,165.0,0.13348,166.0
1753547079665,16:24:39.665,AERGO/USDT:USDT,0.13346,3434.0,0.13344,1705.0,0.13347,540.0,0.13348,166.0
1753547080159,16:24:40.159,AERGO/USDT:USDT,0.13346,3434.0,0.13344,1705.0,0.13347,581.0,0.13348,166.0
1753547080302,16:24:40.302,AERGO/USDT:USDT,0.13346,3434.0,0.13344,1705.0,0.13347,581.0,0.13348,166.0
1753547080902,16:24:40.902,AERGO/USDT:USDT,0.13346,3434.0,0.13344,1705.0,0.13347,581.0,0.13348,166.0
1753547081502,16:24:41.502,AERGO/USDT:USDT,0.13346,3434.0,0.13344,1705.0,0.13347,581.0,0.13348,166.0
1753547082207,16:24:42.207,AERGO/USDT:USDT,0.13346,3434.0,0.13344,1705.0,0.13347,581.0,0.13348,166.0
1753547082702,16:24:42.702,AERGO/USDT:USDT,0.13346,3434.0,0.13344,1705.0,0.13347,581.0,0.13348,166.0
1753547083037,16:24:43.037,AERGO/USDT:USDT,0.13346,3434.0,0.13344,1705.0,0.13347,581.0,0.13348,166.0
1753547083256,16:24:43.256,AERGO/USDT:USDT,0.13346,3673.0,0.13344,1466.0,0.13347,581.0,0.13348,166.0
1753547084402,16:24:44.402,AERGO/USDT:USDT,0.13346,3673.0,0.13344,1466.0,0.13347,581.0,0.13348,166.0
1753547086602,16:24:46.602,AERGO/USDT:USDT,0.13346,3673.0,0.13344,1466.0,0.13347,581.0,0.13348,166.0
1753547087053,16:24:47.053,AERGO/USDT:USDT,0.13346,239.0,0.13344,1466.0,0.13347,581.0,0.13348,166.0
1753547087994,16:24:47.994,AERGO/USDT:USDT,0.13346,239.0,0.13344,1466.0,0.13347,1427.0,0.13348,166.0
1753547088185,16:24:48.185,AERGO/USDT:USDT,0.13346,239.0,0.13344,1466.0,0.13347,1427.0,0.13348,166.0
1753547088291,16:24:48.291,AERGO/USDT:USDT,0.13346,239.0,0.13344,1466.0,0.13347,1427.0,0.13348,166.0
1753547088437,16:24:48.437,AERGO/USDT:USDT,0.13346,239.0,0.13344,1466.0,0.13347,1427.0,0.13348,166.0
1753547088541,16:24:48.541,AERGO/USDT:USDT,0.13346,239.0,0.13344,1466.0,0.13347,1427.0,0.13348,166.0
1753547088714,16:24:48.714,AERGO/USDT:USDT,0.13346,239.0,0.13344,1466.0,0.13347,1052.0,0.13348,166.0
1753547088838,16:24:48.838,AERGO/USDT:USDT,0.13346,239.0,0.13344,1466.0,0.13347,1052.0,0.13348,166.0
1753547089102,16:24:49.102,AERGO/USDT:USDT,0.13346,239.0,0.13344,1466.0,0.13347,1052.0,0.13348,166.0
1753547089702,16:24:49.702,AERGO/USDT:USDT,0.13346,239.0,0.13344,1466.0,0.13347,1052.0,0.13348,166.0
1753547089916,16:24:49.916,AERGO/USDT:USDT,0.13346,239.0,0.13344,1466.0,0.13347,1052.0,0.13348,166.0
1753547090430,16:24:50.430,AERGO/USDT:USDT,0.13346,239.0,0.13344,4359.0,0.13347,1052.0,0.13348,166.0
1753547090902,16:24:50.902,AERGO/USDT:USDT,0.13346,239.0,0.13344,4359.0,0.13347,1427.0,0.13348,166.0
1753547091502,16:24:51.502,AERGO/USDT:USDT,0.13346,239.0,0.13344,4359.0,0.13347,1427.0,0.13348,166.0
1753547091716,16:24:51.716,AERGO/USDT:USDT,0.13346,239.0,0.13344,4359.0,0.13347,1052.0,0.13348,166.0
1753547092102,16:24:52.102,AERGO/USDT:USDT,0.13346,239.0,0.13344,4359.0,0.13347,1052.0,0.13348,166.0
1753547093302,16:24:53.302,AERGO/USDT:USDT,0.13346,239.0,0.13344,4359.0,0.13347,1052.0,0.13348,166.0
1753547093733,16:24:53.733,AERGO/USDT:USDT,0.13346,239.0,0.13344,4359.0,0.13347,1052.0,0.13348,166.0
1753547093902,16:24:53.902,AERGO/USDT:USDT,0.13346,239.0,0.13344,4359.0,0.13347,1052.0,0.13348,166.0
1753547094067,16:24:54.067,AERGO/USDT:USDT,0.13346,239.0,0.13344,4359.0,0.13347,1052.0,0.13348,166.0
1753547095702,16:24:55.702,AERGO/USDT:USDT,0.13346,239.0,0.13344,4359.0,0.13347,1052.0,0.13348,166.0
1753547097502,16:24:57.502,AERGO/USDT:USDT,0.13346,239.0,0.13344,4359.0,0.13347,1052.0,0.13348,166.0
1753547098373,16:24:58.373,AERGO/USDT:USDT,0.13346,767.0,0.13344,4246.0,0.13347,1052.0,0.13348,166.0
1753547098702,16:24:58.702,AERGO/USDT:USDT,0.13346,767.0,0.13344,4246.0,0.13347,1052.0,0.13348,166.0
1753547099302,16:24:59.302,AERGO/USDT:USDT,0.13346,767.0,0.13344,4246.0,0.13347,1052.0,0.13348,166.0
1753547100142,16:25:00.142,AERGO/USDT:USDT,0.13346,767.0,0.13344,4246.0,0.13347,976.0,0.13348,166.0
1753547100507,16:25:00.507,AERGO/USDT:USDT,0.13346,767.0,0.13344,4246.0,0.13347,976.0,0.13348,166.0
1753547102054,16:25:02.054,AERGO/USDT:USDT,0.13346,767.0,0.13344,4246.0,0.13347,1351.0,0.13348,166.0
1753547102274,16:25:02.274,AERGO/USDT:USDT,0.13346,767.0,0.13344,4246.0,0.13347,1351.0,0.13348,166.0
1753547102402,16:25:02.402,AERGO/USDT:USDT,0.13346,767.0,0.13344,4246.0,0.13347,1351.0,0.13348,166.0
1753547102970,16:25:02.970,AERGO/USDT:USDT,0.13346,767.0,0.13344,4246.0,0.13347,1351.0,0.13348,166.0
1753547103115,16:25:03.115,AERGO/USDT:USDT,0.13346,767.0,0.13344,4246.0,0.13347,1351.0,0.13348,166.0
1753547103851,16:25:03.851,AERGO/USDT:USDT,0.13346,1785.0,0.13344,2942.0,0.13347,976.0,0.13348,166.0
1753547104002,16:25:04.002,AERGO/USDT:USDT,0.13346,1785.0,0.13344,2942.0,0.13347,1018.0,0.13348,166.0
1753547104123,16:25:04.123,AERGO/USDT:USDT,0.13346,1785.0,0.13344,2942.0,0.13347,1018.0,0.13348,166.0
1753547104612,16:25:04.612,AERGO/USDT:USDT,0.13346,1785.0,0.13344,2942.0,0.13347,1018.0,0.13348,166.0
1753547105102,16:25:05.102,AERGO/USDT:USDT,0.13346,1785.0,0.13344,2942.0,0.13347,1018.0,0.13348,166.0
1753547105286,16:25:05.286,AERGO/USDT:USDT,0.13346,1785.0,0.13344,49.0,0.13347,1018.0,0.13348,166.0
1753547105398,16:25:05.398,AERGO/USDT:USDT,0.13346,1785.0,0.13344,49.0,0.13347,1018.0,0.13348,166.0
1753547105702,16:25:05.702,AERGO/USDT:USDT,0.13346,1785.0,0.13344,49.0,0.13347,1018.0,0.13348,166.0
1753547106283,16:25:06.283,AERGO/USDT:USDT,0.13346,1785.0,0.13344,49.0,0.13347,1018.0,0.13348,166.0
1753547106384,16:25:06.384,AERGO/USDT:USDT,0.13344,49.0,0.13343,283.0,0.13346,390.0,0.13347,1384.0
1753547106486,16:25:06.486,AERGO/USDT:USDT,0.13344,49.0,0.13343,283.0,0.13346,431.0,0.13347,1384.0
1753547106804,16:25:06.804,AERGO/USDT:USDT,0.13344,49.0,0.13343,283.0,0.13346,431.0,0.13347,1384.0
1753547107402,16:25:07.402,AERGO/USDT:USDT,0.13344,49.0,0.13343,283.0,0.13346,431.0,0.13347,1384.0
1753547107994,16:25:07.994,AERGO/USDT:USDT,0.13344,49.0,0.13343,283.0,0.13346,431.0,0.13347,1384.0
1753547108102,16:25:08.102,AERGO/USDT:USDT,0.13344,49.0,0.13343,283.0,0.13346,431.0,0.13347,1384.0
1753547108512,16:25:08.512,AERGO/USDT:USDT,0.13344,49.0,0.13343,283.0,0.13346,431.0,0.13347,1384.0
1753547108701,16:25:08.701,AERGO/USDT:USDT,0.13344,49.0,0.13343,283.0,0.13346,431.0,0.13347,1384.0
1753547109202,16:25:09.202,AERGO/USDT:USDT,0.13344,49.0,0.13343,283.0,0.13346,41.0,0.13347,1384.0
1753547109737,16:25:09.737,AERGO/USDT:USDT,0.13344,49.0,0.13343,283.0,0.13346,41.0,0.13347,1384.0
1753547110016,16:25:10.016,AERGO/USDT:USDT,0.13344,49.0,0.13343,283.0,0.13346,41.0,0.13347,1384.0
1753547110216,16:25:10.216,AERGO/USDT:USDT,0.13344,49.0,0.13343,283.0,0.13346,41.0,0.13347,1384.0
1753547110401,16:25:10.401,AERGO/USDT:USDT,0.13344,49.0,0.13343,283.0,0.13346,41.0,0.13347,1384.0
1753547110751,16:25:10.751,AERGO/USDT:USDT,0.13344,49.0,0.13343,283.0,0.13346,41.0,0.13347,1384.0
1753547110902,16:25:10.902,AERGO/USDT:USDT,0.13344,49.0,0.13343,283.0,0.13346,41.0,0.13347,1384.0
1753547111502,16:25:11.502,AERGO/USDT:USDT,0.13344,49.0,0.13343,283.0,0.13346,41.0,0.13347,1384.0
1753547111917,16:25:11.917,AERGO/USDT:USDT,0.13344,49.0,0.13343,283.0,0.13346,41.0,0.13347,1384.0
1753547112462,16:25:12.462,AERGO/USDT:USDT,0.13344,49.0,0.13343,283.0,0.13346,41.0,0.13347,1384.0
1753547112599,16:25:12.599,AERGO/USDT:USDT,0.13344,49.0,0.13343,283.0,0.13346,41.0,0.13347,1384.0
1753547112702,16:25:12.702,AERGO/USDT:USDT,0.13344,49.0,0.13343,283.0,0.13346,41.0,0.13347,1384.0
1753547112928,16:25:12.928,AERGO/USDT:USDT,0.13344,49.0,0.13343,283.0,0.13346,41.0,0.13347,1384.0
1753547113302,16:25:13.302,AERGO/USDT:USDT,0.13344,49.0,0.13343,283.0,0.13346,41.0,0.13347,1384.0
1753547113902,16:25:13.902,AERGO/USDT:USDT,0.13344,49.0,0.13343,283.0,0.13346,41.0,0.13347,1384.0
1753547114160,16:25:14.160,AERGO/USDT:USDT,0.13344,49.0,0.13343,283.0,0.13346,2892.0,0.13347,1384.0
1753547114502,16:25:14.502,AERGO/USDT:USDT,0.13344,49.0,0.13343,283.0,0.13346,2892.0,0.13347,1384.0
1753547115102,16:25:15.102,AERGO/USDT:USDT,0.13344,49.0,0.13343,283.0,0.13346,2892.0,0.13347,1384.0
1753547115702,16:25:15.702,AERGO/USDT:USDT,0.13344,49.0,0.13343,283.0,0.13345,2851.0,0.13346,41.0
1753547115805,16:25:15.805,AERGO/USDT:USDT,0.13344,49.0,0.13343,283.0,0.13345,2892.0,0.13346,124.0
1753547116302,16:25:16.302,AERGO/USDT:USDT,0.13344,49.0,0.13343,283.0,0.13345,2892.0,0.13346,124.0
1753547116529,16:25:16.529,AERGO/USDT:USDT,0.13343,336.0,0.13342,283.0,0.13345,2892.0,0.13346,124.0
1753547116902,16:25:16.902,AERGO/USDT:USDT,0.13343,336.0,0.13342,283.0,0.13345,2892.0,0.13346,124.0
1753547117216,16:25:17.216,AERGO/USDT:USDT,0.13343,336.0,0.13342,283.0,0.13345,2892.0,0.13346,124.0
1753547117415,16:25:17.415,AERGO/USDT:USDT,0.13343,336.0,0.13342,283.0,0.13345,2892.0,0.13346,124.0
1753547117965,16:25:17.965,AERGO/USDT:USDT,0.13343,336.0,0.13342,283.0,0.13345,2892.0,0.13346,124.0
1753547118515,16:25:18.515,AERGO/USDT:USDT,0.13343,336.0,0.13342,283.0,0.13345,2892.0,0.13346,124.0
1753547119065,16:25:19.065,AERGO/USDT:USDT,0.13343,336.0,0.13342,283.0,0.13345,41.0,0.13346,124.0
1753547119516,16:25:19.516,AERGO/USDT:USDT,0.13343,336.0,0.13342,283.0,0.13345,41.0,0.13346,124.0
1753547119655,16:25:19.655,AERGO/USDT:USDT,0.13343,336.0,0.13342,283.0,0.13345,41.0,0.13346,124.0
1753547120136,16:25:20.136,AERGO/USDT:USDT,0.13343,336.0,0.13342,283.0,0.13345,41.0,0.13346,124.0
1753547120695,16:25:20.695,AERGO/USDT:USDT,0.13343,336.0,0.13342,283.0,0.13345,41.0,0.13346,124.0
1753547121256,16:25:21.256,AERGO/USDT:USDT,0.13343,336.0,0.13342,283.0,0.13345,41.0,0.13346,124.0
1753547121802,16:25:21.802,AERGO/USDT:USDT,0.13343,336.0,0.13342,283.0,0.13345,41.0,0.13346,124.0
1753547122122,16:25:22.122,AERGO/USDT:USDT,0.13343,336.0,0.13342,283.0,0.13345,41.0,0.13346,124.0
1753547122402,16:25:22.402,AERGO/USDT:USDT,0.13343,336.0,0.13342,283.0,0.13345,41.0,0.13346,124.0
1753547122852,16:25:22.852,AERGO/USDT:USDT,0.13343,336.0,0.13342,283.0,0.13345,41.0,0.13346,124.0
1753547123356,16:25:23.356,AERGO/USDT:USDT,0.13338,282.0,0.13337,781.0,0.13342,2818.0,0.13343,3538.0
1753547123559,16:25:23.559,AERGO/USDT:USDT,0.13338,282.0,0.13337,282.0,0.13342,2818.0,0.13343,720.0
1753547123668,16:25:23.668,AERGO/USDT:USDT,0.13338,282.0,0.13337,282.0,0.13342,2818.0,0.13343,720.0
1753547123878,16:25:23.878,AERGO/USDT:USDT,0.13338,282.0,0.13337,282.0,0.13342,2818.0,0.13343,720.0
1753547124002,16:25:24.002,AERGO/USDT:USDT,0.13338,282.0,0.13337,282.0,0.13342,2818.0,0.13343,720.0
1753547124373,16:25:24.373,AERGO/USDT:USDT,0.13338,282.0,0.13337,282.0,0.13341,80.0,0.13342,2942.0
1753547124496,16:25:24.496,AERGO/USDT:USDT,0.13338,282.0,0.13337,282.0,0.13341,80.0,0.13342,2942.0
1753547124645,16:25:24.645,AERGO/USDT:USDT,0.13338,282.0,0.13337,282.0,0.13341,80.0,0.13342,2942.0
1753547124803,16:25:24.803,AERGO/USDT:USDT,0.13338,282.0,0.13337,282.0,0.13341,128.0,0.13342,2942.0
1753547124935,16:25:24.935,AERGO/USDT:USDT,0.13338,282.0,0.13337,282.0,0.13341,128.0,0.13342,2942.0
1753547125126,16:25:25.126,AERGO/USDT:USDT,0.13338,282.0,0.13337,282.0,0.13341,128.0,0.13342,2942.0
1753547126102,16:25:26.102,AERGO/USDT:USDT,0.13338,282.0,0.13337,282.0,0.13341,128.0,0.13342,2942.0
1753547126702,16:25:26.702,AERGO/USDT:USDT,0.13338,282.0,0.13337,282.0,0.13341,128.0,0.13342,2942.0
1753547126805,16:25:26.805,AERGO/USDT:USDT,0.13338,282.0,0.13337,874.0,0.13341,128.0,0.13342,2942.0
1753547126937,16:25:26.937,AERGO/USDT:USDT,0.13338,282.0,0.13337,874.0,0.13341,128.0,0.13342,2942.0
1753547127068,16:25:27.068,AERGO/USDT:USDT,0.13338,282.0,0.13337,874.0,0.13341,128.0,0.13342,2942.0
1753547127402,16:25:27.402,AERGO/USDT:USDT,0.13338,282.0,0.13337,874.0,0.13341,128.0,0.13342,2942.0
1753547128002,16:25:28.002,AERGO/USDT:USDT,0.13338,282.0,0.13337,874.0,0.13341,128.0,0.13342,2818.0
1753547128242,16:25:28.242,AERGO/USDT:USDT,0.13338,3100.0,0.13337,874.0,0.13341,128.0,0.13343,280.0
1753547128346,16:25:28.346,AERGO/USDT:USDT,0.13338,3100.0,0.13337,406.0,0.13341,128.0,0.13342,124.0
1753547128525,16:25:28.525,AERGO/USDT:USDT,0.13338,3100.0,0.13337,282.0,0.13341,128.0,0.13342,124.0
1753547128632,16:25:28.632,AERGO/USDT:USDT,0.13338,3100.0,0.13337,282.0,0.13341,128.0,0.13342,124.0
1753547128735,16:25:28.735,AERGO/USDT:USDT,0.13338,3100.0,0.13337,282.0,0.13341,128.0,0.13342,124.0
1753547129028,16:25:29.028,AERGO/USDT:USDT,0.13338,3100.0,0.13337,282.0,0.13341,128.0,0.13342,124.0
1753547129602,16:25:29.602,AERGO/USDT:USDT,0.13338,282.0,0.13337,929.0,0.13341,128.0,0.13342,124.0
1753547129711,16:25:29.711,AERGO/USDT:USDT,0.13338,282.0,0.13337,929.0,0.13341,2946.0,0.13342,124.0
1753547130202,16:25:30.202,AERGO/USDT:USDT,0.13338,282.0,0.13337,282.0,0.13341,2946.0,0.13342,124.0
1753547130802,16:25:30.802,AERGO/USDT:USDT,0.13338,282.0,0.13337,282.0,0.13341,2946.0,0.13342,124.0
1753547131402,16:25:31.402,AERGO/USDT:USDT,0.13338,282.0,0.13337,282.0,0.13341,2946.0,0.13342,124.0
1753547131985,16:25:31.985,AERGO/USDT:USDT,0.13338,282.0,0.13337,282.0,0.13341,2946.0,0.13342,124.0
1753547132502,16:25:32.502,AERGO/USDT:USDT,0.13338,282.0,0.13337,282.0,0.13341,2946.0,0.13342,124.0
1753547133102,16:25:33.102,AERGO/USDT:USDT,0.13338,282.0,0.13337,282.0,0.13341,2946.0,0.13342,124.0
1753547133702,16:25:33.702,AERGO/USDT:USDT,0.13338,282.0,0.13337,282.0,0.13341,2946.0,0.13342,124.0
1753547134302,16:25:34.302,AERGO/USDT:USDT,0.13338,282.0,0.13337,282.0,0.13341,2946.0,0.13342,124.0
1753547135502,16:25:35.502,AERGO/USDT:USDT,0.13338,282.0,0.13337,282.0,0.13341,2946.0,0.13342,124.0
1753547135964,16:25:35.964,AERGO/USDT:USDT,0.13338,282.0,0.13337,282.0,0.13341,2946.0,0.13342,124.0
1753547136135,16:25:36.135,AERGO/USDT:USDT,0.13338,282.0,0.13337,282.0,0.1334,2808.0,0.13341,252.0
1753547136239,16:25:36.239,AERGO/USDT:USDT,0.13338,282.0,0.13337,282.0,0.1334,2808.0,0.13341,252.0
1753547136420,16:25:36.420,AERGO/USDT:USDT,0.13338,282.0,0.13337,282.0,0.1334,2808.0,0.13341,252.0
1753547136549,16:25:36.549,AERGO/USDT:USDT,0.13338,282.0,0.13337,282.0,0.1334,2808.0,0.13341,252.0
1753547136802,16:25:36.802,AERGO/USDT:USDT,0.13338,282.0,0.13337,282.0,0.1334,2808.0,0.13341,252.0
1753547136905,16:25:36.905,AERGO/USDT:USDT,0.13338,282.0,0.13337,282.0,0.1334,2808.0,0.13341,252.0
1753547137502,16:25:37.502,AERGO/USDT:USDT,0.13338,282.0,0.13337,282.0,0.1334,2808.0,0.13341,252.0
1753547138102,16:25:38.102,AERGO/USDT:USDT,0.13338,282.0,0.13337,282.0,0.1334,2808.0,0.13341,252.0
1753547138669,16:25:38.669,AERGO/USDT:USDT,0.13338,282.0,0.13337,282.0,0.1334,2808.0,0.13341,252.0
1753547138773,16:25:38.773,AERGO/USDT:USDT,0.13338,282.0,0.13337,282.0,0.1334,2808.0,0.13341,252.0
1753547139554,16:25:39.554,AERGO/USDT:USDT,0.13338,282.0,0.13337,282.0,0.1334,2808.0,0.13341,252.0
1753547140524,16:25:40.524,AERGO/USDT:USDT,0.13338,282.0,0.13337,282.0,0.1334,2808.0,0.13341,252.0
1753547140817,16:25:40.817,AERGO/USDT:USDT,0.13338,282.0,0.13337,282.0,0.1334,2808.0,0.13341,252.0
1753547141002,16:25:41.002,AERGO/USDT:USDT,0.13338,282.0,0.13337,282.0,0.1334,2808.0,0.13341,252.0
1753547141602,16:25:41.602,AERGO/USDT:USDT,0.13338,282.0,0.13337,282.0,0.1334,2808.0,0.13341,252.0
1753547142186,16:25:42.186,AERGO/USDT:USDT,0.13338,282.0,0.13337,282.0,0.1334,2808.0,0.13341,252.0
1753547142289,16:25:42.289,AERGO/USDT:USDT,0.13338,282.0,0.13337,282.0,0.1334,2808.0,0.13341,252.0
1753547144602,16:25:44.602,AERGO/USDT:USDT,0.13338,282.0,0.13337,282.0,0.1334,2808.0,0.13341,252.0
1753547145134,16:25:45.134,AERGO/USDT:USDT,0.13338,282.0,0.13337,282.0,0.1334,2808.0,0.13341,294.0
1753547145303,16:25:45.303,AERGO/USDT:USDT,0.13338,282.0,0.13337,282.0,0.1334,2808.0,0.13341,294.0
1753547145702,16:25:45.702,AERGO/USDT:USDT,0.13338,282.0,0.13337,282.0,0.1334,2808.0,0.13341,294.0
1753547146302,16:25:46.302,AERGO/USDT:USDT,0.13338,282.0,0.13337,282.0,0.1334,2808.0,0.13341,294.0
1753547147291,16:25:47.291,AERGO/USDT:USDT,0.13338,282.0,0.13337,282.0,0.1334,2808.0,0.13341,294.0
1753547147437,16:25:47.437,AERGO/USDT:USDT,0.13338,282.0,0.13337,282.0,0.1334,2808.0,0.13341,294.0
1753547147966,16:25:47.966,AERGO/USDT:USDT,0.1334,280.0,0.13339,1180.0,0.13344,3101.0,0.13345,407.0
1753547148072,16:25:48.072,AERGO/USDT:USDT,0.1334,280.0,0.13339,1180.0,0.13344,3101.0,0.13345,407.0
1753547148175,16:25:48.175,AERGO/USDT:USDT,0.1334,280.0,0.13339,1180.0,0.13344,3101.0,0.13345,407.0
1753547148402,16:25:48.402,AERGO/USDT:USDT,0.1334,280.0,0.13339,1180.0,0.13344,3101.0,0.13345,407.0
1753547149402,16:25:49.402,AERGO/USDT:USDT,0.1334,280.0,0.13339,1180.0,0.13344,3101.0,0.13345,407.0
1753547150003,16:25:50.003,AERGO/USDT:USDT,0.1334,280.0,0.13339,1180.0,0.13344,3101.0,0.13345,407.0
1753547150168,16:25:50.168,AERGO/USDT:USDT,0.1334,280.0,0.13339,1180.0,0.13344,3101.0,0.13345,407.0
1753547150274,16:25:50.274,AERGO/USDT:USDT,0.1334,280.0,0.13339,1180.0,0.13344,3101.0,0.13345,407.0
1753547150419,16:25:50.419,AERGO/USDT:USDT,0.1334,280.0,0.13339,1180.0,0.13344,3101.0,0.13345,407.0
1753547151186,16:25:51.186,AERGO/USDT:USDT,0.1334,280.0,0.13339,1180.0,0.13344,3101.0,0.13345,407.0
1753547151765,16:25:51.765,AERGO/USDT:USDT,0.1334,280.0,0.13339,1180.0,0.13344,3101.0,0.13345,407.0
1753547151934,16:25:51.934,AERGO/USDT:USDT,0.1334,280.0,0.13339,1180.0,0.13344,3101.0,0.13345,407.0
1753547152036,16:25:52.036,AERGO/USDT:USDT,0.1334,280.0,0.13339,1180.0,0.13344,3101.0,0.13345,407.0
1753547152602,16:25:52.602,AERGO/USDT:USDT,0.1334,280.0,0.13339,1180.0,0.13344,3101.0,0.13345,407.0
1753547152705,16:25:52.705,AERGO/USDT:USDT,0.1334,280.0,0.13339,1180.0,0.13344,3101.0,0.13345,407.0
1753547153302,16:25:53.302,AERGO/USDT:USDT,0.1334,280.0,0.13339,1180.0,0.13344,3101.0,0.13345,407.0
1753547153806,16:25:53.806,AERGO/USDT:USDT,0.1334,383.0,0.13339,1180.0,0.13344,3101.0,0.13345,407.0
1753547154002,16:25:54.002,AERGO/USDT:USDT,0.1334,383.0,0.13339,1180.0,0.13344,3101.0,0.13345,407.0
1753547154602,16:25:54.602,AERGO/USDT:USDT,0.1334,383.0,0.13339,1180.0,0.13344,3101.0,0.13345,407.0
1753547154802,16:25:54.802,AERGO/USDT:USDT,0.1334,383.0,0.13339,1180.0,0.13344,3158.0,0.13345,407.0
1753547154969,16:25:54.969,AERGO/USDT:USDT,0.1334,383.0,0.13339,1180.0,0.13344,3158.0,0.13345,407.0
1753547155271,16:25:55.271,AERGO/USDT:USDT,0.1334,383.0,0.13339,1180.0,0.13344,3158.0,0.13345,407.0
1753547155374,16:25:55.374,AERGO/USDT:USDT,0.1334,383.0,0.13339,1180.0,0.13344,3158.0,0.13345,407.0
1753547155502,16:25:55.502,AERGO/USDT:USDT,0.1334,383.0,0.13339,1180.0,0.13344,3158.0,0.13345,407.0
1753547155875,16:25:55.875,AERGO/USDT:USDT,0.1334,383.0,0.13339,1180.0,0.13344,3158.0,0.13345,407.0
1753547156002,16:25:56.002,AERGO/USDT:USDT,0.1334,383.0,0.13339,1180.0,0.13344,3158.0,0.13345,407.0
1753547156135,16:25:56.135,AERGO/USDT:USDT,0.1334,383.0,0.13339,1180.0,0.13344,3158.0,0.13345,407.0
1753547156446,16:25:56.446,AERGO/USDT:USDT,0.1334,383.0,0.13339,1180.0,0.13344,3158.0,0.13345,407.0
1753547156549,16:25:56.549,AERGO/USDT:USDT,0.1334,383.0,0.13339,1180.0,0.13344,3158.0,0.13345,407.0
1753547157002,16:25:57.002,AERGO/USDT:USDT,0.1334,383.0,0.13339,1180.0,0.13344,3158.0,0.13345,407.0
1753547157261,16:25:57.261,AERGO/USDT:USDT,0.1334,383.0,0.13339,1180.0,0.13344,3158.0,0.13345,407.0
1753547158080,16:25:58.080,AERGO/USDT:USDT,0.1334,383.0,0.13339,3240.0,0.13346,3062.0,0.13347,1440.0
1753547158186,16:25:58.186,AERGO/USDT:USDT,0.1334,383.0,0.13339,3240.0,0.13346,3062.0,0.13347,1440.0
1753547158336,16:25:58.336,AERGO/USDT:USDT,0.1334,383.0,0.13339,280.0,0.13343,4158.0,0.13344,124.0
1753547158439,16:25:58.439,AERGO/USDT:USDT,0.1334,383.0,0.13339,280.0,0.13343,4158.0,0.13344,124.0
1753547158651,16:25:58.651,AERGO/USDT:USDT,0.1334,383.0,0.13339,280.0,0.13343,4158.0,0.13344,124.0
1753547159028,16:25:59.028,AERGO/USDT:USDT,0.1334,383.0,0.13339,280.0,0.13343,4158.0,0.13344,124.0
1753547159502,16:25:59.502,AERGO/USDT:USDT,0.1334,383.0,0.13339,280.0,0.13343,4158.0,0.13344,124.0
1753547160102,16:26:00.102,AERGO/USDT:USDT,0.1334,383.0,0.13339,280.0,0.13343,4158.0,0.13344,124.0
1753547160209,16:26:00.209,AERGO/USDT:USDT,0.1334,383.0,0.13339,280.0,0.13343,4158.0,0.13344,124.0
1753547160335,16:26:00.335,AERGO/USDT:USDT,0.1334,383.0,0.13339,280.0,0.13343,4158.0,0.13344,124.0
1753547160702,16:26:00.702,AERGO/USDT:USDT,0.1334,383.0,0.13339,280.0,0.13343,4158.0,0.13344,124.0
1753547161016,16:26:01.016,AERGO/USDT:USDT,0.1334,383.0,0.13339,280.0,0.13343,4158.0,0.13344,124.0
1753547161302,16:26:01.302,AERGO/USDT:USDT,0.1334,383.0,0.13339,280.0,0.13343,4158.0,0.13344,124.0
1753547161707,16:26:01.707,AERGO/USDT:USDT,0.1334,383.0,0.13339,280.0,0.13343,4158.0,0.13344,124.0
1753547162018,16:26:02.018,AERGO/USDT:USDT,0.1334,383.0,0.13339,280.0,0.13343,4158.0,0.13344,124.0
1753547162246,16:26:02.246,AERGO/USDT:USDT,0.13341,910.0,0.1334,383.0,0.13343,4158.0,0.13344,124.0
1753547162767,16:26:02.767,AERGO/USDT:USDT,0.13341,910.0,0.1334,383.0,0.13343,4158.0,0.13344,124.0
1753547163018,16:26:03.018,AERGO/USDT:USDT,0.13341,910.0,0.1334,383.0,0.13343,4158.0,0.13344,124.0
1753547163122,16:26:03.122,AERGO/USDT:USDT,0.13341,910.0,0.1334,383.0,0.13343,4158.0,0.13344,124.0
1753547163702,16:26:03.702,AERGO/USDT:USDT,0.13341,2454.0,0.1334,383.0,0.13343,4158.0,0.13344,124.0
1753547164119,16:26:04.119,AERGO/USDT:USDT,0.13341,2454.0,0.1334,383.0,0.13343,4158.0,0.13344,124.0
1753547164255,16:26:04.255,AERGO/USDT:USDT,0.13341,2447.0,0.1334,383.0,0.13343,4158.0,0.13344,124.0
1753547164702,16:26:04.702,AERGO/USDT:USDT,0.13341,2447.0,0.1334,383.0,0.13343,4158.0,0.13344,124.0
1753547165302,16:26:05.302,AERGO/USDT:USDT,0.13341,2447.0,0.1334,383.0,0.13343,4158.0,0.13344,124.0
1753547165902,16:26:05.902,AERGO/USDT:USDT,0.13341,2447.0,0.1334,383.0,0.13343,4158.0,0.13344,124.0
1753547166139,16:26:06.139,AERGO/USDT:USDT,0.13341,2447.0,0.1334,383.0,0.13343,4158.0,0.13344,124.0
1753547166602,16:26:06.602,AERGO/USDT:USDT,0.13341,2557.0,0.1334,280.0,0.13343,4158.0,0.13344,124.0
1753547167501,16:26:07.501,AERGO/USDT:USDT,0.13341,2557.0,0.1334,280.0,0.13343,4158.0,0.13344,124.0
1753547167859,16:26:07.859,AERGO/USDT:USDT,0.13341,2557.0,0.1334,280.0,0.13343,4158.0,0.13344,124.0
1753547168344,16:26:08.344,AERGO/USDT:USDT,0.13341,2557.0,0.1334,280.0,0.13343,4158.0,0.13344,124.0
1753547168617,16:26:08.617,AERGO/USDT:USDT,0.13341,2557.0,0.1334,280.0,0.13343,4158.0,0.13344,124.0
1753547168801,16:26:08.801,AERGO/USDT:USDT,0.13341,2557.0,0.1334,280.0,0.13343,4158.0,0.13344,124.0
1753547169202,16:26:09.202,AERGO/USDT:USDT,0.13341,2557.0,0.1334,280.0,0.13343,4158.0,0.13344,124.0
1753547169902,16:26:09.902,AERGO/USDT:USDT,0.13341,2557.0,0.1334,280.0,0.13343,4158.0,0.13344,124.0
1753547170026,16:26:10.026,AERGO/USDT:USDT,0.13341,2557.0,0.1334,280.0,0.13343,4158.0,0.13344,124.0
1753547170218,16:26:10.218,AERGO/USDT:USDT,0.13341,2557.0,0.1334,280.0,0.13343,4158.0,0.13344,124.0
1753547170326,16:26:10.326,AERGO/USDT:USDT,0.13341,2557.0,0.1334,280.0,0.13343,4158.0,0.13344,124.0
1753547170561,16:26:10.561,AERGO/USDT:USDT,0.13341,2304.0,0.1334,280.0,0.13343,4158.0,0.13344,124.0
1753547172702,16:26:12.702,AERGO/USDT:USDT,0.13341,2304.0,0.1334,280.0,0.13343,4158.0,0.13344,124.0
1753547173192,16:26:13.192,AERGO/USDT:USDT,0.13341,2344.0,0.1334,280.0,0.13343,4158.0,0.13344,124.0
1753547174163,16:26:14.163,AERGO/USDT:USDT,0.13341,2344.0,0.1334,280.0,0.13343,4158.0,0.13344,124.0
1753547174502,16:26:14.502,AERGO/USDT:USDT,0.13341,2344.0,0.1334,280.0,0.13343,4158.0,0.13344,124.0
1753547175702,16:26:15.702,AERGO/USDT:USDT,0.13341,2344.0,0.1334,280.0,0.13343,4158.0,0.13344,124.0
1753547176256,16:26:16.256,AERGO/USDT:USDT,0.13341,2344.0,0.1334,280.0,0.13343,4158.0,0.13344,124.0
1753547176401,16:26:16.401,AERGO/USDT:USDT,0.13341,2344.0,0.1334,280.0,0.13343,4158.0,0.13344,124.0
1753547176802,16:26:16.802,AERGO/USDT:USDT,0.13341,2344.0,0.1334,280.0,0.13343,4158.0,0.13344,124.0
1753547177123,16:26:17.123,AERGO/USDT:USDT,0.13341,2669.0,0.1334,280.0,0.13343,4158.0,0.13344,124.0
1753547177226,16:26:17.226,AERGO/USDT:USDT,0.13341,2669.0,0.1334,280.0,0.13343,4158.0,0.13344,124.0
1753547178087,16:26:18.087,AERGO/USDT:USDT,0.13341,2669.0,0.1334,280.0,0.13343,4158.0,0.13344,124.0
1753547178237,16:26:18.237,AERGO/USDT:USDT,0.13341,2669.0,0.1334,280.0,0.13343,4158.0,0.13344,124.0
1753547178602,16:26:18.602,AERGO/USDT:USDT,0.13341,2669.0,0.1334,280.0,0.13343,4158.0,0.13344,124.0
1753547178908,16:26:18.908,AERGO/USDT:USDT,0.13341,2669.0,0.1334,280.0,0.13343,4158.0,0.13344,124.0
1753547180402,16:26:20.402,AERGO/USDT:USDT,0.13341,2729.0,0.1334,280.0,0.13343,4158.0,0.13344,124.0
1753547181002,16:26:21.002,AERGO/USDT:USDT,0.13341,2729.0,0.1334,280.0,0.13343,4158.0,0.13344,124.0
1753547181453,16:26:21.453,AERGO/USDT:USDT,0.13341,2729.0,0.1334,280.0,0.13343,4158.0,0.13344,124.0
