timestamp,time,symbol,bid1_price,bid1_volume,bid2_price,bid2_volume,ask1_price,ask1_volume,ask2_price,ask2_volume
1753546948694,16:22:28.694,ACE/USDT:USDT,0.5776,264.7,0.5775,36.7,0.5777,2.7,0.5778,3.7
1753546949694,16:22:29.694,ACE/USDT:USDT,0.5776,264.7,0.5775,36.7,0.5777,2.7,0.5778,3.7
1753546950595,16:22:30.595,ACE/USDT:USDT,0.5776,264.7,0.5775,36.7,0.5777,2.7,0.5778,3.7
1753546950794,16:22:30.794,ACE/USDT:USDT,0.5776,91.6,0.5775,36.7,0.5777,2.7,0.5778,3.7
1753546952394,16:22:32.394,ACE/USDT:USDT,0.5776,52.4,0.5775,36.7,0.5777,2.7,0.5778,3.7
1753546953595,16:22:33.595,ACE/USDT:USDT,0.5776,225.5,0.5775,36.7,0.5777,2.7,0.5778,3.7
1753546953794,16:22:33.794,ACE/USDT:USDT,0.5776,225.5,0.5775,36.7,0.5777,2.7,0.5778,3.7
1753546954095,16:22:34.095,ACE/USDT:USDT,0.5776,225.5,0.5775,36.7,0.5777,2.7,0.5778,3.7
1753546954197,16:22:34.197,ACE/USDT:USDT,0.5776,225.5,0.5775,36.7,0.5777,2.7,0.5778,3.7
1753546954795,16:22:34.795,ACE/USDT:USDT,0.5776,225.5,0.5775,36.7,0.5777,2.7,0.5778,3.7
1753546954995,16:22:34.995,ACE/USDT:USDT,0.5776,264.7,0.5775,36.7,0.5777,2.7,0.5778,3.7
1753546955094,16:22:35.094,ACE/USDT:USDT,0.5776,264.7,0.5775,36.7,0.5777,2.7,0.5778,3.7
1753546955195,16:22:35.195,ACE/USDT:USDT,0.5776,264.7,0.5775,36.7,0.5777,2.7,0.5778,3.7
1753546955294,16:22:35.294,ACE/USDT:USDT,0.5776,264.7,0.5775,36.7,0.5777,2.7,0.5778,3.7
1753546955495,16:22:35.495,ACE/USDT:USDT,0.5776,264.7,0.5775,36.7,0.5777,2.7,0.5778,3.7
1753546955606,16:22:35.606,ACE/USDT:USDT,0.5776,225.5,0.5775,36.7,0.5777,2.7,0.5778,3.7
1753546955794,16:22:35.794,ACE/USDT:USDT,0.5776,225.5,0.5775,36.7,0.5777,2.7,0.5778,3.7
1753546956594,16:22:36.594,ACE/USDT:USDT,0.5776,225.5,0.5775,36.7,0.5777,2.7,0.5778,3.7
1753546956894,16:22:36.894,ACE/USDT:USDT,0.5776,225.5,0.5775,36.7,0.5777,2.7,0.5778,3.7
1753546957294,16:22:37.294,ACE/USDT:USDT,0.5776,225.5,0.5775,36.7,0.5777,2.7,0.5778,3.7
1753546957394,16:22:37.394,ACE/USDT:USDT,0.5776,225.5,0.5775,36.7,0.5777,2.7,0.5778,3.7
1753546957494,16:22:37.494,ACE/USDT:USDT,0.5776,225.5,0.5775,36.7,0.5777,2.7,0.5778,3.7
1753546957594,16:22:37.594,ACE/USDT:USDT,0.5776,225.5,0.5775,36.7,0.5777,2.7,0.5778,3.7
1753546957994,16:22:37.994,ACE/USDT:USDT,0.5776,225.5,0.5775,36.7,0.5777,2.7,0.5778,3.7
1753546958095,16:22:38.095,ACE/USDT:USDT,0.5776,225.5,0.5775,36.7,0.5777,2.7,0.5778,3.7
1753546958695,16:22:38.695,ACE/USDT:USDT,0.5776,225.5,0.5775,36.7,0.5777,2.7,0.5778,3.7
1753546958894,16:22:38.894,ACE/USDT:USDT,0.5776,225.5,0.5775,36.7,0.5777,2.7,0.5778,3.7
1753546959095,16:22:39.095,ACE/USDT:USDT,0.5776,225.5,0.5775,36.7,0.5777,2.7,0.5778,3.7
1753546959294,16:22:39.294,ACE/USDT:USDT,0.5776,225.5,0.5775,36.7,0.5777,2.7,0.5778,3.7
1753546959694,16:22:39.694,ACE/USDT:USDT,0.5776,225.5,0.5775,36.7,0.5777,2.7,0.5778,3.7
1753546959794,16:22:39.794,ACE/USDT:USDT,0.5776,225.5,0.5775,36.7,0.5777,2.7,0.5778,3.7
1753546960094,16:22:40.094,ACE/USDT:USDT,0.5776,225.5,0.5775,36.7,0.5777,2.7,0.5778,3.7
1753546960199,16:22:40.199,ACE/USDT:USDT,0.5776,264.7,0.5775,36.7,0.5777,2.7,0.5778,3.7
1753546960394,16:22:40.394,ACE/USDT:USDT,0.5776,264.7,0.5775,36.7,0.5777,2.7,0.5778,3.7
1753546960594,16:22:40.594,ACE/USDT:USDT,0.5776,91.6,0.5775,36.7,0.5777,2.7,0.5778,3.7
1753546960694,16:22:40.694,ACE/USDT:USDT,0.5776,52.4,0.5775,36.7,0.5777,2.7,0.5778,3.7
1753546960895,16:22:40.895,ACE/USDT:USDT,0.5776,52.4,0.5775,36.7,0.5777,2.7,0.5778,3.7
1753546960995,16:22:40.995,ACE/USDT:USDT,0.5776,264.7,0.5775,36.7,0.5777,2.7,0.5778,3.7
1753546961096,16:22:41.096,ACE/USDT:USDT,0.5776,264.7,0.5775,36.7,0.5777,2.7,0.5778,3.7
1753546961295,16:22:41.295,ACE/USDT:USDT,0.5776,264.7,0.5775,36.7,0.5777,2.7,0.5778,3.7
1753546961494,16:22:41.494,ACE/USDT:USDT,0.5776,264.7,0.5775,36.7,0.5777,2.7,0.5778,3.7
1753546961994,16:22:41.994,ACE/USDT:USDT,0.5776,264.7,0.5775,36.7,0.5777,2.7,0.5778,3.7
1753546962394,16:22:42.394,ACE/USDT:USDT,0.5776,91.6,0.5775,36.7,0.5777,2.7,0.5778,3.7
1753546962494,16:22:42.494,ACE/USDT:USDT,0.5776,91.6,0.5775,36.7,0.5777,2.7,0.5778,3.7
1753546962595,16:22:42.595,ACE/USDT:USDT,0.5776,91.6,0.5775,36.7,0.5777,2.7,0.5778,3.7
1753546962894,16:22:42.894,ACE/USDT:USDT,0.5776,91.6,0.5775,36.7,0.5777,2.7,0.5778,3.7
1753546962995,16:22:42.995,ACE/USDT:USDT,0.5776,91.6,0.5775,36.7,0.5777,2.7,0.5778,3.7
1753546963495,16:22:43.495,ACE/USDT:USDT,0.5776,91.6,0.5775,36.7,0.5777,2.7,0.5778,3.7
1753546963594,16:22:43.594,ACE/USDT:USDT,0.5776,91.6,0.5775,36.7,0.5777,2.7,0.5778,3.7
1753546963794,16:22:43.794,ACE/USDT:USDT,0.5776,91.6,0.5775,36.7,0.5777,2.7,0.5778,3.7
1753546963894,16:22:43.894,ACE/USDT:USDT,0.5776,264.7,0.5775,36.7,0.5777,2.7,0.5778,3.7
1753546963994,16:22:43.994,ACE/USDT:USDT,0.5776,91.6,0.5775,36.7,0.5777,2.7,0.5778,3.7
1753546964094,16:22:44.094,ACE/USDT:USDT,0.5776,264.7,0.5775,36.7,0.5777,2.7,0.5778,3.7
1753546964199,16:22:44.199,ACE/USDT:USDT,0.5776,264.7,0.5775,36.7,0.5777,2.7,0.5778,3.7
1753546964494,16:22:44.494,ACE/USDT:USDT,0.5776,264.7,0.5775,36.7,0.5777,2.7,0.5778,3.7
1753546964594,16:22:44.594,ACE/USDT:USDT,0.5776,264.7,0.5775,36.7,0.5777,2.7,0.5778,3.7
1753546964794,16:22:44.794,ACE/USDT:USDT,0.5776,264.7,0.5775,36.7,0.5777,2.7,0.5778,3.7
1753546964894,16:22:44.894,ACE/USDT:USDT,0.5776,264.7,0.5775,36.7,0.5777,2.7,0.5778,3.7
1753546964995,16:22:44.995,ACE/USDT:USDT,0.5776,264.9,0.5775,36.7,0.5777,2.7,0.5778,3.7
1753546965494,16:22:45.494,ACE/USDT:USDT,0.5776,264.9,0.5775,36.7,0.5777,2.7,0.5778,3.7
1753546965995,16:22:45.995,ACE/USDT:USDT,0.5776,264.9,0.5775,36.7,0.5777,2.7,0.5778,3.7
1753546966395,16:22:46.395,ACE/USDT:USDT,0.5776,264.9,0.5775,36.7,0.5777,2.7,0.5778,3.7
1753546966794,16:22:46.794,ACE/USDT:USDT,0.5776,264.9,0.5775,36.7,0.5777,2.7,0.5778,3.7
1753546966895,16:22:46.895,ACE/USDT:USDT,0.5776,264.9,0.5775,36.7,0.5777,2.7,0.5778,3.7
1753546967094,16:22:47.094,ACE/USDT:USDT,0.5776,264.9,0.5775,36.7,0.5777,2.7,0.5778,3.7
1753546967394,16:22:47.394,ACE/USDT:USDT,0.5776,264.9,0.5775,36.7,0.5777,2.7,0.5778,3.7
1753546967494,16:22:47.494,ACE/USDT:USDT,0.5776,264.9,0.5775,36.7,0.5777,2.7,0.5778,3.7
1753546967700,16:22:47.700,ACE/USDT:USDT,0.5776,264.9,0.5775,36.7,0.5777,2.7,0.5778,3.7
1753546967894,16:22:47.894,ACE/USDT:USDT,0.5776,264.9,0.5775,36.7,0.5777,2.7,0.5778,3.7
1753546968095,16:22:48.095,ACE/USDT:USDT,0.5776,264.9,0.5775,36.7,0.5777,2.7,0.5778,3.7
1753546968202,16:22:48.202,ACE/USDT:USDT,0.5776,264.9,0.5775,36.7,0.5777,2.7,0.5778,3.7
1753546968495,16:22:48.495,ACE/USDT:USDT,0.5776,264.9,0.5775,36.7,0.5777,2.7,0.5778,3.7
1753546968594,16:22:48.594,ACE/USDT:USDT,0.5776,264.9,0.5775,36.7,0.5777,2.7,0.5778,3.7
1753546969094,16:22:49.094,ACE/USDT:USDT,0.5776,264.9,0.5775,36.7,0.5777,2.7,0.5778,3.7
1753546969193,16:22:49.193,ACE/USDT:USDT,0.5776,264.9,0.5775,36.7,0.5777,2.7,0.5778,3.7
1753546969694,16:22:49.694,ACE/USDT:USDT,0.5776,264.9,0.5775,36.7,0.5777,2.7,0.5778,3.7
1753546969794,16:22:49.794,ACE/USDT:USDT,0.5776,264.9,0.5775,36.7,0.5777,2.7,0.5778,3.7
1753546970196,16:22:50.196,ACE/USDT:USDT,0.5776,264.9,0.5775,36.7,0.5777,2.7,0.5778,3.7
1753546970294,16:22:50.294,ACE/USDT:USDT,0.5776,264.9,0.5775,36.7,0.5777,2.7,0.5778,3.7
1753546970394,16:22:50.394,ACE/USDT:USDT,0.5776,264.9,0.5775,36.7,0.5777,2.7,0.5778,3.7
1753546970794,16:22:50.794,ACE/USDT:USDT,0.5776,264.9,0.5775,36.7,0.5777,2.7,0.5778,3.7
1753546970894,16:22:50.894,ACE/USDT:USDT,0.5776,264.9,0.5775,36.7,0.5777,2.7,0.5778,3.7
1753546970995,16:22:50.995,ACE/USDT:USDT,0.5776,264.9,0.5775,36.7,0.5777,2.7,0.5778,3.7
1753546971294,16:22:51.294,ACE/USDT:USDT,0.5776,264.9,0.5775,36.7,0.5777,2.7,0.5778,3.7
1753546971495,16:22:51.495,ACE/USDT:USDT,0.5776,264.9,0.5775,36.7,0.5777,2.7,0.5778,3.7
1753546971994,16:22:51.994,ACE/USDT:USDT,0.5776,264.9,0.5775,36.7,0.5777,2.7,0.5778,3.7
1753546972094,16:22:52.094,ACE/USDT:USDT,0.5776,264.9,0.5775,36.7,0.5777,2.7,0.5778,3.7
1753546973194,16:22:53.194,ACE/USDT:USDT,0.5776,264.9,0.5775,36.7,0.5777,2.7,0.5778,3.7
1753546973295,16:22:53.295,ACE/USDT:USDT,0.5776,264.9,0.5775,36.7,0.5777,2.7,0.5778,3.7
1753546973593,16:22:53.593,ACE/USDT:USDT,0.5776,264.9,0.5775,36.7,0.5777,2.7,0.5778,3.7
1753546973694,16:22:53.694,ACE/USDT:USDT,0.5776,264.9,0.5775,36.7,0.5777,2.7,0.5778,3.7
1753546973895,16:22:53.895,ACE/USDT:USDT,0.5776,264.9,0.5775,36.7,0.5777,2.7,0.5778,3.7
1753546974294,16:22:54.294,ACE/USDT:USDT,0.5776,264.9,0.5775,36.7,0.5777,2.7,0.5778,3.7
1753546974393,16:22:54.393,ACE/USDT:USDT,0.5776,264.9,0.5775,36.7,0.5777,2.7,0.5778,3.7
1753546974894,16:22:54.894,ACE/USDT:USDT,0.5776,264.9,0.5775,36.7,0.5777,2.7,0.5778,3.7
1753546974994,16:22:54.994,ACE/USDT:USDT,0.5776,264.9,0.5775,36.7,0.5777,2.7,0.5778,3.7
1753546975095,16:22:55.095,ACE/USDT:USDT,0.5776,264.9,0.5775,36.7,0.5777,2.7,0.5778,3.7
1753546975494,16:22:55.494,ACE/USDT:USDT,0.5776,264.9,0.5775,36.7,0.5777,2.7,0.5778,3.7
1753546975594,16:22:55.594,ACE/USDT:USDT,0.5776,264.9,0.5775,36.7,0.5777,2.7,0.5778,3.7
1753546975694,16:22:55.694,ACE/USDT:USDT,0.5776,273.6,0.5775,36.7,0.5777,2.7,0.5778,3.7
1753546975895,16:22:55.895,ACE/USDT:USDT,0.5776,264.9,0.5775,35.7,0.5777,3.7,0.5778,3.7
1753546976594,16:22:56.594,ACE/USDT:USDT,0.5776,264.9,0.5775,35.7,0.5777,3.7,0.5778,3.7
1753546976694,16:22:56.694,ACE/USDT:USDT,0.5776,264.9,0.5775,35.7,0.5777,3.7,0.5778,3.7
1753546976794,16:22:56.794,ACE/USDT:USDT,0.5776,264.9,0.5775,35.7,0.5777,3.7,0.5778,3.7
1753546976894,16:22:56.894,ACE/USDT:USDT,0.5776,264.9,0.5775,35.7,0.5777,3.7,0.5778,3.7
1753546976994,16:22:56.994,ACE/USDT:USDT,0.5776,264.9,0.5775,35.7,0.5777,3.7,0.5778,3.7
1753546977094,16:22:57.094,ACE/USDT:USDT,0.5776,273.6,0.5775,27.0,0.5777,3.7,0.5778,3.7
1753546977194,16:22:57.194,ACE/USDT:USDT,0.5776,273.6,0.5775,27.0,0.5777,3.7,0.5778,3.7
1753546977294,16:22:57.294,ACE/USDT:USDT,0.5776,273.6,0.5775,27.0,0.5777,3.7,0.5778,3.7
1753546977394,16:22:57.394,ACE/USDT:USDT,0.5776,273.6,0.5775,27.0,0.5777,3.7,0.5778,3.7
1753546977694,16:22:57.694,ACE/USDT:USDT,0.5776,273.6,0.5775,27.0,0.5777,3.7,0.5778,3.7
1753546977894,16:22:57.894,ACE/USDT:USDT,0.5776,264.9,0.5775,27.0,0.5777,3.7,0.5778,3.7
1753546978198,16:22:58.198,ACE/USDT:USDT,0.5776,273.6,0.5775,27.0,0.5777,3.7,0.5778,3.7
1753546978594,16:22:58.594,ACE/USDT:USDT,0.5776,264.9,0.5775,27.0,0.5777,3.7,0.5778,3.7
1753546978694,16:22:58.694,ACE/USDT:USDT,0.5776,273.6,0.5775,27.0,0.5777,3.7,0.5778,3.7
1753546978894,16:22:58.894,ACE/USDT:USDT,0.5776,264.9,0.5775,27.0,0.5777,3.7,0.5778,3.7
1753546979094,16:22:59.094,ACE/USDT:USDT,0.5776,264.9,0.5775,27.0,0.5777,3.7,0.5778,3.7
1753546979194,16:22:59.194,ACE/USDT:USDT,0.5776,273.6,0.5775,27.0,0.5777,3.7,0.5778,3.7
1753546979494,16:22:59.494,ACE/USDT:USDT,0.5776,273.6,0.5775,27.0,0.5777,3.7,0.5778,3.7
1753546979595,16:22:59.595,ACE/USDT:USDT,0.5776,264.9,0.5775,27.0,0.5777,3.7,0.5778,3.7
1753546979695,16:22:59.695,ACE/USDT:USDT,0.5776,273.6,0.5775,27.0,0.5777,3.7,0.5778,3.7
1753546979994,16:22:59.994,ACE/USDT:USDT,0.5776,273.6,0.5775,27.0,0.5777,3.7,0.5778,3.7
1753546980094,16:23:00.094,ACE/USDT:USDT,0.5776,264.9,0.5775,27.0,0.5777,3.7,0.5778,3.7
1753546980195,16:23:00.195,ACE/USDT:USDT,0.5776,273.6,0.5775,27.0,0.5777,3.7,0.5778,3.7
1753546980394,16:23:00.394,ACE/USDT:USDT,0.5776,264.9,0.5775,27.0,0.5777,3.7,0.5778,3.7
1753546980895,16:23:00.895,ACE/USDT:USDT,0.5776,273.6,0.5775,27.0,0.5777,3.7,0.5778,3.7
1753546981095,16:23:01.095,ACE/USDT:USDT,0.5776,264.9,0.5775,27.0,0.5777,3.7,0.5778,3.7
1753546981294,16:23:01.294,ACE/USDT:USDT,0.5776,273.6,0.5775,27.0,0.5777,3.7,0.5778,3.7
1753546981594,16:23:01.594,ACE/USDT:USDT,0.5776,273.6,0.5775,27.0,0.5777,3.7,0.5778,3.7
1753546981697,16:23:01.697,ACE/USDT:USDT,0.5776,264.9,0.5775,27.0,0.5777,3.7,0.5778,3.7
1753546982201,16:23:02.201,ACE/USDT:USDT,0.5776,52.6,0.5775,27.0,0.5777,3.7,0.5778,3.7
1753546982294,16:23:02.294,ACE/USDT:USDT,0.5776,52.6,0.5774,594.1,0.5777,3.7,0.5778,3.7
1753546982394,16:23:02.394,ACE/USDT:USDT,0.5776,52.6,0.5774,594.1,0.5777,3.7,0.5778,3.7
1753546982494,16:23:02.494,ACE/USDT:USDT,0.5776,52.6,0.5774,594.1,0.5777,3.7,0.5778,3.7
1753546982695,16:23:02.695,ACE/USDT:USDT,0.5776,52.6,0.5774,594.1,0.5777,3.7,0.5778,3.7
1753546982794,16:23:02.794,ACE/USDT:USDT,0.5776,52.6,0.5774,594.1,0.5777,3.7,0.5778,3.7
1753546982895,16:23:02.895,ACE/USDT:USDT,0.5776,52.6,0.5774,594.1,0.5777,3.7,0.5778,3.7
1753546982996,16:23:02.996,ACE/USDT:USDT,0.5776,52.6,0.5774,925.3,0.5777,3.7,0.5778,30.6
1753546983094,16:23:03.094,ACE/USDT:USDT,0.5776,52.6,0.5774,925.3,0.5777,3.7,0.5778,3.7
1753546983196,16:23:03.196,ACE/USDT:USDT,0.5776,7.9,0.5774,925.3,0.5777,3.7,0.5778,3.7
1753546983494,16:23:03.494,ACE/USDT:USDT,0.5776,7.9,0.5774,925.3,0.5777,3.7,0.5778,3.7
1753546983795,16:23:03.795,ACE/USDT:USDT,0.5776,7.9,0.5774,925.3,0.5777,3.7,0.5778,3.7
1753546984294,16:23:04.294,ACE/USDT:USDT,0.5776,7.9,0.5774,925.3,0.5777,48.4,0.5778,3.7
1753546984495,16:23:04.495,ACE/USDT:USDT,0.5776,7.9,0.5774,925.3,0.5777,48.4,0.5778,3.7
1753546984595,16:23:04.595,ACE/USDT:USDT,0.5776,7.9,0.5774,925.3,0.5777,48.4,0.5778,3.7
1753546984694,16:23:04.694,ACE/USDT:USDT,0.5776,7.9,0.5774,925.3,0.5777,48.4,0.5778,3.7
1753546984894,16:23:04.894,ACE/USDT:USDT,0.5776,7.9,0.5774,925.3,0.5777,48.4,0.5778,3.7
1753546985094,16:23:05.094,ACE/USDT:USDT,0.5776,7.9,0.5774,925.3,0.5777,48.4,0.5778,3.7
1753546985194,16:23:05.194,ACE/USDT:USDT,0.5776,7.9,0.5774,925.3,0.5777,48.4,0.5778,3.7
1753546985594,16:23:05.594,ACE/USDT:USDT,0.5776,7.9,0.5774,925.3,0.5777,48.4,0.5778,3.7
1753546985695,16:23:05.695,ACE/USDT:USDT,0.5776,7.9,0.5774,925.3,0.5777,48.4,0.5778,3.7
1753546985794,16:23:05.794,ACE/USDT:USDT,0.5776,7.9,0.5774,925.3,0.5777,48.4,0.5778,3.7
1753546986094,16:23:06.094,ACE/USDT:USDT,0.5776,7.9,0.5775,8.7,0.5777,48.4,0.5778,3.7
1753546986196,16:23:06.196,ACE/USDT:USDT,0.5776,7.9,0.5775,8.7,0.5777,48.4,0.5778,3.7
1753546986294,16:23:06.294,ACE/USDT:USDT,0.5776,7.9,0.5775,8.7,0.5777,48.4,0.5778,3.7
1753546986494,16:23:06.494,ACE/USDT:USDT,0.5776,34.8,0.5775,35.6,0.5778,3.7,0.578,287.4
1753546986594,16:23:06.594,ACE/USDT:USDT,0.5776,7.9,0.5775,35.6,0.5778,3.7,0.578,313.3
1753546986695,16:23:06.695,ACE/USDT:USDT,0.5776,7.9,0.5775,35.6,0.5778,3.7,0.578,313.3
1753546986795,16:23:06.795,ACE/USDT:USDT,0.5777,173.1,0.5776,7.9,0.5778,3.7,0.578,313.3
1753546987095,16:23:07.095,ACE/USDT:USDT,0.5776,7.9,0.5775,35.6,0.5778,3.7,0.578,313.3
1753546987196,16:23:07.196,ACE/USDT:USDT,0.5776,7.9,0.5775,35.6,0.5778,3.7,0.5779,22.2
1753546987696,16:23:07.696,ACE/USDT:USDT,0.5776,7.9,0.5775,35.6,0.5778,3.7,0.578,313.3
1753546987795,16:23:07.795,ACE/USDT:USDT,0.5777,173.1,0.5776,7.9,0.5778,3.7,0.578,313.3
1753546987895,16:23:07.895,ACE/USDT:USDT,0.5776,7.9,0.5775,35.6,0.5778,3.7,0.578,313.3
1753546987995,16:23:07.995,ACE/USDT:USDT,0.5777,174.1,0.5776,7.9,0.5778,3.7,0.578,313.3
1753546988094,16:23:08.094,ACE/USDT:USDT,0.5777,45.7,0.5776,7.9,0.5778,3.7,0.578,313.3
1753546988194,16:23:08.194,ACE/USDT:USDT,0.5777,45.7,0.5776,7.9,0.5778,3.7,0.578,313.3
1753546988294,16:23:08.294,ACE/USDT:USDT,0.5777,45.7,0.5776,7.9,0.5778,3.7,0.578,313.3
1753546988595,16:23:08.595,ACE/USDT:USDT,0.5777,45.7,0.5776,7.9,0.5778,3.7,0.578,313.3
1753546988695,16:23:08.695,ACE/USDT:USDT,0.5777,45.7,0.5776,7.9,0.5778,3.7,0.578,313.3
1753546988894,16:23:08.894,ACE/USDT:USDT,0.5777,45.7,0.5776,7.9,0.5778,3.7,0.578,313.3
1753546989094,16:23:09.094,ACE/USDT:USDT,0.5777,45.7,0.5776,7.9,0.5778,3.7,0.578,313.3
1753546989194,16:23:09.194,ACE/USDT:USDT,0.5777,45.7,0.5776,7.9,0.5778,3.7,0.578,313.3
1753546989494,16:23:09.494,ACE/USDT:USDT,0.5777,45.7,0.5776,7.9,0.5778,3.7,0.5779,27.0
1753546989595,16:23:09.595,ACE/USDT:USDT,0.5777,45.7,0.5776,7.9,0.5778,3.7,0.578,313.3
1753546989695,16:23:09.695,ACE/USDT:USDT,0.5777,45.7,0.5776,7.9,0.5778,3.7,0.578,313.3
1753546989795,16:23:09.795,ACE/USDT:USDT,0.5777,45.7,0.5776,7.9,0.5778,3.7,0.578,313.3
1753546989894,16:23:09.894,ACE/USDT:USDT,0.5777,45.7,0.5776,7.9,0.5778,3.7,0.578,313.3
1753546990095,16:23:10.095,ACE/USDT:USDT,0.5777,45.7,0.5776,7.9,0.5778,3.7,0.578,313.3
1753546990295,16:23:10.295,ACE/USDT:USDT,0.5777,45.7,0.5776,34.9,0.5778,3.7,0.578,287.4
1753546990394,16:23:10.394,ACE/USDT:USDT,0.5777,45.7,0.5776,34.9,0.5778,3.7,0.578,287.4
1753546990794,16:23:10.794,ACE/USDT:USDT,0.5777,45.7,0.5776,34.9,0.5778,3.7,0.578,311.6
1753546990895,16:23:10.895,ACE/USDT:USDT,0.5777,45.7,0.5776,34.9,0.5778,3.7,0.578,311.6
1753546990994,16:23:10.994,ACE/USDT:USDT,0.5777,45.7,0.5776,34.9,0.5778,3.7,0.578,311.6
1753546991197,16:23:11.197,ACE/USDT:USDT,0.5777,218.8,0.5776,34.9,0.5778,3.7,0.578,287.4
1753546991295,16:23:11.295,ACE/USDT:USDT,0.5777,218.8,0.5776,34.9,0.5778,3.7,0.578,287.4
1753546991494,16:23:11.494,ACE/USDT:USDT,0.5777,218.8,0.5776,34.9,0.5778,3.7,0.578,287.4
1753546991594,16:23:11.594,ACE/USDT:USDT,0.5777,258.0,0.5776,34.9,0.5778,3.7,0.5782,316.1
1753546991695,16:23:11.695,ACE/USDT:USDT,0.5777,258.0,0.5776,34.9,0.5778,3.7,0.5781,287.1
1753546991795,16:23:11.795,ACE/USDT:USDT,0.5777,258.0,0.5776,34.9,0.5778,3.7,0.5781,585.8
1753546991895,16:23:11.895,ACE/USDT:USDT,0.5777,258.0,0.5776,34.9,0.5778,3.7,0.5781,585.8
1753546992695,16:23:12.695,ACE/USDT:USDT,0.5777,258.0,0.5776,34.9,0.5778,3.7,0.5781,585.8
1753546992795,16:23:12.795,ACE/USDT:USDT,0.5777,258.0,0.5776,34.9,0.5778,3.7,0.5781,585.8
1753546993094,16:23:13.094,ACE/USDT:USDT,0.5777,258.0,0.5776,34.9,0.5778,3.7,0.5781,585.8
1753546993295,16:23:13.295,ACE/USDT:USDT,0.5777,258.0,0.5776,34.9,0.5778,3.7,0.5781,585.8
1753546993795,16:23:13.795,ACE/USDT:USDT,0.5777,266.7,0.5776,34.9,0.5778,3.7,0.5781,585.8
1753546993894,16:23:13.894,ACE/USDT:USDT,0.5777,258.0,0.5776,34.9,0.5778,3.7,0.5781,585.8
1753546994094,16:23:14.094,ACE/USDT:USDT,0.5777,266.7,0.5776,34.9,0.5778,3.7,0.5781,585.8
1753546994197,16:23:14.197,ACE/USDT:USDT,0.5777,258.0,0.5776,34.9,0.5778,3.7,0.5781,585.8
1753546994295,16:23:14.295,ACE/USDT:USDT,0.5777,258.0,0.5776,34.9,0.5778,3.7,0.5781,585.8
1753546994495,16:23:14.495,ACE/USDT:USDT,0.5777,258.0,0.5776,34.9,0.5778,3.7,0.5781,585.8
1753546994594,16:23:14.594,ACE/USDT:USDT,0.5777,258.0,0.5776,34.9,0.5778,3.7,0.5781,585.8
1753546994893,16:23:14.893,ACE/USDT:USDT,0.5777,258.0,0.5776,34.9,0.5778,3.7,0.5781,585.8
1753546994994,16:23:14.994,ACE/USDT:USDT,0.5777,258.0,0.5776,34.9,0.5778,3.7,0.5781,585.8
1753546995195,16:23:15.195,ACE/USDT:USDT,0.5777,258.0,0.5776,34.9,0.5778,3.7,0.5781,585.8
1753546995395,16:23:15.395,ACE/USDT:USDT,0.5777,218.8,0.5776,34.9,0.5778,3.7,0.5781,585.8
1753546995495,16:23:15.495,ACE/USDT:USDT,0.5777,218.8,0.5776,34.9,0.5778,3.7,0.5781,585.8
1753546995594,16:23:15.594,ACE/USDT:USDT,0.5777,258.0,0.5776,34.9,0.5778,3.7,0.5781,565.8
1753546995894,16:23:15.894,ACE/USDT:USDT,0.5777,258.0,0.5776,34.9,0.5778,3.7,0.5781,565.8
1753546996093,16:23:16.093,ACE/USDT:USDT,0.5777,258.0,0.5776,34.9,0.5778,3.7,0.5781,565.8
1753546996196,16:23:16.196,ACE/USDT:USDT,0.5777,258.0,0.5776,34.9,0.5778,3.7,0.5781,565.8
1753546996595,16:23:16.595,ACE/USDT:USDT,0.5777,258.0,0.5776,34.9,0.5778,3.7,0.5781,591.3
1753546996994,16:23:16.994,ACE/USDT:USDT,0.5777,258.0,0.5776,34.9,0.5778,3.7,0.5781,591.3
1753546997094,16:23:17.094,ACE/USDT:USDT,0.5777,258.0,0.5776,34.9,0.5778,3.7,0.5781,591.3
1753546997495,16:23:17.495,ACE/USDT:USDT,0.5777,258.0,0.5776,34.9,0.5778,3.7,0.5781,591.3
1753546997594,16:23:17.594,ACE/USDT:USDT,0.5777,258.0,0.5776,34.9,0.5778,3.7,0.5782,316.1
1753546997795,16:23:17.795,ACE/USDT:USDT,0.5777,258.0,0.5776,34.9,0.5778,3.7,0.5781,23.2
1753546997994,16:23:17.994,ACE/USDT:USDT,0.5777,258.0,0.5776,34.9,0.5778,3.7,0.5781,23.2
1753546998094,16:23:18.094,ACE/USDT:USDT,0.5777,284.9,0.5776,34.9,0.5778,3.7,0.5781,23.2
1753546998196,16:23:18.196,ACE/USDT:USDT,0.5777,218.8,0.5776,34.9,0.5778,3.7,0.5781,23.2
1753546998294,16:23:18.294,ACE/USDT:USDT,0.5777,243.7,0.5776,34.9,0.5778,3.7,0.5781,23.2
1753546998793,16:23:18.793,ACE/USDT:USDT,0.5777,243.7,0.5776,34.9,0.5778,3.7,0.5781,23.2
1753546998894,16:23:18.894,ACE/USDT:USDT,0.5777,504.2,0.5776,34.9,0.5778,3.7,0.5781,23.2
1753546998994,16:23:18.994,ACE/USDT:USDT,0.5777,504.2,0.5776,34.9,0.5778,3.7,0.5781,23.2
1753546999095,16:23:19.095,ACE/USDT:USDT,0.5777,504.2,0.5776,34.9,0.5778,3.7,0.5781,23.2
1753546999195,16:23:19.195,ACE/USDT:USDT,0.5777,504.2,0.5776,34.9,0.5778,3.7,0.5781,23.2
1753546999595,16:23:19.595,ACE/USDT:USDT,0.5777,504.2,0.5776,34.9,0.5778,3.7,0.5781,23.2
1753547000194,16:23:20.194,ACE/USDT:USDT,0.5777,504.2,0.5776,34.9,0.5778,3.7,0.5781,23.2
1753547000294,16:23:20.294,ACE/USDT:USDT,0.5777,252.4,0.5776,34.9,0.5778,3.7,0.5781,23.2
1753547000395,16:23:20.395,ACE/USDT:USDT,0.5777,243.7,0.5776,34.9,0.5778,3.7,0.5781,23.2
1753547000495,16:23:20.495,ACE/USDT:USDT,0.5777,243.7,0.5776,34.9,0.5778,3.7,0.5781,23.2
1753547000695,16:23:20.695,ACE/USDT:USDT,0.5777,243.7,0.5776,34.9,0.5778,3.7,0.5781,23.2
1753547000794,16:23:20.794,ACE/USDT:USDT,0.5777,243.7,0.5776,34.9,0.5778,3.7,0.5781,23.2
1753547000894,16:23:20.894,ACE/USDT:USDT,0.5777,243.7,0.5776,34.9,0.5778,3.7,0.5781,23.2
1753547000994,16:23:20.994,ACE/USDT:USDT,0.5777,243.7,0.5776,34.9,0.5778,3.7,0.5781,23.2
1753547001194,16:23:21.194,ACE/USDT:USDT,0.5777,243.7,0.5776,34.9,0.5778,3.7,0.5781,23.2
1753547001294,16:23:21.294,ACE/USDT:USDT,0.5777,243.7,0.5776,34.9,0.5778,3.7,0.5781,23.2
1753547001594,16:23:21.594,ACE/USDT:USDT,0.5777,243.7,0.5776,34.9,0.5778,3.7,0.5781,23.2
1753547001895,16:23:21.895,ACE/USDT:USDT,0.5777,243.7,0.5776,34.9,0.5778,3.7,0.5781,23.2
1753547002197,16:23:22.197,ACE/USDT:USDT,0.5777,243.7,0.5776,34.9,0.5778,3.7,0.5781,23.2
1753547002294,16:23:22.294,ACE/USDT:USDT,0.5777,218.8,0.5776,34.9,0.5778,3.7,0.5781,23.2
1753547002594,16:23:22.594,ACE/USDT:USDT,0.5777,218.8,0.5776,34.9,0.5778,3.7,0.5781,23.2
1753547002894,16:23:22.894,ACE/USDT:USDT,0.5777,218.8,0.5776,34.9,0.5778,3.7,0.5781,23.2
1753547002994,16:23:22.994,ACE/USDT:USDT,0.5777,218.8,0.5776,34.9,0.5778,3.7,0.5781,23.2
1753547003294,16:23:23.294,ACE/USDT:USDT,0.5777,256.5,0.5776,34.9,0.5778,3.7,0.5781,23.2
1753547003394,16:23:23.394,ACE/USDT:USDT,0.5777,218.8,0.5776,34.9,0.5778,3.7,0.5781,23.2
1753547003495,16:23:23.495,ACE/USDT:USDT,0.5777,227.5,0.5776,34.9,0.5778,3.7,0.5781,23.2
1753547003994,16:23:23.994,ACE/USDT:USDT,0.5777,227.5,0.5776,34.9,0.5778,3.7,0.5781,23.2
1753547004094,16:23:24.094,ACE/USDT:USDT,0.5777,227.5,0.5776,34.9,0.5778,3.7,0.5781,23.2
1753547004595,16:23:24.595,ACE/USDT:USDT,0.5777,227.5,0.5776,34.9,0.5778,3.7,0.5781,23.2
1753547004695,16:23:24.695,ACE/USDT:USDT,0.5777,218.8,0.5776,34.9,0.5778,3.7,0.5781,23.2
1753547005494,16:23:25.494,ACE/USDT:USDT,0.5777,218.8,0.5776,34.9,0.5778,3.7,0.5781,23.2
1753547005694,16:23:25.694,ACE/USDT:USDT,0.5777,218.8,0.5776,34.9,0.5778,3.7,0.5781,23.2
1753547006202,16:23:26.202,ACE/USDT:USDT,0.5777,218.8,0.5776,34.9,0.5778,3.7,0.5781,23.2
1753547006394,16:23:26.394,ACE/USDT:USDT,0.5777,218.8,0.5776,34.9,0.5778,3.7,0.5781,23.2
1753547006794,16:23:26.794,ACE/USDT:USDT,0.5777,218.8,0.5776,34.9,0.5778,3.7,0.5781,23.2
1753547006895,16:23:26.895,ACE/USDT:USDT,0.5777,218.8,0.5776,34.9,0.5778,3.7,0.5781,23.2
1753547007194,16:23:27.194,ACE/USDT:USDT,0.5777,227.5,0.5776,34.9,0.5778,3.7,0.5781,23.2
1753547007295,16:23:27.295,ACE/USDT:USDT,0.5777,227.5,0.5776,34.9,0.5778,3.7,0.5781,23.2
1753547007395,16:23:27.395,ACE/USDT:USDT,0.5777,218.8,0.5776,34.9,0.5778,3.7,0.5781,23.2
1753547007494,16:23:27.494,ACE/USDT:USDT,0.5777,218.8,0.5776,34.9,0.5778,3.7,0.5781,23.2
1753547007794,16:23:27.794,ACE/USDT:USDT,0.5777,218.8,0.5776,34.9,0.5778,3.7,0.5781,23.2
1753547007894,16:23:27.894,ACE/USDT:USDT,0.5777,218.8,0.5776,34.9,0.5778,3.7,0.5781,23.2
1753547008094,16:23:28.094,ACE/USDT:USDT,0.5777,218.8,0.5776,34.9,0.5778,3.7,0.5781,310.3
1753547008494,16:23:28.494,ACE/USDT:USDT,0.5777,218.8,0.5776,34.9,0.5778,3.7,0.5781,310.3
1753547008593,16:23:28.593,ACE/USDT:USDT,0.5777,218.8,0.5776,34.9,0.5778,3.7,0.5781,310.3
1753547008895,16:23:28.895,ACE/USDT:USDT,0.5777,218.8,0.5776,34.9,0.5778,3.7,0.5781,310.3
1753547009094,16:23:29.094,ACE/USDT:USDT,0.5777,218.8,0.5776,34.9,0.5778,3.7,0.5781,310.3
1753547009195,16:23:29.195,ACE/USDT:USDT,0.5777,218.8,0.5776,34.9,0.5778,3.7,0.5781,310.3
1753547009294,16:23:29.294,ACE/USDT:USDT,0.5777,218.8,0.5776,34.9,0.5778,3.7,0.5781,310.3
1753547009494,16:23:29.494,ACE/USDT:USDT,0.5777,218.8,0.5776,34.9,0.5778,3.7,0.5781,588.7
1753547009894,16:23:29.894,ACE/USDT:USDT,0.5777,218.8,0.5776,34.9,0.5778,3.7,0.5781,588.7
1753547010094,16:23:30.094,ACE/USDT:USDT,0.5777,174.1,0.5776,34.9,0.5778,3.7,0.5781,588.7
1753547010199,16:23:30.199,ACE/USDT:USDT,0.5777,174.1,0.5776,34.9,0.5778,3.7,0.5781,588.7
1753547010294,16:23:30.294,ACE/USDT:USDT,0.5777,174.1,0.5776,34.9,0.5778,3.7,0.5781,588.7
1753547010694,16:23:30.694,ACE/USDT:USDT,0.5777,174.1,0.5776,34.9,0.5778,3.7,0.5781,588.7
1753547010796,16:23:30.796,ACE/USDT:USDT,0.5777,174.1,0.5776,34.9,0.5778,3.7,0.5781,588.7
1753547010894,16:23:30.894,ACE/USDT:USDT,0.5777,1.0,0.5776,34.9,0.5778,3.7,0.5781,588.7
1753547011294,16:23:31.294,ACE/USDT:USDT,0.5777,1.0,0.5776,34.9,0.5778,3.7,0.578,19.8
1753547011795,16:23:31.795,ACE/USDT:USDT,0.5777,1.0,0.5776,34.9,0.5778,3.7,0.578,19.8
1753547011895,16:23:31.895,ACE/USDT:USDT,0.5777,1.0,0.5776,34.9,0.5778,3.7,0.578,19.8
1753547011995,16:23:31.995,ACE/USDT:USDT,0.5777,1.0,0.5776,34.9,0.5778,3.7,0.578,19.8
1753547012294,16:23:32.294,ACE/USDT:USDT,0.5777,2.0,0.5776,34.9,0.5778,3.7,0.578,19.8
1753547012393,16:23:32.393,ACE/USDT:USDT,0.5777,2.0,0.5776,34.9,0.5778,3.7,0.578,19.8
1753547012494,16:23:32.494,ACE/USDT:USDT,0.5777,2.0,0.5776,34.9,0.5778,3.7,0.578,19.8
1753547012695,16:23:32.695,ACE/USDT:USDT,0.5777,2.0,0.5776,34.9,0.5778,3.7,0.578,19.8
1753547012794,16:23:32.794,ACE/USDT:USDT,0.5777,2.0,0.5776,34.9,0.5778,3.7,0.578,19.8
1753547012894,16:23:32.894,ACE/USDT:USDT,0.5777,2.0,0.5776,34.9,0.5778,3.7,0.578,19.8
1753547013094,16:23:33.094,ACE/USDT:USDT,0.5777,2.0,0.5776,34.9,0.5778,48.3,0.578,19.8
1753547013494,16:23:33.494,ACE/USDT:USDT,0.5777,2.0,0.5776,34.9,0.5778,48.3,0.578,19.8
1753547013994,16:23:33.994,ACE/USDT:USDT,0.5777,2.0,0.5776,34.9,0.5778,48.3,0.578,19.8
1753547014094,16:23:34.094,ACE/USDT:USDT,0.5777,2.0,0.5776,34.9,0.5778,48.3,0.578,19.8
1753547014294,16:23:34.294,ACE/USDT:USDT,0.5777,2.0,0.5776,34.9,0.5778,48.3,0.578,19.8
1753547014594,16:23:34.594,ACE/USDT:USDT,0.5777,2.0,0.5776,34.9,0.5778,48.3,0.578,19.8
1753547014695,16:23:34.695,ACE/USDT:USDT,0.5777,2.0,0.5776,34.9,0.5778,48.3,0.578,19.8
1753547015195,16:23:35.195,ACE/USDT:USDT,0.5777,2.0,0.5776,34.9,0.5778,48.3,0.578,19.8
1753547015295,16:23:35.295,ACE/USDT:USDT,0.5777,2.0,0.5776,7.9,0.5778,48.3,0.578,19.8
1753547015494,16:23:35.494,ACE/USDT:USDT,0.5777,2.0,0.5776,7.9,0.5778,48.3,0.578,19.8
1753547015696,16:23:35.696,ACE/USDT:USDT,0.5777,2.0,0.5776,7.9,0.5778,48.3,0.578,19.8
1753547015794,16:23:35.794,ACE/USDT:USDT,0.5777,2.0,0.5776,7.9,0.5778,48.3,0.578,19.8
1753547016294,16:23:36.294,ACE/USDT:USDT,0.5777,2.0,0.5776,7.9,0.5778,48.3,0.578,19.8
1753547016394,16:23:36.394,ACE/USDT:USDT,0.5777,2.0,0.5776,7.9,0.5778,48.3,0.578,19.8
1753547016494,16:23:36.494,ACE/USDT:USDT,0.5777,2.0,0.5776,7.9,0.5778,48.3,0.578,19.8
1753547017395,16:23:37.395,ACE/USDT:USDT,0.5777,2.0,0.5776,7.9,0.5778,48.3,0.578,19.8
1753547017495,16:23:37.495,ACE/USDT:USDT,0.5777,2.0,0.5776,7.9,0.5778,48.3,0.578,19.8
1753547017894,16:23:37.894,ACE/USDT:USDT,0.5777,2.0,0.5776,7.9,0.5778,48.3,0.578,19.8
1753547017994,16:23:37.994,ACE/USDT:USDT,0.5777,2.0,0.5776,7.9,0.5778,48.3,0.578,19.8
1753547018494,16:23:38.494,ACE/USDT:USDT,0.5777,2.0,0.5776,7.9,0.5778,48.3,0.578,19.8
1753547018594,16:23:38.594,ACE/USDT:USDT,0.5777,2.0,0.5776,7.9,0.5778,48.3,0.578,19.8
1753547018694,16:23:38.694,ACE/USDT:USDT,0.5777,2.0,0.5776,7.9,0.5778,48.3,0.578,19.8
1753547018895,16:23:38.895,ACE/USDT:USDT,0.5777,2.0,0.5776,7.9,0.5778,48.3,0.578,19.8
1753547019194,16:23:39.194,ACE/USDT:USDT,0.5777,2.0,0.5776,7.9,0.5778,48.3,0.578,19.8
1753547019594,16:23:39.594,ACE/USDT:USDT,0.5777,2.0,0.5776,7.9,0.5778,48.3,0.578,19.8
1753547019694,16:23:39.694,ACE/USDT:USDT,0.5777,2.0,0.5776,7.9,0.5778,48.3,0.578,19.8
1753547020097,16:23:40.097,ACE/USDT:USDT,0.5778,27.0,0.5777,29.0,0.5781,63.9,0.5783,27.0
1753547020200,16:23:40.200,ACE/USDT:USDT,0.5777,29.0,0.5776,34.9,0.5781,90.9,0.5782,27.0
1753547020294,16:23:40.294,ACE/USDT:USDT,0.5777,29.0,0.5776,34.9,0.5781,90.9,0.5782,27.0
1753547020594,16:23:40.594,ACE/USDT:USDT,0.5777,29.0,0.5776,34.9,0.5781,90.9,0.5782,27.0
1753547020695,16:23:40.695,ACE/USDT:USDT,0.5777,29.0,0.5776,34.9,0.5781,90.9,0.5782,27.0
1753547020795,16:23:40.795,ACE/USDT:USDT,0.5777,29.0,0.5776,34.9,0.5781,90.9,0.5782,27.0
1753547021095,16:23:41.095,ACE/USDT:USDT,0.5777,29.0,0.5776,34.9,0.5781,135.4,0.5782,27.0
1753547021397,16:23:41.397,ACE/USDT:USDT,0.5777,29.0,0.5776,34.9,0.5781,135.4,0.5782,27.0
1753547021594,16:23:41.594,ACE/USDT:USDT,0.5777,29.0,0.5776,34.9,0.5781,135.4,0.5782,27.0
1753547021694,16:23:41.694,ACE/USDT:USDT,0.5777,29.0,0.5776,34.9,0.5781,135.4,0.5782,27.0
1753547021795,16:23:41.795,ACE/USDT:USDT,0.5777,29.0,0.5776,34.9,0.5781,135.4,0.5782,27.0
1753547022094,16:23:42.094,ACE/USDT:USDT,0.5777,29.0,0.5776,34.9,0.5781,135.4,0.5782,27.0
1753547022198,16:23:42.198,ACE/USDT:USDT,0.5777,29.0,0.5776,34.9,0.5781,135.4,0.5782,27.0
1753547022293,16:23:42.293,ACE/USDT:USDT,0.5777,29.0,0.5776,34.9,0.5781,135.4,0.5782,27.0
1753547022593,16:23:42.593,ACE/USDT:USDT,0.5777,29.0,0.5776,34.9,0.5781,135.4,0.5782,27.0
1753547022694,16:23:42.694,ACE/USDT:USDT,0.5777,29.0,0.5776,34.9,0.5781,135.4,0.5782,27.0
1753547022794,16:23:42.794,ACE/USDT:USDT,0.5777,29.0,0.5776,34.9,0.5781,135.4,0.5782,27.0
1753547022894,16:23:42.894,ACE/USDT:USDT,0.5777,29.0,0.5776,34.9,0.5781,135.4,0.5782,27.0
1753547022995,16:23:42.995,ACE/USDT:USDT,0.5777,29.0,0.5776,34.9,0.5781,135.4,0.5782,27.0
1753547023093,16:23:43.093,ACE/USDT:USDT,0.5777,73.5,0.5776,34.9,0.5781,135.4,0.5782,27.0
1753547023194,16:23:43.194,ACE/USDT:USDT,0.5778,173.0,0.5777,73.5,0.5781,108.4,0.5782,27.0
1753547023295,16:23:43.295,ACE/USDT:USDT,0.5777,73.5,0.5776,34.9,0.5781,131.3,0.5782,27.0
1753547023394,16:23:43.394,ACE/USDT:USDT,0.5777,73.5,0.5776,34.9,0.5781,131.3,0.5782,27.0
1753547023495,16:23:43.495,ACE/USDT:USDT,0.5778,173.0,0.5777,73.5,0.5781,131.3,0.5782,27.0
1753547023594,16:23:43.594,ACE/USDT:USDT,0.5777,73.5,0.5776,34.9,0.5781,131.3,0.5782,27.0
1753547023694,16:23:43.694,ACE/USDT:USDT,0.5777,73.5,0.5776,34.9,0.5781,131.3,0.5782,27.0
1753547024194,16:23:44.194,ACE/USDT:USDT,0.5777,29.0,0.5776,34.9,0.5781,131.3,0.5782,27.0
1753547024395,16:23:44.395,ACE/USDT:USDT,0.5777,29.0,0.5776,34.9,0.5781,131.3,0.5782,27.0
1753547024494,16:23:44.494,ACE/USDT:USDT,0.5777,29.0,0.5776,34.9,0.5781,131.3,0.5782,27.0
1753547024594,16:23:44.594,ACE/USDT:USDT,0.5777,29.0,0.5776,34.9,0.5781,131.3,0.5782,27.0
1753547024896,16:23:44.896,ACE/USDT:USDT,0.5777,29.0,0.5776,34.9,0.5781,131.3,0.5782,27.0
1753547024994,16:23:44.994,ACE/USDT:USDT,0.5777,29.0,0.5776,34.9,0.5781,131.3,0.5782,27.0
1753547025095,16:23:45.095,ACE/USDT:USDT,0.5777,29.0,0.5776,34.9,0.5781,131.3,0.5782,27.0
1753547025495,16:23:45.495,ACE/USDT:USDT,0.5777,29.0,0.5776,34.9,0.5781,131.3,0.5782,27.0
1753547025595,16:23:45.595,ACE/USDT:USDT,0.5777,29.0,0.5776,34.9,0.5781,131.3,0.5782,27.0
1753547025994,16:23:45.994,ACE/USDT:USDT,0.5777,29.0,0.5776,34.9,0.5781,131.3,0.5782,27.0
1753547026294,16:23:46.294,ACE/USDT:USDT,0.5777,29.0,0.5776,34.9,0.5781,131.3,0.5782,27.0
1753547026594,16:23:46.594,ACE/USDT:USDT,0.5777,29.0,0.5776,34.9,0.5781,131.3,0.5782,27.0
1753547026695,16:23:46.695,ACE/USDT:USDT,0.5777,29.0,0.5776,34.9,0.5781,131.3,0.5782,27.0
1753547027194,16:23:47.194,ACE/USDT:USDT,0.5777,29.0,0.5776,34.9,0.5781,131.3,0.5782,27.0
1753547027494,16:23:47.494,ACE/USDT:USDT,0.5777,29.0,0.5776,34.9,0.5781,131.3,0.5782,27.0
1753547027794,16:23:47.794,ACE/USDT:USDT,0.5777,29.0,0.5776,34.9,0.5781,131.3,0.5782,27.0
1753547028794,16:23:48.794,ACE/USDT:USDT,0.5777,73.5,0.5776,34.9,0.5781,131.3,0.5782,27.0
1753547028894,16:23:48.894,ACE/USDT:USDT,0.5777,73.5,0.5776,34.9,0.5781,131.3,0.5782,27.0
1753547028994,16:23:48.994,ACE/USDT:USDT,0.5777,73.5,0.5776,34.9,0.5781,131.3,0.5782,27.0
1753547029295,16:23:49.295,ACE/USDT:USDT,0.5777,73.5,0.5776,34.9,0.5781,131.3,0.5782,27.0
1753547029394,16:23:49.394,ACE/USDT:USDT,0.5777,73.5,0.5776,34.9,0.5781,131.3,0.5782,27.0
1753547029995,16:23:49.995,ACE/USDT:USDT,0.5777,73.5,0.5776,34.9,0.5781,131.3,0.5782,27.0
1753547030494,16:23:50.494,ACE/USDT:USDT,0.5777,29.0,0.5776,34.9,0.5781,131.3,0.5782,27.0
1753547030795,16:23:50.795,ACE/USDT:USDT,0.5777,29.0,0.5776,34.9,0.5781,131.3,0.5782,27.0
1753547031094,16:23:51.094,ACE/USDT:USDT,0.5777,29.0,0.5776,34.9,0.5781,131.3,0.5782,27.0
1753547031195,16:23:51.195,ACE/USDT:USDT,0.5777,73.5,0.5776,34.9,0.5781,131.3,0.5782,27.0
1753547031594,16:23:51.594,ACE/USDT:USDT,0.5777,73.5,0.5776,34.9,0.5781,131.3,0.5782,27.0
1753547031694,16:23:51.694,ACE/USDT:USDT,0.5777,73.5,0.5776,34.9,0.5781,131.3,0.5782,27.0
1753547032094,16:23:52.094,ACE/USDT:USDT,0.5777,73.5,0.5776,34.9,0.5781,131.3,0.5782,27.0
1753547032200,16:23:52.200,ACE/USDT:USDT,0.5777,29.0,0.5776,34.9,0.5781,131.3,0.5782,27.0
1753547032294,16:23:52.294,ACE/USDT:USDT,0.5777,29.0,0.5776,34.9,0.5781,131.3,0.5782,27.0
1753547032494,16:23:52.494,ACE/USDT:USDT,0.5777,29.0,0.5776,34.9,0.5781,131.3,0.5782,27.0
1753547032795,16:23:52.795,ACE/USDT:USDT,0.5777,29.0,0.5776,34.9,0.5781,131.3,0.5782,27.0
1753547032894,16:23:52.894,ACE/USDT:USDT,0.5777,29.0,0.5776,34.9,0.5781,131.3,0.5782,27.0
1753547033094,16:23:53.094,ACE/USDT:USDT,0.5777,29.0,0.5776,34.9,0.5781,131.3,0.5782,27.0
1753547033194,16:23:53.194,ACE/USDT:USDT,0.5777,29.0,0.5776,34.9,0.5781,131.3,0.5782,27.0
1753547033294,16:23:53.294,ACE/USDT:USDT,0.5777,29.0,0.5776,34.9,0.5781,131.3,0.5782,27.0
1753547033494,16:23:53.494,ACE/USDT:USDT,0.5777,29.0,0.5776,34.9,0.5781,131.3,0.5782,27.0
1753547033894,16:23:53.894,ACE/USDT:USDT,0.5777,29.0,0.5776,34.9,0.5781,131.3,0.5782,27.0
1753547033994,16:23:53.994,ACE/USDT:USDT,0.5777,29.0,0.5776,34.9,0.5781,131.3,0.5782,27.0
1753547034094,16:23:54.094,ACE/USDT:USDT,0.5777,29.0,0.5776,34.9,0.5781,131.3,0.5782,27.0
1753547034294,16:23:54.294,ACE/USDT:USDT,0.5777,29.0,0.5776,34.9,0.5781,131.3,0.5782,27.0
1753547034494,16:23:54.494,ACE/USDT:USDT,0.5777,29.0,0.5776,34.9,0.5781,131.3,0.5782,27.0
1753547034794,16:23:54.794,ACE/USDT:USDT,0.5777,29.0,0.5776,34.9,0.5781,131.3,0.5782,27.0
1753547035095,16:23:55.095,ACE/USDT:USDT,0.5777,29.0,0.5776,34.9,0.5781,131.3,0.5782,27.0
1753547035195,16:23:55.195,ACE/USDT:USDT,0.5777,29.0,0.5776,34.9,0.5781,131.3,0.5782,27.0
1753547036197,16:23:56.197,ACE/USDT:USDT,0.5777,29.0,0.5776,34.9,0.5781,131.3,0.5782,27.0
1753547036294,16:23:56.294,ACE/USDT:USDT,0.5777,29.0,0.5776,34.9,0.5781,131.3,0.5782,27.0
1753547036795,16:23:56.795,ACE/USDT:USDT,0.5777,29.0,0.5776,34.9,0.5781,131.3,0.5782,27.0
1753547036894,16:23:56.894,ACE/USDT:USDT,0.5777,29.0,0.5776,34.9,0.5781,131.3,0.5782,27.0
1753547037395,16:23:57.395,ACE/USDT:USDT,0.5777,29.0,0.5776,34.9,0.5781,131.3,0.5782,27.0
1753547037495,16:23:57.495,ACE/USDT:USDT,0.5777,29.0,0.5776,34.9,0.5781,131.3,0.5782,27.0
1753547037594,16:23:57.594,ACE/USDT:USDT,0.5777,29.0,0.5776,34.9,0.5781,131.3,0.5782,27.0
1753547038094,16:23:58.094,ACE/USDT:USDT,0.5777,29.0,0.5776,34.9,0.5781,131.3,0.5782,27.0
1753547038294,16:23:58.294,ACE/USDT:USDT,0.5777,29.0,0.5776,34.9,0.5781,131.3,0.5782,27.0
1753547038396,16:23:58.396,ACE/USDT:USDT,0.5777,29.0,0.5776,34.9,0.5781,131.3,0.5782,27.0
1753547038494,16:23:58.494,ACE/USDT:USDT,0.5777,29.0,0.5776,34.9,0.5781,131.3,0.5782,27.0
1753547038594,16:23:58.594,ACE/USDT:USDT,0.5777,29.0,0.5776,34.9,0.5781,131.3,0.5782,27.0
1753547038694,16:23:58.694,ACE/USDT:USDT,0.5777,29.0,0.5776,34.9,0.5781,131.3,0.5782,27.0
1753547038895,16:23:58.895,ACE/USDT:USDT,0.5777,29.0,0.5776,34.9,0.5781,131.3,0.5782,27.0
1753547038994,16:23:58.994,ACE/USDT:USDT,0.5777,29.0,0.5776,34.9,0.5781,131.3,0.5782,27.0
1753547039094,16:23:59.094,ACE/USDT:USDT,0.5777,29.0,0.5776,34.9,0.5781,131.3,0.5782,27.0
1753547039194,16:23:59.194,ACE/USDT:USDT,0.5777,29.0,0.5776,34.9,0.5781,131.3,0.5782,27.0
1753547039395,16:23:59.395,ACE/USDT:USDT,0.5777,29.0,0.5776,34.9,0.5781,131.3,0.5782,27.0
1753547039594,16:23:59.594,ACE/USDT:USDT,0.5777,29.0,0.5776,34.9,0.5781,131.3,0.5782,27.0
1753547039695,16:23:59.695,ACE/USDT:USDT,0.5777,29.0,0.5776,34.9,0.5781,131.3,0.5782,27.0
1753547040095,16:24:00.095,ACE/USDT:USDT,0.5777,29.0,0.5776,34.9,0.5781,131.3,0.5782,27.0
1753547040594,16:24:00.594,ACE/USDT:USDT,0.5777,29.0,0.5776,34.9,0.5781,131.3,0.5782,27.0
1753547040894,16:24:00.894,ACE/USDT:USDT,0.5777,29.0,0.5776,34.9,0.5781,131.3,0.5782,27.0
1753547041294,16:24:01.294,ACE/USDT:USDT,0.5777,29.0,0.5776,34.9,0.5781,131.3,0.5782,27.0
1753547041394,16:24:01.394,ACE/USDT:USDT,0.5777,29.0,0.5776,34.9,0.5781,131.3,0.5782,27.0
1753547041594,16:24:01.594,ACE/USDT:USDT,0.5777,29.0,0.5776,34.9,0.5781,131.3,0.5782,27.0
1753547041894,16:24:01.894,ACE/USDT:USDT,0.5777,29.0,0.5776,34.9,0.5781,131.3,0.5782,27.0
1753547041994,16:24:01.994,ACE/USDT:USDT,0.5777,29.0,0.5776,34.9,0.5781,131.3,0.5782,27.0
1753547042394,16:24:02.394,ACE/USDT:USDT,0.5777,29.0,0.5776,34.9,0.5781,131.3,0.5782,27.0
1753547042494,16:24:02.494,ACE/USDT:USDT,0.5777,29.0,0.5776,34.9,0.5781,131.3,0.5782,27.0
1753547042695,16:24:02.695,ACE/USDT:USDT,0.5777,29.0,0.5776,34.9,0.5781,131.3,0.5782,27.0
1753547042894,16:24:02.894,ACE/USDT:USDT,0.5777,29.0,0.5776,34.9,0.5781,131.3,0.5782,27.0
1753547042995,16:24:02.995,ACE/USDT:USDT,0.5777,29.0,0.5776,34.9,0.5781,131.3,0.5782,27.0
1753547043394,16:24:03.394,ACE/USDT:USDT,0.5777,29.0,0.5776,34.9,0.5781,131.3,0.5782,27.0
1753547043494,16:24:03.494,ACE/USDT:USDT,0.5777,29.0,0.5776,34.9,0.5781,131.3,0.5782,27.0
1753547043594,16:24:03.594,ACE/USDT:USDT,0.5777,29.0,0.5776,34.9,0.5781,131.3,0.5782,27.0
1753547043695,16:24:03.695,ACE/USDT:USDT,0.5777,29.0,0.5776,34.9,0.5781,131.3,0.5782,27.0
1753547043994,16:24:03.994,ACE/USDT:USDT,0.5777,29.0,0.5776,34.9,0.5781,131.3,0.5782,27.0
1753547044094,16:24:04.094,ACE/USDT:USDT,0.5777,29.0,0.5776,34.9,0.5781,131.3,0.5782,27.0
1753547044396,16:24:04.396,ACE/USDT:USDT,0.5779,8.1,0.5777,29.0,0.5781,108.4,0.5782,27.0
1753547044494,16:24:04.494,ACE/USDT:USDT,0.5779,8.1,0.5777,29.0,0.5781,108.4,0.5782,27.0
1753547044695,16:24:04.695,ACE/USDT:USDT,0.5779,8.1,0.5777,29.0,0.5781,108.4,0.5782,27.0
1753547045095,16:24:05.095,ACE/USDT:USDT,0.5779,8.1,0.5777,29.0,0.5781,108.4,0.5782,27.0
1753547045196,16:24:05.196,ACE/USDT:USDT,0.5779,8.1,0.5777,29.0,0.5781,108.4,0.5782,27.0
1753547045495,16:24:05.495,ACE/USDT:USDT,0.5779,8.1,0.5777,29.0,0.5781,108.4,0.5782,27.0
1753547045595,16:24:05.595,ACE/USDT:USDT,0.5779,8.1,0.5777,29.0,0.5781,108.4,0.5782,27.0
1753547045695,16:24:05.695,ACE/USDT:USDT,0.5779,8.1,0.5777,29.0,0.5781,108.4,0.5782,27.0
1753547046094,16:24:06.094,ACE/USDT:USDT,0.5779,8.1,0.5777,29.0,0.5781,63.9,0.5782,27.0
1753547046202,16:24:06.202,ACE/USDT:USDT,0.5779,8.1,0.5777,29.0,0.5781,63.9,0.5782,27.0
1753547046794,16:24:06.794,ACE/USDT:USDT,0.5779,8.1,0.5777,29.0,0.5781,63.9,0.5782,27.0
1753547046895,16:24:06.895,ACE/USDT:USDT,0.5779,8.1,0.5777,29.0,0.5781,63.9,0.5782,27.0
1753547047196,16:24:07.196,ACE/USDT:USDT,0.5779,8.1,0.5777,29.0,0.5781,63.9,0.5782,27.0
1753547047294,16:24:07.294,ACE/USDT:USDT,0.5779,8.1,0.5777,29.0,0.5781,63.9,0.5782,27.0
1753547047395,16:24:07.395,ACE/USDT:USDT,0.5779,8.1,0.5777,29.0,0.5781,63.9,0.5782,27.0
1753547047595,16:24:07.595,ACE/USDT:USDT,0.5779,8.1,0.5777,29.0,0.5781,63.9,0.5782,27.0
1753547047696,16:24:07.696,ACE/USDT:USDT,0.5779,8.1,0.5777,29.0,0.5781,63.9,0.5782,27.0
1753547047794,16:24:07.794,ACE/USDT:USDT,0.5779,8.1,0.5777,29.0,0.5781,63.9,0.5782,27.0
1753547047894,16:24:07.894,ACE/USDT:USDT,0.5779,8.1,0.5777,29.0,0.5781,63.9,0.5782,27.0
1753547047994,16:24:07.994,ACE/USDT:USDT,0.5779,8.1,0.5777,29.0,0.5781,63.9,0.5782,27.0
1753547048198,16:24:08.198,ACE/USDT:USDT,0.5779,8.1,0.5777,29.0,0.5781,108.3,0.5782,27.0
1753547048595,16:24:08.595,ACE/USDT:USDT,0.5779,8.1,0.5777,29.0,0.5781,108.3,0.5782,27.0
1753547049294,16:24:09.294,ACE/USDT:USDT,0.5779,8.1,0.5777,29.0,0.5781,108.3,0.5782,27.0
1753547049396,16:24:09.396,ACE/USDT:USDT,0.5779,8.1,0.5777,29.0,0.5781,108.3,0.5782,27.0
1753547049594,16:24:09.594,ACE/USDT:USDT,0.5779,8.1,0.5777,29.0,0.5781,108.3,0.5782,27.0
1753547049694,16:24:09.694,ACE/USDT:USDT,0.5779,8.1,0.5777,29.0,0.5781,108.3,0.5782,27.0
1753547049895,16:24:09.895,ACE/USDT:USDT,0.5779,8.1,0.5777,29.0,0.5781,108.3,0.5782,27.0
1753547049994,16:24:09.994,ACE/USDT:USDT,0.5779,8.1,0.5777,29.0,0.5781,108.3,0.5782,27.0
1753547050094,16:24:10.094,ACE/USDT:USDT,0.5779,8.1,0.5777,29.0,0.5781,108.3,0.5782,27.0
1753547050194,16:24:10.194,ACE/USDT:USDT,0.5779,8.1,0.5777,29.0,0.5781,108.3,0.5782,27.0
1753547050294,16:24:10.294,ACE/USDT:USDT,0.5779,8.1,0.5777,29.0,0.5781,108.3,0.5782,27.0
1753547050495,16:24:10.495,ACE/USDT:USDT,0.5779,8.1,0.5778,27.1,0.5781,108.3,0.5782,27.0
1753547050696,16:24:10.696,ACE/USDT:USDT,0.5779,8.1,0.5778,27.1,0.5781,108.3,0.5782,27.0
1753547050794,16:24:10.794,ACE/USDT:USDT,0.5779,8.1,0.5778,27.1,0.5781,108.3,0.5782,27.0
1753547050894,16:24:10.894,ACE/USDT:USDT,0.5779,8.1,0.5778,27.1,0.5781,108.3,0.5782,27.0
1753547051094,16:24:11.094,ACE/USDT:USDT,0.5779,8.1,0.5778,27.1,0.5781,63.9,0.5782,27.0
1753547051194,16:24:11.194,ACE/USDT:USDT,0.5779,8.1,0.5778,27.1,0.5781,63.9,0.5782,27.0
1753547051395,16:24:11.395,ACE/USDT:USDT,0.5779,8.1,0.5778,27.1,0.5781,63.9,0.5782,27.0
1753547051494,16:24:11.494,ACE/USDT:USDT,0.5779,35.2,0.5778,27.1,0.5783,27.0,0.5784,27.0
1753547051594,16:24:11.594,ACE/USDT:USDT,0.5779,35.2,0.5778,27.1,0.5783,27.0,0.5784,27.0
1753547051695,16:24:11.695,ACE/USDT:USDT,0.5779,35.2,0.5778,27.1,0.5783,27.0,0.5784,27.0
1753547052094,16:24:12.094,ACE/USDT:USDT,0.5779,35.2,0.5778,27.1,0.5783,27.0,0.5784,27.0
1753547052194,16:24:12.194,ACE/USDT:USDT,0.5779,35.2,0.5778,27.1,0.5783,71.3,0.5784,27.0
1753547052496,16:24:12.496,ACE/USDT:USDT,0.5779,35.2,0.5778,27.1,0.5783,71.3,0.5784,27.0
1753547052594,16:24:12.594,ACE/USDT:USDT,0.5779,35.2,0.5778,27.1,0.5783,71.3,0.5784,27.0
1753547052895,16:24:12.895,ACE/USDT:USDT,0.5779,35.2,0.5778,27.1,0.5783,71.3,0.5784,27.0
1753547053094,16:24:13.094,ACE/USDT:USDT,0.5779,35.2,0.5778,27.1,0.5783,71.3,0.5784,27.0
1753547053194,16:24:13.194,ACE/USDT:USDT,0.5779,35.2,0.5778,27.1,0.5783,71.3,0.5784,27.0
1753547053294,16:24:13.294,ACE/USDT:USDT,0.5779,35.2,0.5778,27.1,0.5783,71.3,0.5784,27.0
1753547054294,16:24:14.294,ACE/USDT:USDT,0.5779,35.2,0.5778,27.1,0.5783,71.3,0.5784,27.0
1753547054395,16:24:14.395,ACE/USDT:USDT,0.5779,35.2,0.5778,27.1,0.5783,71.3,0.5784,27.0
1753547054696,16:24:14.696,ACE/USDT:USDT,0.5779,35.2,0.5778,27.1,0.5783,71.3,0.5784,27.0
1753547054794,16:24:14.794,ACE/USDT:USDT,0.5779,35.2,0.5778,27.1,0.5783,71.3,0.5784,27.0
1753547054895,16:24:14.895,ACE/USDT:USDT,0.5779,35.2,0.5778,27.1,0.5783,71.3,0.5784,27.0
1753547055094,16:24:15.094,ACE/USDT:USDT,0.5779,35.2,0.5778,27.1,0.5783,71.3,0.5784,27.0
1753547055294,16:24:15.294,ACE/USDT:USDT,0.5779,35.2,0.5778,27.1,0.5783,71.3,0.5784,27.0
1753547055894,16:24:15.894,ACE/USDT:USDT,0.5779,35.2,0.5778,27.1,0.5781,63.9,0.5783,71.3
1753547056094,16:24:16.094,ACE/USDT:USDT,0.5779,35.2,0.5778,27.1,0.5781,63.9,0.5783,27.0
1753547056198,16:24:16.198,ACE/USDT:USDT,0.5779,35.2,0.5778,27.1,0.5781,63.9,0.5783,27.0
1753547056295,16:24:16.295,ACE/USDT:USDT,0.5779,35.2,0.5778,27.1,0.5781,63.9,0.5783,27.0
1753547056394,16:24:16.394,ACE/USDT:USDT,0.5779,35.2,0.5778,27.1,0.5781,63.9,0.5783,27.0
1753547056495,16:24:16.495,ACE/USDT:USDT,0.5779,35.2,0.5778,27.1,0.5781,63.9,0.5783,27.0
1753547056695,16:24:16.695,ACE/USDT:USDT,0.5779,35.2,0.5778,27.1,0.5781,63.9,0.5783,27.0
1753547056894,16:24:16.894,ACE/USDT:USDT,0.5779,35.2,0.5778,27.1,0.5781,63.9,0.5783,27.0
1753547057094,16:24:17.094,ACE/USDT:USDT,0.5779,35.2,0.5778,27.1,0.5781,63.9,0.5783,27.0
1753547057594,16:24:17.594,ACE/USDT:USDT,0.5779,35.2,0.5778,27.1,0.5781,63.9,0.5783,27.0
1753547057694,16:24:17.694,ACE/USDT:USDT,0.5779,35.2,0.5778,27.1,0.5781,63.9,0.5783,27.0
1753547057895,16:24:17.895,ACE/USDT:USDT,0.5779,35.2,0.5778,27.1,0.5781,63.9,0.5783,27.0
1753547058196,16:24:18.196,ACE/USDT:USDT,0.5779,35.2,0.5778,27.1,0.5781,63.9,0.5783,27.0
1753547058794,16:24:18.794,ACE/USDT:USDT,0.5779,35.2,0.5778,27.1,0.5781,63.9,0.5783,27.0
1753547058894,16:24:18.894,ACE/USDT:USDT,0.5779,35.2,0.5778,27.1,0.5781,63.9,0.5783,27.0
1753547059294,16:24:19.294,ACE/USDT:USDT,0.5779,35.2,0.5778,27.1,0.5781,63.9,0.5783,27.0
1753547059394,16:24:19.394,ACE/USDT:USDT,0.5779,35.2,0.5778,27.1,0.5781,63.9,0.5783,27.0
1753547059594,16:24:19.594,ACE/USDT:USDT,0.5779,35.2,0.5778,27.1,0.5784,27.0,0.5785,27.0
1753547059694,16:24:19.694,ACE/USDT:USDT,0.5779,35.2,0.5778,27.1,0.5784,27.0,0.5785,27.0
1753547059794,16:24:19.794,ACE/USDT:USDT,0.5779,35.2,0.5778,27.1,0.5784,27.0,0.5785,27.0
1753547059893,16:24:19.893,ACE/USDT:USDT,0.5779,35.2,0.5778,27.1,0.5784,27.0,0.5785,27.0
1753547059994,16:24:19.994,ACE/USDT:USDT,0.5781,13.9,0.578,27.2,0.5784,27.0,0.5785,27.0
1753547060094,16:24:20.094,ACE/USDT:USDT,0.5781,13.9,0.578,27.2,0.5784,71.3,0.5785,27.0
1753547060294,16:24:20.294,ACE/USDT:USDT,0.5781,13.9,0.578,27.2,0.5784,71.3,0.5785,27.0
1753547060493,16:24:20.493,ACE/USDT:USDT,0.5781,13.9,0.578,27.2,0.5784,71.3,0.5785,27.0
1753547060595,16:24:20.595,ACE/USDT:USDT,0.5781,13.9,0.578,27.2,0.5784,71.3,0.5785,27.0
1753547060695,16:24:20.695,ACE/USDT:USDT,0.5781,13.9,0.578,27.2,0.5784,71.3,0.5785,27.0
1753547060893,16:24:20.893,ACE/USDT:USDT,0.5781,13.9,0.578,27.2,0.5784,71.3,0.5785,27.0
1753547060994,16:24:20.994,ACE/USDT:USDT,0.5781,13.9,0.578,27.2,0.5784,71.3,0.5785,27.0
1753547061295,16:24:21.295,ACE/USDT:USDT,0.5781,13.9,0.578,27.2,0.5784,71.3,0.5785,27.0
1753547061795,16:24:21.795,ACE/USDT:USDT,0.5781,13.9,0.578,27.2,0.5784,71.3,0.5785,27.0
1753547061994,16:24:21.994,ACE/USDT:USDT,0.5781,13.9,0.578,27.2,0.5784,71.3,0.5785,27.0
1753547062094,16:24:22.094,ACE/USDT:USDT,0.5781,13.9,0.578,27.2,0.5784,71.3,0.5785,27.0
1753547062494,16:24:22.494,ACE/USDT:USDT,0.5781,13.9,0.578,27.2,0.5784,71.3,0.5785,27.0
1753547062595,16:24:22.595,ACE/USDT:USDT,0.5781,13.9,0.578,27.2,0.5784,71.3,0.5785,27.0
1753547062795,16:24:22.795,ACE/USDT:USDT,0.5781,13.9,0.578,27.2,0.5784,71.3,0.5785,27.0
1753547062995,16:24:22.995,ACE/USDT:USDT,0.5781,13.9,0.578,27.2,0.5784,44.3,0.5785,27.0
1753547063094,16:24:23.094,ACE/USDT:USDT,0.5781,13.9,0.578,27.2,0.5784,44.3,0.5785,27.0
1753547063194,16:24:23.194,ACE/USDT:USDT,0.5781,13.9,0.578,27.2,0.5784,44.3,0.5785,27.0
1753547063995,16:24:23.995,ACE/USDT:USDT,0.5781,13.9,0.578,27.2,0.5784,44.3,0.5785,27.0
1753547064095,16:24:24.095,ACE/USDT:USDT,0.5781,13.9,0.578,27.2,0.5784,44.3,0.5785,27.0
1753547064196,16:24:24.196,ACE/USDT:USDT,0.5781,13.9,0.578,27.2,0.5784,44.3,0.5785,27.0
1753547064293,16:24:24.293,ACE/USDT:USDT,0.5781,13.9,0.578,27.2,0.5784,44.3,0.5785,27.0
1753547064494,16:24:24.494,ACE/USDT:USDT,0.5781,13.9,0.578,27.2,0.5784,44.3,0.5785,27.0
1753547064694,16:24:24.694,ACE/USDT:USDT,0.5781,13.9,0.578,27.2,0.5783,63.9,0.5784,65.3
1753547065094,16:24:25.094,ACE/USDT:USDT,0.5781,13.9,0.578,27.2,0.5783,63.9,0.5784,65.3
1753547065194,16:24:25.194,ACE/USDT:USDT,0.5781,13.9,0.578,27.2,0.5783,108.1,0.5784,21.0
1753547065294,16:24:25.294,ACE/USDT:USDT,0.5781,13.9,0.578,27.2,0.5783,108.1,0.5784,21.0
1753547065394,16:24:25.394,ACE/USDT:USDT,0.5781,13.9,0.578,27.2,0.5783,108.1,0.5784,21.0
1753547065594,16:24:25.594,ACE/USDT:USDT,0.5781,13.9,0.578,27.2,0.5783,108.1,0.5784,21.0
1753547066695,16:24:26.695,ACE/USDT:USDT,0.5781,13.9,0.578,27.2,0.5783,108.1,0.5784,21.0
1753547066894,16:24:26.894,ACE/USDT:USDT,0.5781,13.9,0.578,27.2,0.5783,108.1,0.5784,21.0
1753547066995,16:24:26.995,ACE/USDT:USDT,0.5781,13.9,0.578,27.2,0.5783,108.1,0.5784,21.0
1753547067194,16:24:27.194,ACE/USDT:USDT,0.5781,13.9,0.578,27.2,0.5783,108.1,0.5784,21.0
1753547067294,16:24:27.294,ACE/USDT:USDT,0.5781,13.9,0.578,27.2,0.5783,108.1,0.5784,21.0
1753547067394,16:24:27.394,ACE/USDT:USDT,0.5781,13.9,0.578,27.2,0.5783,108.1,0.5784,21.0
1753547067494,16:24:27.494,ACE/USDT:USDT,0.5781,13.9,0.578,27.2,0.5783,108.1,0.5784,21.0
1753547067794,16:24:27.794,ACE/USDT:USDT,0.5781,13.9,0.578,27.2,0.5783,108.1,0.5784,21.0
1753547067894,16:24:27.894,ACE/USDT:USDT,0.5781,13.9,0.578,27.2,0.5783,108.1,0.5784,21.0
1753547068196,16:24:28.196,ACE/USDT:USDT,0.5781,13.9,0.578,27.2,0.5783,108.1,0.5784,21.0
1753547068294,16:24:28.294,ACE/USDT:USDT,0.5781,13.9,0.578,27.2,0.5783,108.1,0.5784,21.0
1753547068493,16:24:28.493,ACE/USDT:USDT,0.5781,13.9,0.578,27.2,0.5783,108.1,0.5784,21.0
1753547068593,16:24:28.593,ACE/USDT:USDT,0.5781,13.9,0.578,27.2,0.5783,108.1,0.5784,21.0
1753547068694,16:24:28.694,ACE/USDT:USDT,0.5781,13.9,0.578,27.2,0.5783,108.1,0.5784,21.0
1753547068996,16:24:28.996,ACE/USDT:USDT,0.5781,13.9,0.578,27.2,0.5783,108.1,0.5784,21.0
1753547069195,16:24:29.195,ACE/USDT:USDT,0.5781,13.9,0.578,27.2,0.5783,108.1,0.5784,21.0
1753547069995,16:24:29.995,ACE/USDT:USDT,0.5781,13.9,0.578,27.2,0.5783,108.1,0.5784,21.0
1753547070295,16:24:30.295,ACE/USDT:USDT,0.5781,13.9,0.578,27.2,0.5783,63.9,0.5784,21.2
1753547070695,16:24:30.695,ACE/USDT:USDT,0.5781,13.9,0.578,27.2,0.5783,63.9,0.5784,21.2
1753547070794,16:24:30.794,ACE/USDT:USDT,0.5781,13.9,0.578,27.2,0.5783,63.9,0.5784,21.2
1753547071095,16:24:31.095,ACE/USDT:USDT,0.5781,13.9,0.578,27.2,0.5783,108.1,0.5784,21.2
1753547071195,16:24:31.195,ACE/USDT:USDT,0.5781,13.9,0.578,27.2,0.5783,108.1,0.5784,21.2
1753547071295,16:24:31.295,ACE/USDT:USDT,0.5781,13.9,0.578,27.2,0.5783,108.1,0.5784,21.2
1753547071894,16:24:31.894,ACE/USDT:USDT,0.5781,13.9,0.578,27.2,0.5783,108.1,0.5784,21.2
1753547072101,16:24:32.101,ACE/USDT:USDT,0.5781,13.9,0.578,27.2,0.5783,63.9,0.5784,21.2
1753547072293,16:24:32.293,ACE/USDT:USDT,0.5781,13.9,0.578,27.2,0.5783,63.9,0.5784,21.2
1753547072395,16:24:32.395,ACE/USDT:USDT,0.5781,13.9,0.578,27.2,0.5783,63.9,0.5784,21.2
1753547072694,16:24:32.694,ACE/USDT:USDT,0.5781,13.9,0.578,27.2,0.5783,63.9,0.5784,21.2
1753547072895,16:24:32.895,ACE/USDT:USDT,0.5781,13.9,0.578,27.2,0.5783,63.9,0.5784,21.2
1753547073295,16:24:33.295,ACE/USDT:USDT,0.5786,27.1,0.5785,39.2,0.5788,63.9,0.579,24.4
1753547073395,16:24:33.395,ACE/USDT:USDT,0.5786,27.1,0.5785,39.2,0.5788,63.9,0.579,24.4
1753547073494,16:24:33.494,ACE/USDT:USDT,0.5785,39.2,0.5784,27.1,0.5788,63.9,0.5789,22.8
1753547073595,16:24:33.595,ACE/USDT:USDT,0.5785,39.2,0.5784,27.1,0.5788,63.9,0.5789,22.8
1753547073695,16:24:33.695,ACE/USDT:USDT,0.5785,39.2,0.5784,27.1,0.5788,63.9,0.5789,22.8
1753547073995,16:24:33.995,ACE/USDT:USDT,0.5785,39.2,0.5784,27.1,0.5788,63.9,0.5789,22.8
1753547074094,16:24:34.094,ACE/USDT:USDT,0.5785,39.2,0.5784,27.1,0.5788,63.9,0.5789,22.8
1753547074198,16:24:34.198,ACE/USDT:USDT,0.5785,39.2,0.5784,27.1,0.5788,382.4,0.5789,22.8
1753547074394,16:24:34.394,ACE/USDT:USDT,0.5785,39.2,0.5784,27.1,0.5788,382.4,0.5789,22.8
1753547074495,16:24:34.495,ACE/USDT:USDT,0.5785,39.2,0.5784,27.1,0.5788,108.1,0.5789,22.8
1753547074594,16:24:34.594,ACE/USDT:USDT,0.5785,39.2,0.5784,27.1,0.5788,108.1,0.5789,22.8
1753547074994,16:24:34.994,ACE/USDT:USDT,0.5785,39.2,0.5784,27.1,0.5788,108.1,0.5789,22.8
1753547075094,16:24:35.094,ACE/USDT:USDT,0.5785,39.2,0.5784,27.1,0.5788,108.1,0.5789,22.8
1753547075494,16:24:35.494,ACE/USDT:USDT,0.5785,39.2,0.5784,27.1,0.5788,108.1,0.5789,22.8
1753547075596,16:24:35.596,ACE/USDT:USDT,0.5785,39.2,0.5784,27.1,0.5788,108.1,0.5789,22.8
1753547075994,16:24:35.994,ACE/USDT:USDT,0.5785,39.2,0.5784,27.1,0.5788,108.1,0.5789,22.8
1753547076094,16:24:36.094,ACE/USDT:USDT,0.5785,39.2,0.5784,27.1,0.5788,108.1,0.5789,22.8
1753547076294,16:24:36.294,ACE/USDT:USDT,0.5785,39.2,0.5784,27.1,0.5788,108.1,0.5789,22.8
1753547076495,16:24:36.495,ACE/USDT:USDT,0.5785,39.2,0.5784,27.1,0.5788,108.1,0.5789,22.8
1753547076694,16:24:36.694,ACE/USDT:USDT,0.5785,39.2,0.5784,27.1,0.5788,108.1,0.5789,22.8
1753547076994,16:24:36.994,ACE/USDT:USDT,0.5785,39.2,0.5784,27.1,0.5788,108.1,0.5789,22.8
1753547077095,16:24:37.095,ACE/USDT:USDT,0.5785,39.2,0.5784,27.1,0.5788,108.1,0.5789,22.8
1753547077194,16:24:37.194,ACE/USDT:USDT,0.5785,39.2,0.5784,27.1,0.5788,108.1,0.5789,22.8
1753547077394,16:24:37.394,ACE/USDT:USDT,0.5785,39.2,0.5784,27.1,0.5788,108.1,0.5789,22.8
1753547077495,16:24:37.495,ACE/USDT:USDT,0.5785,39.2,0.5784,27.1,0.5788,108.1,0.5789,22.8
1753547077694,16:24:37.694,ACE/USDT:USDT,0.5785,39.2,0.5784,27.1,0.5788,108.1,0.5789,22.8
1753547077894,16:24:37.894,ACE/USDT:USDT,0.5785,39.2,0.5784,27.1,0.5788,108.1,0.5789,22.8
1753547077994,16:24:37.994,ACE/USDT:USDT,0.5785,39.2,0.5784,27.1,0.5788,108.1,0.5789,22.8
1753547078196,16:24:38.196,ACE/USDT:USDT,0.5785,39.2,0.5784,27.1,0.5788,108.1,0.5789,22.8
1753547078695,16:24:38.695,ACE/USDT:USDT,0.5785,39.2,0.5784,27.1,0.5788,108.1,0.5789,22.8
1753547078794,16:24:38.794,ACE/USDT:USDT,0.5785,39.2,0.5784,27.1,0.5788,108.1,0.5789,22.8
1753547078994,16:24:38.994,ACE/USDT:USDT,0.5785,39.2,0.5784,27.1,0.5788,108.1,0.5789,22.8
1753547079094,16:24:39.094,ACE/USDT:USDT,0.5785,39.2,0.5784,27.1,0.5788,108.1,0.5789,22.8
1753547079295,16:24:39.295,ACE/USDT:USDT,0.5785,39.2,0.5784,27.1,0.5788,108.1,0.5789,22.8
1753547079894,16:24:39.894,ACE/USDT:USDT,0.5785,39.2,0.5784,27.1,0.5788,108.1,0.5789,22.8
1753547079994,16:24:39.994,ACE/USDT:USDT,0.5785,39.2,0.5784,27.1,0.5788,108.1,0.5789,22.8
1753547080894,16:24:40.894,ACE/USDT:USDT,0.5785,39.2,0.5784,27.1,0.5788,108.1,0.5789,22.8
1753547080994,16:24:40.994,ACE/USDT:USDT,0.5785,39.2,0.5784,27.1,0.5788,108.1,0.5789,22.8
1753547081194,16:24:41.194,ACE/USDT:USDT,0.5785,39.2,0.5784,27.1,0.5788,108.1,0.5789,22.8
1753547082196,16:24:42.196,ACE/USDT:USDT,0.5785,39.2,0.5784,27.1,0.5788,63.9,0.5789,22.8
1753547082395,16:24:42.395,ACE/USDT:USDT,0.5785,39.2,0.5784,27.1,0.5788,63.9,0.5789,22.8
1753547082695,16:24:42.695,ACE/USDT:USDT,0.5785,39.2,0.5784,27.1,0.5788,63.9,0.5789,22.8
1753547082794,16:24:42.794,ACE/USDT:USDT,0.5785,39.2,0.5784,27.1,0.5788,63.9,0.5789,22.8
1753547083196,16:24:43.196,ACE/USDT:USDT,0.5785,39.2,0.5784,27.1,0.5788,63.9,0.5789,22.8
1753547083294,16:24:43.294,ACE/USDT:USDT,0.5785,39.2,0.5784,27.1,0.5788,63.9,0.5789,22.8
1753547083394,16:24:43.394,ACE/USDT:USDT,0.5785,39.2,0.5784,27.1,0.5788,63.9,0.5789,22.8
1753547083495,16:24:43.495,ACE/USDT:USDT,0.5785,39.2,0.5784,27.1,0.5788,63.9,0.5789,22.8
1753547083594,16:24:43.594,ACE/USDT:USDT,0.5785,39.2,0.5784,27.1,0.5788,63.9,0.5789,22.8
1753547083694,16:24:43.694,ACE/USDT:USDT,0.5785,39.2,0.5784,27.1,0.5788,63.9,0.5789,22.8
1753547083795,16:24:43.795,ACE/USDT:USDT,0.5785,39.2,0.5784,27.1,0.5788,63.9,0.5789,22.8
1753547083895,16:24:43.895,ACE/USDT:USDT,0.5785,39.2,0.5784,27.1,0.5788,63.9,0.5789,22.8
1753547084294,16:24:44.294,ACE/USDT:USDT,0.5785,39.2,0.5784,27.1,0.5788,63.9,0.5789,22.8
1753547084395,16:24:44.395,ACE/USDT:USDT,0.5785,39.2,0.5784,27.1,0.5788,63.9,0.5789,22.8
1753547084515,16:24:44.515,ACE/USDT:USDT,0.5785,39.2,0.5784,27.1,0.5788,63.9,0.5789,22.8
1753547084894,16:24:44.894,ACE/USDT:USDT,0.5785,39.2,0.5784,27.1,0.5788,63.9,0.5789,22.8
1753547085094,16:24:45.094,ACE/USDT:USDT,0.5785,39.2,0.5784,27.1,0.5788,63.9,0.5789,22.8
1753547085295,16:24:45.295,ACE/USDT:USDT,0.5785,39.2,0.5784,27.1,0.5788,63.9,0.5789,22.8
1753547085494,16:24:45.494,ACE/USDT:USDT,0.5785,39.2,0.5784,27.1,0.5788,63.9,0.5789,22.8
1753547085594,16:24:45.594,ACE/USDT:USDT,0.5785,39.2,0.5784,27.1,0.5788,63.9,0.5789,22.8
1753547086095,16:24:46.095,ACE/USDT:USDT,0.5785,39.2,0.5784,27.1,0.5788,63.9,0.5789,22.8
1753547086194,16:24:46.194,ACE/USDT:USDT,0.5785,39.2,0.5784,27.1,0.5788,63.9,0.5789,22.8
1753547086394,16:24:46.394,ACE/USDT:USDT,0.5784,27.1,0.5783,591.3,0.5788,83.9,0.5789,22.8
1753547086494,16:24:46.494,ACE/USDT:USDT,0.5784,27.1,0.5783,27.1,0.5788,83.9,0.5789,22.8
1753547086594,16:24:46.594,ACE/USDT:USDT,0.5784,27.1,0.5783,27.1,0.5788,83.9,0.5789,22.8
1753547086694,16:24:46.694,ACE/USDT:USDT,0.5784,27.1,0.5783,27.1,0.5788,83.9,0.5789,22.8
1753547087094,16:24:47.094,ACE/USDT:USDT,0.5784,27.1,0.5783,27.1,0.5788,128.0,0.5789,22.8
1753547087194,16:24:47.194,ACE/USDT:USDT,0.5784,27.1,0.5783,27.1,0.5788,128.0,0.5789,22.8
1753547087394,16:24:47.394,ACE/USDT:USDT,0.5784,27.1,0.5783,27.1,0.5788,128.0,0.5789,22.8
1753547087894,16:24:47.894,ACE/USDT:USDT,0.5784,27.1,0.5783,27.1,0.5788,128.0,0.5789,22.8
1753547087995,16:24:47.995,ACE/USDT:USDT,0.5784,27.1,0.5783,27.1,0.5788,128.0,0.5789,22.8
1753547088096,16:24:48.096,ACE/USDT:USDT,0.5784,27.1,0.5783,27.1,0.5788,128.0,0.5789,22.8
1753547088394,16:24:48.394,ACE/USDT:USDT,0.5784,27.1,0.5783,27.1,0.5788,128.0,0.5789,22.8
1753547088495,16:24:48.495,ACE/USDT:USDT,0.5784,27.1,0.5783,27.1,0.5788,128.0,0.5789,22.8
1753547088995,16:24:48.995,ACE/USDT:USDT,0.5784,27.1,0.5783,27.1,0.5788,128.0,0.5789,22.8
1753547089194,16:24:49.194,ACE/USDT:USDT,0.5784,27.1,0.5783,27.1,0.5788,128.0,0.5789,22.8
1753547089594,16:24:49.594,ACE/USDT:USDT,0.5784,27.1,0.5783,27.1,0.5788,128.0,0.5789,22.8
1753547089694,16:24:49.694,ACE/USDT:USDT,0.5784,27.1,0.5783,27.1,0.5788,128.0,0.5789,22.8
1753547089894,16:24:49.894,ACE/USDT:USDT,0.5784,27.1,0.5783,27.1,0.5788,128.0,0.5789,22.8
1753547090196,16:24:50.196,ACE/USDT:USDT,0.5784,27.1,0.5783,27.1,0.5788,128.0,0.5789,22.8
1753547090695,16:24:50.695,ACE/USDT:USDT,0.5784,27.1,0.5783,27.1,0.5788,128.0,0.5789,22.8
1753547090795,16:24:50.795,ACE/USDT:USDT,0.5784,27.1,0.5783,27.1,0.5788,128.0,0.5789,22.8
1753547091196,16:24:51.196,ACE/USDT:USDT,0.5784,27.1,0.5783,27.1,0.5788,128.0,0.5789,22.8
1753547091495,16:24:51.495,ACE/USDT:USDT,0.5784,27.1,0.5783,27.1,0.5788,128.0,0.5789,22.8
1753547092394,16:24:52.394,ACE/USDT:USDT,0.5784,27.1,0.5783,27.1,0.5788,128.0,0.5789,22.8
1753547092494,16:24:52.494,ACE/USDT:USDT,0.5784,27.1,0.5783,27.1,0.5788,128.0,0.5789,22.8
1753547093094,16:24:53.094,ACE/USDT:USDT,0.5784,27.1,0.5783,27.1,0.5788,128.0,0.5789,22.8
1753547093694,16:24:53.694,ACE/USDT:USDT,0.5784,27.1,0.5783,27.1,0.5788,128.0,0.5789,22.8
1753547093895,16:24:53.895,ACE/USDT:USDT,0.5786,12.3,0.5784,27.1,0.5788,108.0,0.5789,22.8
1753547094197,16:24:54.197,ACE/USDT:USDT,0.5786,12.3,0.5784,27.1,0.5788,108.0,0.5789,22.8
1753547094293,16:24:54.293,ACE/USDT:USDT,0.5786,12.3,0.5784,27.1,0.5788,108.0,0.5789,22.8
1753547094496,16:24:54.496,ACE/USDT:USDT,0.5786,12.3,0.5784,27.1,0.5788,108.0,0.5789,22.8
1753547094695,16:24:54.695,ACE/USDT:USDT,0.5786,12.3,0.5784,27.1,0.5788,108.0,0.5789,22.8
1753547094794,16:24:54.794,ACE/USDT:USDT,0.5786,12.3,0.5784,27.1,0.5788,108.0,0.5789,22.8
1753547095295,16:24:55.295,ACE/USDT:USDT,0.5786,12.3,0.5784,27.1,0.5788,108.0,0.5789,22.8
1753547095394,16:24:55.394,ACE/USDT:USDT,0.5786,12.3,0.5784,27.1,0.5788,108.0,0.5789,22.8
1753547095794,16:24:55.794,ACE/USDT:USDT,0.5786,12.3,0.5784,27.1,0.5788,108.0,0.5789,22.8
1753547095894,16:24:55.894,ACE/USDT:USDT,0.5786,12.3,0.5784,27.1,0.5788,108.0,0.5789,22.8
1753547096094,16:24:56.094,ACE/USDT:USDT,0.5786,12.3,0.5784,27.1,0.5788,108.0,0.5789,22.8
1753547096394,16:24:56.394,ACE/USDT:USDT,0.5786,12.3,0.5784,27.1,0.5788,108.0,0.5789,22.8
1753547096494,16:24:56.494,ACE/USDT:USDT,0.5786,12.3,0.5785,26.8,0.5788,108.0,0.5789,22.8
1753547096895,16:24:56.895,ACE/USDT:USDT,0.5786,12.3,0.5785,26.8,0.5788,108.0,0.5789,22.8
1753547096996,16:24:56.996,ACE/USDT:USDT,0.5786,12.3,0.5785,26.8,0.5788,108.0,0.5789,22.8
1753547097594,16:24:57.594,ACE/USDT:USDT,0.5786,12.3,0.5785,26.8,0.5788,108.0,0.5789,22.8
1753547097694,16:24:57.694,ACE/USDT:USDT,0.5786,12.3,0.5785,26.8,0.5788,108.0,0.5789,22.8
1753547098197,16:24:58.197,ACE/USDT:USDT,0.5786,12.3,0.5785,26.8,0.5788,108.0,0.5789,22.8
1753547098294,16:24:58.294,ACE/USDT:USDT,0.5786,12.3,0.5785,26.8,0.5788,108.0,0.5789,22.8
1753547098794,16:24:58.794,ACE/USDT:USDT,0.5786,12.3,0.5785,26.8,0.5788,108.0,0.5789,22.8
1753547098894,16:24:58.894,ACE/USDT:USDT,0.5786,12.3,0.5785,26.8,0.5788,108.0,0.5789,22.8
1753547098994,16:24:58.994,ACE/USDT:USDT,0.5786,12.3,0.5785,26.8,0.5788,108.0,0.5789,22.8
1753547099195,16:24:59.195,ACE/USDT:USDT,0.5786,12.3,0.5785,26.8,0.5788,108.0,0.5789,22.8
1753547099495,16:24:59.495,ACE/USDT:USDT,0.5786,12.3,0.5785,26.8,0.5788,108.0,0.5789,22.8
1753547099895,16:24:59.895,ACE/USDT:USDT,0.5786,12.3,0.5785,26.8,0.5788,108.0,0.5789,22.8
1753547099994,16:24:59.994,ACE/USDT:USDT,0.5786,12.3,0.5785,26.8,0.5788,108.0,0.5789,22.8
1753547100094,16:25:00.094,ACE/USDT:USDT,0.5786,12.3,0.5785,26.8,0.5788,108.0,0.5789,22.8
1753547100394,16:25:00.394,ACE/USDT:USDT,0.5786,12.3,0.5785,26.8,0.5788,108.0,0.5789,22.8
1753547100595,16:25:00.595,ACE/USDT:USDT,0.5786,12.3,0.5785,26.8,0.5788,108.0,0.5789,22.8
1753547100895,16:25:00.895,ACE/USDT:USDT,0.5786,12.3,0.5785,26.8,0.5788,108.0,0.5789,22.8
1753547100995,16:25:00.995,ACE/USDT:USDT,0.5786,12.3,0.5785,26.8,0.5788,108.0,0.5789,22.8
1753547101094,16:25:01.094,ACE/USDT:USDT,0.5786,12.3,0.5785,26.8,0.5788,108.0,0.5789,22.8
1753547101295,16:25:01.295,ACE/USDT:USDT,0.5786,12.3,0.5785,26.8,0.5788,108.0,0.5789,22.8
1753547101494,16:25:01.494,ACE/USDT:USDT,0.5786,12.3,0.5785,26.8,0.5788,108.0,0.5789,22.8
1753547101596,16:25:01.596,ACE/USDT:USDT,0.5786,12.3,0.5785,26.8,0.5788,108.0,0.5789,22.8
1753547101994,16:25:01.994,ACE/USDT:USDT,0.5786,12.3,0.5785,26.8,0.5788,108.0,0.5789,22.8
1753547102494,16:25:02.494,ACE/USDT:USDT,0.5786,12.3,0.5785,26.8,0.5788,108.0,0.5789,22.8
1753547102594,16:25:02.594,ACE/USDT:USDT,0.5786,12.3,0.5785,26.8,0.5788,108.0,0.5789,22.8
1753547102894,16:25:02.894,ACE/USDT:USDT,0.5786,12.3,0.5785,26.8,0.5788,108.0,0.5789,22.8
1753547103094,16:25:03.094,ACE/USDT:USDT,0.5786,12.3,0.5785,26.8,0.5788,44.1,0.5789,23.0
1753547103594,16:25:03.594,ACE/USDT:USDT,0.5786,12.3,0.5785,26.8,0.5788,44.1,0.5789,23.0
1753547104094,16:25:04.094,ACE/USDT:USDT,0.5786,39.1,0.5785,26.8,0.579,24.4,0.5791,27.1
1753547104193,16:25:04.193,ACE/USDT:USDT,0.5786,39.1,0.5785,26.8,0.579,24.4,0.5791,27.1
1753547104294,16:25:04.294,ACE/USDT:USDT,0.5786,39.1,0.5785,26.8,0.579,24.4,0.5791,27.1
1753547104395,16:25:04.395,ACE/USDT:USDT,0.5786,39.1,0.5785,26.8,0.579,24.4,0.5791,27.1
1753547104494,16:25:04.494,ACE/USDT:USDT,0.5786,39.1,0.5785,26.8,0.579,24.4,0.5791,27.1
1753547104596,16:25:04.596,ACE/USDT:USDT,0.5786,12.3,0.5785,26.8,0.5788,63.9,0.5789,20.2
1753547104694,16:25:04.694,ACE/USDT:USDT,0.5786,12.3,0.5785,26.8,0.5788,63.9,0.5789,20.2
1753547104795,16:25:04.795,ACE/USDT:USDT,0.5786,12.3,0.5785,26.8,0.5788,63.9,0.5789,20.2
1753547105094,16:25:05.094,ACE/USDT:USDT,0.5786,12.3,0.5785,26.8,0.5788,107.9,0.5789,20.2
1753547105594,16:25:05.594,ACE/USDT:USDT,0.5786,12.3,0.5784,26.7,0.5788,44.0,0.5789,20.2
1753547105696,16:25:05.696,ACE/USDT:USDT,0.5786,12.3,0.5784,26.7,0.5788,44.0,0.5789,20.2
1753547106094,16:25:06.094,ACE/USDT:USDT,0.5786,12.3,0.5784,26.7,0.5788,44.0,0.5789,20.2
1753547106199,16:25:06.199,ACE/USDT:USDT,0.5786,12.3,0.5784,26.7,0.5788,44.0,0.5789,20.2
1753547106394,16:25:06.394,ACE/USDT:USDT,0.5786,12.3,0.5783,561.7,0.5787,25.2,0.5788,70.7
1753547106495,16:25:06.495,ACE/USDT:USDT,0.5786,12.3,0.5784,26.7,0.5788,44.0,0.5789,70.2
1753547106594,16:25:06.594,ACE/USDT:USDT,0.5782,26.7,0.5781,40.6,0.5786,90.6,0.5787,30.1
1753547106695,16:25:06.695,ACE/USDT:USDT,0.5782,26.7,0.5781,40.6,0.5786,90.6,0.5787,30.1
1753547106795,16:25:06.795,ACE/USDT:USDT,0.5782,26.7,0.5781,40.6,0.5786,90.6,0.5787,30.1
1753547107294,16:25:07.294,ACE/USDT:USDT,0.5782,26.7,0.5781,40.6,0.5786,134.6,0.5787,30.1
1753547107395,16:25:07.395,ACE/USDT:USDT,0.5782,26.7,0.5781,40.6,0.5786,134.6,0.5787,30.1
1753547107595,16:25:07.595,ACE/USDT:USDT,0.5782,26.7,0.5781,40.6,0.5786,134.6,0.5787,30.1
1753547107694,16:25:07.694,ACE/USDT:USDT,0.5782,26.7,0.5781,40.6,0.5786,107.9,0.5787,30.1
1753547107894,16:25:07.894,ACE/USDT:USDT,0.5782,26.7,0.5781,40.6,0.5786,107.9,0.5787,30.1
1753547108025,16:25:08.025,ACE/USDT:USDT,0.5782,26.7,0.5781,40.6,0.5786,107.9,0.5787,30.1
1753547108094,16:25:08.094,ACE/USDT:USDT,0.5782,26.7,0.5781,40.6,0.5786,107.9,0.5787,30.1
1753547108198,16:25:08.198,ACE/USDT:USDT,0.5781,13.9,0.5779,286.8,0.5782,63.9,0.5783,39.4
1753547108396,16:25:08.396,ACE/USDT:USDT,0.5781,40.7,0.578,26.8,0.5785,26.3,0.5786,70.8
1753547108495,16:25:08.495,ACE/USDT:USDT,0.5781,40.7,0.578,26.8,0.5785,26.3,0.5786,70.8
1753547108595,16:25:08.595,ACE/USDT:USDT,0.5781,40.7,0.578,26.8,0.5785,26.3,0.5786,70.8
1753547108696,16:25:08.696,ACE/USDT:USDT,0.5781,40.7,0.578,26.8,0.5785,26.3,0.5786,70.8
1753547108795,16:25:08.795,ACE/USDT:USDT,0.5781,40.7,0.578,26.8,0.5785,26.3,0.5786,70.8
1753547108894,16:25:08.894,ACE/USDT:USDT,0.5781,40.7,0.578,26.8,0.5785,26.3,0.5786,70.8
1753547109095,16:25:09.095,ACE/USDT:USDT,0.5781,40.7,0.578,26.8,0.5785,70.3,0.5786,26.8
1753547109295,16:25:09.295,ACE/USDT:USDT,0.5781,40.7,0.578,26.8,0.5785,70.3,0.5786,26.8
1753547109394,16:25:09.394,ACE/USDT:USDT,0.5781,40.7,0.578,26.8,0.5785,70.3,0.5786,26.8
1753547109595,16:25:09.595,ACE/USDT:USDT,0.5781,40.7,0.578,26.8,0.5785,70.3,0.5786,26.8
1753547109695,16:25:09.695,ACE/USDT:USDT,0.5781,40.7,0.578,26.8,0.5785,70.3,0.5786,26.8
1753547109796,16:25:09.796,ACE/USDT:USDT,0.5781,40.7,0.578,26.8,0.5785,70.3,0.5786,26.8
1753547109994,16:25:09.994,ACE/USDT:USDT,0.5781,40.7,0.578,26.8,0.5785,70.3,0.5786,26.8
1753547110094,16:25:10.094,ACE/USDT:USDT,0.5781,40.7,0.578,26.8,0.5785,70.3,0.5786,26.8
1753547110295,16:25:10.295,ACE/USDT:USDT,0.5781,40.7,0.578,26.8,0.5785,70.3,0.5786,26.8
1753547110395,16:25:10.395,ACE/USDT:USDT,0.5781,40.7,0.578,26.8,0.5785,70.3,0.5786,26.8
1753547110594,16:25:10.594,ACE/USDT:USDT,0.5781,40.7,0.578,26.8,0.5785,70.3,0.5786,26.8
1753547110695,16:25:10.695,ACE/USDT:USDT,0.5781,40.7,0.578,26.8,0.5785,70.3,0.5786,26.8
1753547110794,16:25:10.794,ACE/USDT:USDT,0.5781,40.7,0.578,26.8,0.5785,70.3,0.5786,26.8
1753547110894,16:25:10.894,ACE/USDT:USDT,0.5783,15.2,0.5781,40.7,0.5785,70.3,0.5786,26.8
1753547110995,16:25:10.995,ACE/USDT:USDT,0.5783,15.2,0.5781,40.7,0.5785,70.3,0.5786,26.8
1753547111094,16:25:11.094,ACE/USDT:USDT,0.5783,15.2,0.5781,40.7,0.5785,70.3,0.5786,26.8
1753547112594,16:25:12.594,ACE/USDT:USDT,0.5783,15.2,0.5781,40.7,0.5785,70.3,0.5786,26.8
1753547112794,16:25:12.794,ACE/USDT:USDT,0.5783,15.2,0.5781,40.7,0.5785,70.3,0.5786,26.8
1753547112894,16:25:12.894,ACE/USDT:USDT,0.5783,15.2,0.5781,40.7,0.5785,70.3,0.5786,26.8
1753547112994,16:25:12.994,ACE/USDT:USDT,0.5783,15.2,0.5781,40.7,0.5785,70.3,0.5786,26.8
1753547113394,16:25:13.394,ACE/USDT:USDT,0.5783,15.2,0.5781,40.7,0.5785,70.3,0.5786,26.8
1753547113595,16:25:13.595,ACE/USDT:USDT,0.5783,15.2,0.5781,40.7,0.5785,561.7,0.5786,26.8
1753547113694,16:25:13.694,ACE/USDT:USDT,0.5783,15.2,0.5781,40.7,0.5785,561.7,0.5786,26.8
1753547113795,16:25:13.795,ACE/USDT:USDT,0.5781,13.9,0.5779,313.6,0.5782,63.9,0.5784,297.6
1753547113894,16:25:13.894,ACE/USDT:USDT,0.5781,13.9,0.5779,313.6,0.5782,63.9,0.5784,297.6
1753547113994,16:25:13.994,ACE/USDT:USDT,0.5781,13.9,0.5779,313.6,0.5782,63.9,0.5784,297.6
1753547114094,16:25:14.094,ACE/USDT:USDT,0.5781,13.9,0.5779,313.6,0.5782,63.9,0.5784,297.6
1753547114294,16:25:14.294,ACE/USDT:USDT,0.5781,13.9,0.5779,313.6,0.5782,63.9,0.5784,297.6
1753547114394,16:25:14.394,ACE/USDT:USDT,0.5781,13.9,0.5779,313.6,0.5782,63.9,0.5784,297.6
1753547114494,16:25:14.494,ACE/USDT:USDT,0.5781,13.9,0.5779,313.6,0.5782,63.9,0.5784,297.6
1753547114595,16:25:14.595,ACE/USDT:USDT,0.5781,14.2,0.5779,26.8,0.5782,63.9,0.5784,297.6
1753547114695,16:25:14.695,ACE/USDT:USDT,0.5781,14.2,0.5779,26.8,0.5782,63.9,0.5784,297.6
1753547114794,16:25:14.794,ACE/USDT:USDT,0.5781,14.2,0.5779,26.8,0.5782,63.9,0.5784,297.6
1753547114994,16:25:14.994,ACE/USDT:USDT,0.5781,14.2,0.5779,26.8,0.5782,63.9,0.5784,297.6
1753547115094,16:25:15.094,ACE/USDT:USDT,0.5781,14.2,0.5779,26.8,0.5782,63.9,0.5784,297.6
1753547115294,16:25:15.294,ACE/USDT:USDT,0.5781,14.2,0.5779,26.8,0.5782,63.9,0.5784,297.6
1753547115394,16:25:15.394,ACE/USDT:USDT,0.5781,14.2,0.5779,26.8,0.5782,63.9,0.5784,297.6
1753547115596,16:25:15.596,ACE/USDT:USDT,0.5781,14.2,0.5779,26.8,0.5782,63.9,0.5784,297.6
1753547115994,16:25:15.994,ACE/USDT:USDT,0.5781,14.2,0.5779,26.8,0.5782,63.9,0.5784,297.6
1753547116095,16:25:16.095,ACE/USDT:USDT,0.5781,14.2,0.5779,26.8,0.5782,63.9,0.5784,297.6
1753547116201,16:25:16.201,ACE/USDT:USDT,0.5781,14.2,0.5779,26.8,0.5782,63.9,0.5784,297.6
1753547116395,16:25:16.395,ACE/USDT:USDT,0.5781,14.2,0.5779,26.8,0.5782,63.9,0.5784,297.6
1753547116495,16:25:16.495,ACE/USDT:USDT,0.5781,14.2,0.5779,26.8,0.5782,63.9,0.5784,297.6
1753547116594,16:25:16.594,ACE/USDT:USDT,0.5781,14.2,0.5779,26.8,0.5782,63.9,0.5784,297.6
1753547116695,16:25:16.695,ACE/USDT:USDT,0.5781,14.2,0.5779,26.8,0.5782,63.9,0.5784,297.6
1753547116794,16:25:16.794,ACE/USDT:USDT,0.5781,14.2,0.5779,26.8,0.5782,63.9,0.5784,297.6
1753547116994,16:25:16.994,ACE/USDT:USDT,0.5781,14.2,0.5779,26.8,0.5782,63.9,0.5784,297.6
1753547117394,16:25:17.394,ACE/USDT:USDT,0.5781,14.2,0.5779,26.8,0.5782,63.9,0.5784,297.6
1753547117595,16:25:17.595,ACE/USDT:USDT,0.5781,14.2,0.5779,26.8,0.5782,63.9,0.5784,297.6
1753547117794,16:25:17.794,ACE/USDT:USDT,0.5781,14.2,0.5779,26.8,0.5782,63.9,0.5784,297.6
1753547117894,16:25:17.894,ACE/USDT:USDT,0.5781,14.2,0.5779,26.8,0.5782,63.9,0.5784,297.6
1753547117994,16:25:17.994,ACE/USDT:USDT,0.5781,14.2,0.5779,26.8,0.5782,63.9,0.5784,297.6
1753547118094,16:25:18.094,ACE/USDT:USDT,0.5781,14.2,0.5779,26.8,0.5782,63.9,0.5784,297.6
1753547118197,16:25:18.197,ACE/USDT:USDT,0.5781,14.2,0.5779,26.8,0.5782,63.9,0.5784,297.6
1753547118396,16:25:18.396,ACE/USDT:USDT,0.5781,14.2,0.5779,26.8,0.5782,63.9,0.5784,297.6
1753547118595,16:25:18.595,ACE/USDT:USDT,0.5781,14.2,0.5779,26.8,0.5782,63.9,0.5784,297.6
1753547118894,16:25:18.894,ACE/USDT:USDT,0.5781,14.2,0.5779,26.8,0.5782,63.9,0.5784,297.6
1753547119096,16:25:19.096,ACE/USDT:USDT,0.5781,14.2,0.5779,26.8,0.5782,63.9,0.5784,297.6
1753547119594,16:25:19.594,ACE/USDT:USDT,0.5781,14.2,0.5779,26.8,0.5782,63.9,0.5784,297.6
1753547119694,16:25:19.694,ACE/USDT:USDT,0.5781,14.2,0.5779,26.8,0.5782,63.9,0.5784,297.6
1753547119794,16:25:19.794,ACE/USDT:USDT,0.5781,14.2,0.5779,26.8,0.5782,63.9,0.5784,297.6
1753547119894,16:25:19.894,ACE/USDT:USDT,0.5781,14.2,0.5779,26.8,0.5782,63.9,0.5784,297.6
1753547119993,16:25:19.993,ACE/USDT:USDT,0.5781,14.2,0.5779,26.8,0.5782,63.9,0.5784,297.6
1753547120094,16:25:20.094,ACE/USDT:USDT,0.5781,14.2,0.5779,26.8,0.5782,63.9,0.5784,297.6
1753547120194,16:25:20.194,ACE/USDT:USDT,0.5781,14.2,0.5779,26.8,0.5782,63.9,0.5784,297.6
1753547120318,16:25:20.318,ACE/USDT:USDT,0.5781,14.2,0.5779,26.8,0.5782,63.9,0.5784,297.6
1753547120394,16:25:20.394,ACE/USDT:USDT,0.5781,14.2,0.5779,26.8,0.5782,63.9,0.5784,297.6
1753547120894,16:25:20.894,ACE/USDT:USDT,0.5781,14.2,0.5779,26.8,0.5782,63.9,0.5784,297.6
1753547120994,16:25:20.994,ACE/USDT:USDT,0.5781,14.2,0.5779,26.8,0.5782,63.9,0.5784,297.6
1753547121094,16:25:21.094,ACE/USDT:USDT,0.5781,14.2,0.5779,26.8,0.5782,63.9,0.5784,297.6
1753547121394,16:25:21.394,ACE/USDT:USDT,0.5781,14.2,0.5779,26.8,0.5782,63.9,0.5784,297.6
1753547122095,16:25:22.095,ACE/USDT:USDT,0.5781,14.2,0.5779,26.8,0.5782,63.9,0.5784,297.6
1753547122294,16:25:22.294,ACE/USDT:USDT,0.5781,14.2,0.5779,26.8,0.5782,63.9,0.5784,297.6
1753547122394,16:25:22.394,ACE/USDT:USDT,0.5781,14.2,0.5779,26.8,0.5782,63.9,0.5784,297.6
1753547122595,16:25:22.595,ACE/USDT:USDT,0.5781,14.2,0.5779,26.8,0.5782,63.9,0.5784,297.6
1753547122794,16:25:22.794,ACE/USDT:USDT,0.5781,14.2,0.5779,26.8,0.5782,63.9,0.5784,297.6
1753547123094,16:25:23.094,ACE/USDT:USDT,0.5781,14.2,0.5779,26.8,0.5782,63.9,0.5784,297.6
1753547124095,16:25:24.095,ACE/USDT:USDT,0.5781,14.2,0.5779,26.8,0.5782,63.9,0.5784,297.6
1753547124494,16:25:24.494,ACE/USDT:USDT,0.5781,14.2,0.5779,26.8,0.5782,63.9,0.5784,297.6
1753547124994,16:25:24.994,ACE/USDT:USDT,0.5781,14.2,0.5779,26.8,0.5782,63.9,0.5784,297.6
1753547125095,16:25:25.095,ACE/USDT:USDT,0.5781,14.2,0.5779,26.8,0.5782,63.9,0.5784,297.6
1753547125194,16:25:25.194,ACE/USDT:USDT,0.5781,14.2,0.5779,26.8,0.5782,63.9,0.5784,297.6
1753547125394,16:25:25.394,ACE/USDT:USDT,0.5781,14.2,0.5779,26.8,0.5782,63.9,0.5784,297.6
1753547125695,16:25:25.695,ACE/USDT:USDT,0.5781,14.2,0.5779,26.8,0.5782,63.9,0.5784,297.6
1753547125994,16:25:25.994,ACE/USDT:USDT,0.5781,14.2,0.5779,26.8,0.5782,63.9,0.5784,297.6
1753547126094,16:25:26.094,ACE/USDT:USDT,0.5781,14.2,0.5779,26.8,0.5782,107.8,0.5784,297.6
1753547126194,16:25:26.194,ACE/USDT:USDT,0.5781,14.2,0.5779,26.8,0.5782,107.8,0.5784,297.6
1753547126295,16:25:26.295,ACE/USDT:USDT,0.5781,14.2,0.5779,26.8,0.5782,107.8,0.5784,297.6
1753547127196,16:25:27.196,ACE/USDT:USDT,0.5781,14.2,0.5779,26.8,0.5782,107.8,0.5784,297.6
1753547127795,16:25:27.795,ACE/USDT:USDT,0.5781,14.2,0.5779,26.8,0.5782,107.8,0.5784,297.6
1753547128097,16:25:28.097,ACE/USDT:USDT,0.5781,53.6,0.578,26.7,0.5784,275.6,0.5786,587.6
1753547128234,16:25:28.234,ACE/USDT:USDT,0.5781,53.6,0.578,26.7,0.5784,266.1,0.5785,26.7
1753547128295,16:25:28.295,ACE/USDT:USDT,0.5781,53.6,0.578,26.7,0.5784,266.1,0.5785,26.7
1753547128395,16:25:28.395,ACE/USDT:USDT,0.5781,53.6,0.578,26.7,0.5784,266.1,0.5785,26.7
1753547128494,16:25:28.494,ACE/USDT:USDT,0.5781,53.6,0.578,26.7,0.5784,266.1,0.5785,26.7
1753547128794,16:25:28.794,ACE/USDT:USDT,0.5781,14.2,0.578,26.7,0.5784,532.2,0.5785,26.7
1753547129095,16:25:29.095,ACE/USDT:USDT,0.5781,14.2,0.578,26.7,0.5784,576.1,0.5785,26.7
1753547129194,16:25:29.194,ACE/USDT:USDT,0.5781,14.2,0.578,26.7,0.5784,43.9,0.5785,26.7
1753547129494,16:25:29.494,ACE/USDT:USDT,0.5781,14.2,0.578,26.7,0.5784,43.9,0.5785,26.7
1753547129594,16:25:29.594,ACE/USDT:USDT,0.5781,14.2,0.578,26.7,0.5784,43.9,0.5785,26.7
1753547129894,16:25:29.894,ACE/USDT:USDT,0.5781,14.2,0.578,26.7,0.5784,310.0,0.5785,26.7
1753547130095,16:25:30.095,ACE/USDT:USDT,0.5781,14.2,0.578,26.7,0.5784,576.1,0.5785,26.7
1753547130197,16:25:30.197,ACE/USDT:USDT,0.5781,14.2,0.578,26.7,0.5784,576.1,0.5785,26.7
1753547130294,16:25:30.294,ACE/USDT:USDT,0.5781,14.2,0.578,26.7,0.5784,576.1,0.5785,26.7
1753547130595,16:25:30.595,ACE/USDT:USDT,0.5781,14.2,0.578,26.7,0.5784,576.1,0.5785,26.7
1753547130894,16:25:30.894,ACE/USDT:USDT,0.5781,14.2,0.578,26.7,0.5784,576.1,0.5785,26.7
1753547131095,16:25:31.095,ACE/USDT:USDT,0.5781,14.2,0.578,26.7,0.5784,576.1,0.5785,26.7
1753547131696,16:25:31.696,ACE/USDT:USDT,0.5781,14.2,0.578,26.7,0.5784,576.1,0.5785,26.7
1753547131794,16:25:31.794,ACE/USDT:USDT,0.5781,14.2,0.578,26.7,0.5784,576.1,0.5785,26.7
1753547131994,16:25:31.994,ACE/USDT:USDT,0.5781,14.2,0.578,26.7,0.5784,576.1,0.5785,26.7
1753547132095,16:25:32.095,ACE/USDT:USDT,0.5781,14.2,0.578,26.7,0.5784,576.1,0.5785,26.7
1753547132196,16:25:32.196,ACE/USDT:USDT,0.5781,14.2,0.578,26.7,0.5784,576.1,0.5785,26.7
1753547132294,16:25:32.294,ACE/USDT:USDT,0.5781,14.2,0.578,26.7,0.5784,576.1,0.5785,26.7
1753547132595,16:25:32.595,ACE/USDT:USDT,0.5781,14.2,0.578,26.7,0.5784,749.8,0.5785,26.7
1753547132694,16:25:32.694,ACE/USDT:USDT,0.5781,14.2,0.578,26.7,0.5784,749.8,0.5785,26.7
1753547132895,16:25:32.895,ACE/USDT:USDT,0.5781,14.2,0.578,26.7,0.5784,1175.6,0.5785,26.7
1753547132994,16:25:32.994,ACE/USDT:USDT,0.5781,14.2,0.578,26.7,0.5784,1175.6,0.5785,26.7
1753547133194,16:25:33.194,ACE/USDT:USDT,0.5781,14.2,0.578,26.7,0.5784,1175.6,0.5785,26.7
1753547133294,16:25:33.294,ACE/USDT:USDT,0.5781,14.2,0.578,26.7,0.5784,1175.6,0.5785,26.7
1753547133795,16:25:33.795,ACE/USDT:USDT,0.5781,14.2,0.578,26.7,0.5784,1175.6,0.5785,26.7
1753547133894,16:25:33.894,ACE/USDT:USDT,0.5781,14.2,0.578,26.7,0.5784,1175.6,0.5785,26.7
1753547134294,16:25:34.294,ACE/USDT:USDT,0.5781,14.2,0.578,26.7,0.5784,1175.6,0.5785,26.7
1753547134494,16:25:34.494,ACE/USDT:USDT,0.5781,14.2,0.578,26.7,0.5784,1175.6,0.5785,26.7
1753547134595,16:25:34.595,ACE/USDT:USDT,0.5781,14.2,0.578,26.7,0.5783,184.0,0.5784,70.6
1753547134696,16:25:34.696,ACE/USDT:USDT,0.5781,14.2,0.578,26.7,0.5783,184.0,0.5784,70.6
1753547134995,16:25:34.995,ACE/USDT:USDT,0.5781,14.2,0.578,26.7,0.5783,184.0,0.5784,70.6
1753547135094,16:25:35.094,ACE/USDT:USDT,0.5781,14.2,0.578,26.7,0.5783,227.9,0.5784,26.7
1753547135594,16:25:35.594,ACE/USDT:USDT,0.5781,14.2,0.578,26.7,0.5783,227.9,0.5784,26.7
1753547135694,16:25:35.694,ACE/USDT:USDT,0.5781,14.2,0.578,26.7,0.5783,227.9,0.5784,26.7
1753547135794,16:25:35.794,ACE/USDT:USDT,0.5781,14.2,0.578,26.7,0.5783,227.9,0.5784,26.7
1753547136095,16:25:36.095,ACE/USDT:USDT,0.5781,14.2,0.578,26.7,0.5783,227.9,0.5784,26.7
1753547136294,16:25:36.294,ACE/USDT:USDT,0.5781,14.2,0.5779,285.4,0.5783,254.6,0.5784,26.7
1753547136595,16:25:36.595,ACE/USDT:USDT,0.5781,14.2,0.5779,285.4,0.5783,254.6,0.5784,26.7
1753547136694,16:25:36.694,ACE/USDT:USDT,0.5781,14.2,0.5779,285.4,0.5783,254.6,0.5784,26.7
1753547136894,16:25:36.894,ACE/USDT:USDT,0.5781,14.2,0.5779,312.1,0.5783,227.9,0.5784,26.7
1753547136994,16:25:36.994,ACE/USDT:USDT,0.5782,14.3,0.5779,312.1,0.5783,227.9,0.5784,26.7
1753547137194,16:25:37.194,ACE/USDT:USDT,0.5782,14.3,0.5779,312.1,0.5783,227.9,0.5784,26.7
1753547137295,16:25:37.295,ACE/USDT:USDT,0.5782,14.3,0.5779,312.1,0.5783,227.9,0.5784,26.7
1753547137494,16:25:37.494,ACE/USDT:USDT,0.5782,14.3,0.5779,312.1,0.5783,227.9,0.5784,26.7
1753547137594,16:25:37.594,ACE/USDT:USDT,0.5782,14.3,0.5779,312.1,0.5783,227.9,0.5784,26.7
1753547137694,16:25:37.694,ACE/USDT:USDT,0.5782,14.3,0.5779,312.1,0.5783,227.9,0.5784,26.7
1753547137794,16:25:37.794,ACE/USDT:USDT,0.5782,14.3,0.5779,312.1,0.5783,227.9,0.5784,26.7
1753547138094,16:25:38.094,ACE/USDT:USDT,0.5782,14.3,0.5779,312.1,0.5783,227.9,0.5784,26.7
1753547138202,16:25:38.202,ACE/USDT:USDT,0.5782,14.3,0.5779,312.1,0.5783,227.9,0.5784,26.7
1753547138695,16:25:38.695,ACE/USDT:USDT,0.5782,14.3,0.5779,312.1,0.5783,227.9,0.5784,26.7
1753547139396,16:25:39.396,ACE/USDT:USDT,0.5782,14.3,0.5779,312.1,0.5783,933.0,0.5784,26.7
1753547139894,16:25:39.894,ACE/USDT:USDT,0.5782,14.3,0.578,26.8,0.5783,760.1,0.5785,587.5
1753547140095,16:25:40.095,ACE/USDT:USDT,0.5782,14.3,0.578,26.8,0.5783,760.1,0.5785,587.5
1753547140196,16:25:40.196,ACE/USDT:USDT,0.5782,14.3,0.578,26.8,0.5783,933.0,0.5785,587.5
1753547140305,16:25:40.305,ACE/USDT:USDT,0.5782,14.3,0.578,26.8,0.5783,760.1,0.5785,587.5
1753547140493,16:25:40.493,ACE/USDT:USDT,0.5782,14.3,0.578,26.8,0.5783,760.1,0.5785,587.5
1753547140594,16:25:40.594,ACE/USDT:USDT,0.5782,14.3,0.578,26.8,0.5783,760.1,0.5785,587.5
1753547140994,16:25:40.994,ACE/USDT:USDT,0.5782,14.3,0.578,26.8,0.5783,760.1,0.5785,587.5
1753547141095,16:25:41.095,ACE/USDT:USDT,0.5782,14.3,0.578,26.8,0.5783,760.1,0.5785,587.5
1753547141395,16:25:41.395,ACE/USDT:USDT,0.5782,14.3,0.578,26.8,0.5783,760.1,0.5785,587.5
1753547141494,16:25:41.494,ACE/USDT:USDT,0.5782,14.3,0.578,26.8,0.5783,760.1,0.5785,587.5
1753547141696,16:25:41.696,ACE/USDT:USDT,0.5782,14.3,0.578,26.8,0.5783,760.1,0.5785,587.5
1753547141995,16:25:41.995,ACE/USDT:USDT,0.5782,14.3,0.578,26.8,0.5783,760.1,0.5785,587.5
1753547142095,16:25:42.095,ACE/USDT:USDT,0.5782,14.3,0.578,26.8,0.5783,760.1,0.5785,587.5
1753547142194,16:25:42.194,ACE/USDT:USDT,0.5782,14.3,0.578,26.8,0.5783,760.1,0.5785,587.5
1753547142594,16:25:42.594,ACE/USDT:USDT,0.5782,14.3,0.578,26.8,0.5783,760.1,0.5785,587.5
1753547142695,16:25:42.695,ACE/USDT:USDT,0.5782,14.3,0.578,26.8,0.5783,760.1,0.5785,587.5
1753547143195,16:25:43.195,ACE/USDT:USDT,0.5782,14.3,0.578,26.8,0.5783,760.1,0.5785,587.5
1753547143294,16:25:43.294,ACE/USDT:USDT,0.5782,14.3,0.578,26.8,0.5783,760.1,0.5785,587.5
1753547143394,16:25:43.394,ACE/USDT:USDT,0.5782,14.3,0.578,26.8,0.5783,767.0,0.5785,587.5
1753547143494,16:25:43.494,ACE/USDT:USDT,0.5782,14.3,0.578,26.8,0.5783,767.0,0.5785,587.5
1753547143694,16:25:43.694,ACE/USDT:USDT,0.5782,14.3,0.578,26.8,0.5783,767.0,0.5785,587.5
1753547144394,16:25:44.394,ACE/USDT:USDT,0.5782,14.3,0.578,26.8,0.5783,767.0,0.5785,587.5
1753547144494,16:25:44.494,ACE/USDT:USDT,0.5782,14.3,0.578,26.8,0.5783,767.0,0.5785,587.5
1753547144595,16:25:44.595,ACE/USDT:USDT,0.5782,14.3,0.578,26.8,0.5783,767.0,0.5785,587.5
1753547144794,16:25:44.794,ACE/USDT:USDT,0.5782,14.3,0.578,26.8,0.5783,767.0,0.5785,587.5
1753547144907,16:25:44.907,ACE/USDT:USDT,0.5782,14.3,0.578,26.8,0.5783,749.8,0.5785,587.5
1753547144994,16:25:44.994,ACE/USDT:USDT,0.5782,14.3,0.578,26.8,0.5783,767.2,0.5785,587.5
1753547145394,16:25:45.394,ACE/USDT:USDT,0.5782,14.3,0.578,26.8,0.5783,767.2,0.5785,587.5
1753547145494,16:25:45.494,ACE/USDT:USDT,0.5782,14.3,0.578,26.8,0.5783,767.2,0.5785,587.5
1753547145994,16:25:45.994,ACE/USDT:USDT,0.5782,14.3,0.578,26.8,0.5783,767.2,0.5785,587.5
1753547146094,16:25:46.094,ACE/USDT:USDT,0.5782,14.3,0.578,26.8,0.5783,767.2,0.5785,587.5
1753547146294,16:25:46.294,ACE/USDT:USDT,0.5782,14.3,0.578,26.8,0.5783,767.2,0.5785,587.5
1753547146394,16:25:46.394,ACE/USDT:USDT,0.5782,14.3,0.578,26.8,0.5783,767.2,0.5785,587.5
1753547146495,16:25:46.495,ACE/USDT:USDT,0.5782,14.3,0.578,26.8,0.5783,767.2,0.5785,587.5
1753547146594,16:25:46.594,ACE/USDT:USDT,0.5782,14.3,0.578,26.8,0.5783,767.2,0.5785,587.5
1753547146696,16:25:46.696,ACE/USDT:USDT,0.5782,14.3,0.578,26.8,0.5783,940.1,0.5785,587.5
1753547146995,16:25:46.995,ACE/USDT:USDT,0.5782,14.3,0.578,26.8,0.5783,940.1,0.5785,587.5
1753547147194,16:25:47.194,ACE/USDT:USDT,0.5782,14.3,0.578,26.8,0.5783,940.1,0.5785,587.5
1753547147296,16:25:47.296,ACE/USDT:USDT,0.5782,14.3,0.5779,26.7,0.5783,948.8,0.5784,26.8
1753547147494,16:25:47.494,ACE/USDT:USDT,0.5782,14.3,0.5779,26.7,0.5783,948.8,0.5784,26.8
1753547147594,16:25:47.594,ACE/USDT:USDT,0.5782,14.3,0.578,26.8,0.5783,940.1,0.5785,587.5
1753547147694,16:25:47.694,ACE/USDT:USDT,0.5782,14.3,0.578,26.8,0.5783,940.1,0.5785,587.5
1753547148194,16:25:48.194,ACE/USDT:USDT,0.5782,14.3,0.578,26.8,0.5783,767.2,0.5785,587.5
1753547148293,16:25:48.293,ACE/USDT:USDT,0.5782,14.3,0.578,26.8,0.5783,767.2,0.5785,587.5
1753547148594,16:25:48.594,ACE/USDT:USDT,0.5782,14.3,0.578,26.8,0.5783,767.2,0.5785,587.5
1753547148694,16:25:48.694,ACE/USDT:USDT,0.5782,14.3,0.578,26.8,0.5783,767.2,0.5785,587.5
1753547148895,16:25:48.895,ACE/USDT:USDT,0.5782,14.3,0.578,26.8,0.5783,767.2,0.5785,587.5
1753547149095,16:25:49.095,ACE/USDT:USDT,0.5782,14.3,0.578,26.8,0.5783,767.2,0.5785,587.5
1753547149294,16:25:49.294,ACE/USDT:USDT,0.5782,14.3,0.578,26.8,0.5783,767.2,0.5785,587.5
1753547149394,16:25:49.394,ACE/USDT:USDT,0.5782,14.3,0.578,26.8,0.5783,767.2,0.5785,587.5
1753547149494,16:25:49.494,ACE/USDT:USDT,0.5782,14.3,0.578,26.8,0.5783,767.2,0.5785,587.5
1753547149594,16:25:49.594,ACE/USDT:USDT,0.5782,14.3,0.578,26.8,0.5783,767.2,0.5785,587.5
1753547149995,16:25:49.995,ACE/USDT:USDT,0.5782,14.3,0.578,26.8,0.5783,767.2,0.5785,587.5
1753547151195,16:25:51.195,ACE/USDT:USDT,0.5782,14.3,0.578,26.8,0.5783,767.2,0.5785,587.5
1753547151894,16:25:51.894,ACE/USDT:USDT,0.5782,14.3,0.578,26.8,0.5783,948.8,0.5785,587.5
1753547152096,16:25:52.096,ACE/USDT:USDT,0.5782,14.3,0.578,26.8,0.5783,966.2,0.5785,587.5
1753547152199,16:25:52.199,ACE/USDT:USDT,0.5782,14.3,0.578,26.8,0.5783,966.2,0.5785,587.5
1753547152394,16:25:52.394,ACE/USDT:USDT,0.5782,14.3,0.578,26.8,0.5783,957.5,0.5785,587.5
1753547152494,16:25:52.494,ACE/USDT:USDT,0.5782,14.3,0.578,26.8,0.5783,948.8,0.5785,587.5
1753547152696,16:25:52.696,ACE/USDT:USDT,0.5782,14.3,0.578,26.8,0.5783,957.5,0.5785,587.5
1753547152895,16:25:52.895,ACE/USDT:USDT,0.5782,14.3,0.578,26.8,0.5783,957.5,0.5785,587.5
1753547152993,16:25:52.993,ACE/USDT:USDT,0.5782,14.3,0.578,26.8,0.5783,948.8,0.5785,587.5
1753547153095,16:25:53.095,ACE/USDT:USDT,0.5782,14.3,0.578,26.8,0.5783,957.5,0.5785,587.5
1753547153295,16:25:53.295,ACE/USDT:USDT,0.5782,14.3,0.578,26.8,0.5783,940.1,0.5785,587.5
1753547153494,16:25:53.494,ACE/USDT:USDT,0.5782,14.3,0.578,26.8,0.5783,767.2,0.5785,587.5
1753547153696,16:25:53.696,ACE/USDT:USDT,0.5782,14.3,0.578,26.8,0.5783,767.2,0.5785,587.5
1753547153894,16:25:53.894,ACE/USDT:USDT,0.5782,14.3,0.578,26.8,0.5783,767.2,0.5785,587.5
1753547153997,16:25:53.997,ACE/USDT:USDT,0.5782,14.3,0.578,26.8,0.5783,940.1,0.5785,587.5
1753547154094,16:25:54.094,ACE/USDT:USDT,0.5782,14.3,0.578,26.8,0.5783,948.8,0.5785,587.5
1753547154394,16:25:54.394,ACE/USDT:USDT,0.5782,14.3,0.578,26.8,0.5783,940.1,0.5785,587.5
1753547154595,16:25:54.595,ACE/USDT:USDT,0.5782,14.3,0.578,26.8,0.5783,767.2,0.5785,587.5
1753547154994,16:25:54.994,ACE/USDT:USDT,0.5782,14.3,0.578,26.8,0.5783,767.2,0.5785,587.5
1753547155395,16:25:55.395,ACE/USDT:USDT,0.5782,14.3,0.578,26.8,0.5783,767.2,0.5785,587.5
1753547155494,16:25:55.494,ACE/USDT:USDT,0.5782,14.3,0.578,26.8,0.5783,767.2,0.5785,587.5
1753547155995,16:25:55.995,ACE/USDT:USDT,0.5782,14.3,0.578,26.8,0.5783,767.2,0.5785,587.5
1753547156095,16:25:56.095,ACE/USDT:USDT,0.5782,14.3,0.578,26.8,0.5783,940.1,0.5785,587.5
1753547156294,16:25:56.294,ACE/USDT:USDT,0.5782,14.3,0.578,26.8,0.5783,767.2,0.5785,587.5
1753547156695,16:25:56.695,ACE/USDT:USDT,0.5782,14.3,0.578,26.8,0.5783,940.1,0.5785,587.5
1753547157094,16:25:57.094,ACE/USDT:USDT,0.5782,14.3,0.578,26.8,0.5783,940.1,0.5785,587.5
1753547157394,16:25:57.394,ACE/USDT:USDT,0.5782,14.3,0.578,26.8,0.5783,940.1,0.5785,587.5
1753547157594,16:25:57.594,ACE/USDT:USDT,0.5782,14.3,0.578,26.8,0.5783,767.2,0.5785,587.5
1753547157794,16:25:57.794,ACE/USDT:USDT,0.5782,14.3,0.578,26.8,0.5783,767.2,0.5785,587.5
1753547157994,16:25:57.994,ACE/USDT:USDT,0.5782,14.3,0.578,26.8,0.5783,767.2,0.5785,587.5
1753547158295,16:25:58.295,ACE/USDT:USDT,0.5782,14.3,0.578,26.8,0.5783,767.2,0.5785,587.5
1753547158995,16:25:58.995,ACE/USDT:USDT,0.5782,14.3,0.578,26.8,0.5783,767.2,0.5785,587.5
1753547159094,16:25:59.094,ACE/USDT:USDT,0.5782,14.3,0.578,26.8,0.5783,767.2,0.5785,587.5
1753547159195,16:25:59.195,ACE/USDT:USDT,0.5782,14.3,0.578,26.8,0.5783,767.2,0.5785,587.5
1753547159595,16:25:59.595,ACE/USDT:USDT,0.5782,14.3,0.578,26.8,0.5783,767.2,0.5785,587.5
1753547159695,16:25:59.695,ACE/USDT:USDT,0.5782,14.3,0.578,26.8,0.5783,767.2,0.5785,587.5
1753547160095,16:26:00.095,ACE/USDT:USDT,0.5782,14.3,0.578,26.8,0.5783,767.2,0.5785,587.5
1753547160197,16:26:00.197,ACE/USDT:USDT,0.5782,14.3,0.578,26.8,0.5783,767.2,0.5785,587.5
1753547160496,16:26:00.496,ACE/USDT:USDT,0.5782,14.3,0.578,26.8,0.5783,767.2,0.5785,587.5
1753547160594,16:26:00.594,ACE/USDT:USDT,0.5782,14.3,0.578,26.8,0.5783,767.2,0.5785,587.5
1753547160695,16:26:00.695,ACE/USDT:USDT,0.5782,14.3,0.578,26.8,0.5783,767.2,0.5785,587.5
1753547160794,16:26:00.794,ACE/USDT:USDT,0.5782,14.3,0.578,26.8,0.5783,767.2,0.5785,587.5
1753547161094,16:26:01.094,ACE/USDT:USDT,0.5782,14.3,0.578,26.8,0.5783,767.2,0.5785,587.5
1753547161395,16:26:01.395,ACE/USDT:USDT,0.5782,14.3,0.578,26.8,0.5783,767.2,0.5785,587.5
1753547161593,16:26:01.593,ACE/USDT:USDT,0.5782,14.3,0.578,26.8,0.5783,767.2,0.5785,587.5
1753547161795,16:26:01.795,ACE/USDT:USDT,0.5782,14.3,0.578,26.8,0.5783,767.2,0.5785,587.5
1753547161894,16:26:01.894,ACE/USDT:USDT,0.5782,14.3,0.578,26.8,0.5783,767.2,0.5785,587.5
1753547162695,16:26:02.695,ACE/USDT:USDT,0.5782,14.3,0.578,26.8,0.5783,767.2,0.5785,587.5
1753547162795,16:26:02.795,ACE/USDT:USDT,0.5782,14.3,0.578,26.8,0.5783,767.2,0.5785,587.5
1753547162894,16:26:02.894,ACE/USDT:USDT,0.5782,14.3,0.578,26.8,0.5783,767.2,0.5785,587.5
1753547163094,16:26:03.094,ACE/USDT:USDT,0.5782,14.3,0.578,26.8,0.5783,749.8,0.5785,587.5
1753547164096,16:26:04.096,ACE/USDT:USDT,0.5782,14.3,0.578,26.8,0.5783,767.9,0.5785,587.5
1753547164193,16:26:04.193,ACE/USDT:USDT,0.5782,14.3,0.578,26.8,0.5783,958.2,0.5785,587.5
1753547164695,16:26:04.695,ACE/USDT:USDT,0.5782,14.3,0.578,26.8,0.5783,958.2,0.5785,587.5
1753547164896,16:26:04.896,ACE/USDT:USDT,0.5782,14.3,0.5778,26.8,0.5783,1006.3,0.5784,26.8
1753547165294,16:26:05.294,ACE/USDT:USDT,0.5782,14.3,0.5778,26.8,0.5783,1120.0,0.5784,26.8
1753547165495,16:26:05.495,ACE/USDT:USDT,0.5782,14.3,0.5779,26.8,0.5783,1080.6,0.5784,26.8
1753547165696,16:26:05.696,ACE/USDT:USDT,0.5782,14.3,0.5779,26.8,0.5783,1323.0,0.5784,26.8
1753547165794,16:26:05.794,ACE/USDT:USDT,0.5782,14.3,0.5779,26.8,0.5783,1323.0,0.5784,26.8
1753547165894,16:26:05.894,ACE/USDT:USDT,0.5777,9.1,0.5776,26.8,0.5781,305.5,0.5782,26.8
1753547165995,16:26:05.995,ACE/USDT:USDT,0.5773,26.7,0.5772,26.7,0.5778,39.4,0.5779,26.8
1753547166094,16:26:06.094,ACE/USDT:USDT,0.5774,34.9,0.5773,70.6,0.5778,39.4,0.5779,26.8
1753547166200,16:26:06.200,ACE/USDT:USDT,0.5774,26.2,0.5773,70.6,0.5778,39.4,0.5779,26.8
1753547166594,16:26:06.594,ACE/USDT:USDT,0.5774,26.2,0.5773,70.6,0.5778,39.4,0.5779,26.8
1753547167094,16:26:07.094,ACE/USDT:USDT,0.5774,70.1,0.5773,26.7,0.5778,39.4,0.5779,26.8
1753547167494,16:26:07.494,ACE/USDT:USDT,0.5775,26.2,0.5774,70.1,0.5779,26.8,0.578,26.8
1753547167594,16:26:07.594,ACE/USDT:USDT,0.5775,26.2,0.5774,70.1,0.5779,26.8,0.578,26.8
1753547167695,16:26:07.695,ACE/USDT:USDT,0.5775,26.2,0.5774,70.1,0.5779,26.8,0.578,26.8
1753547168094,16:26:08.094,ACE/USDT:USDT,0.5775,70.1,0.5774,26.2,0.5779,26.8,0.578,26.8
1753547168198,16:26:08.198,ACE/USDT:USDT,0.5775,70.1,0.5774,26.2,0.5779,26.8,0.578,26.8
1753547168695,16:26:08.695,ACE/USDT:USDT,0.5775,70.1,0.5774,26.2,0.5779,26.8,0.578,26.8
1753547169494,16:26:09.494,ACE/USDT:USDT,0.5775,70.1,0.5774,26.2,0.5779,26.8,0.578,26.8
1753547169894,16:26:09.894,ACE/USDT:USDT,0.5776,26.2,0.5775,70.1,0.5779,26.8,0.578,26.8
1753547170094,16:26:10.094,ACE/USDT:USDT,0.5776,70.1,0.5775,26.2,0.578,26.8,0.5781,26.8
1753547170198,16:26:10.198,ACE/USDT:USDT,0.5777,26.2,0.5776,70.1,0.5781,26.8,0.5782,26.8
1753547170295,16:26:10.295,ACE/USDT:USDT,0.5777,26.2,0.5776,70.1,0.5781,26.8,0.5782,26.8
1753547170394,16:26:10.394,ACE/USDT:USDT,0.5777,26.2,0.5776,70.1,0.5781,26.8,0.5782,26.8
1753547170895,16:26:10.895,ACE/USDT:USDT,0.5777,26.2,0.5776,70.1,0.5781,200.7,0.5782,26.8
1753547171194,16:26:11.194,ACE/USDT:USDT,0.5777,43.9,0.5776,26.2,0.578,200.1,0.5781,26.8
1753547171295,16:26:11.295,ACE/USDT:USDT,0.5777,43.9,0.5776,26.2,0.578,200.1,0.5781,26.8
1753547172194,16:26:12.194,ACE/USDT:USDT,0.5777,43.9,0.5776,26.2,0.578,200.1,0.5781,26.8
1753547172594,16:26:12.594,ACE/USDT:USDT,0.5777,43.9,0.5776,26.2,0.578,200.1,0.5781,26.8
1753547172694,16:26:12.694,ACE/USDT:USDT,0.5777,43.9,0.5776,26.2,0.578,200.1,0.5781,26.8
1753547172893,16:26:12.893,ACE/USDT:USDT,0.5777,43.9,0.5776,26.2,0.578,200.1,0.5781,26.8
1753547172994,16:26:12.994,ACE/USDT:USDT,0.5777,43.9,0.5776,26.2,0.578,200.1,0.5781,26.8
1753547173194,16:26:13.194,ACE/USDT:USDT,0.5777,43.9,0.5776,26.2,0.578,200.1,0.5781,26.8
1753547173294,16:26:13.294,ACE/USDT:USDT,0.5777,43.9,0.5776,26.2,0.578,200.1,0.5781,26.8
1753547173894,16:26:13.894,ACE/USDT:USDT,0.5777,43.9,0.5776,26.2,0.578,200.1,0.5781,26.8
1753547174196,16:26:14.196,ACE/USDT:USDT,0.5777,43.9,0.5776,26.2,0.578,200.1,0.5781,26.8
1753547174295,16:26:14.295,ACE/USDT:USDT,0.5777,43.9,0.5776,26.2,0.578,200.1,0.5781,26.8
1753547174694,16:26:14.694,ACE/USDT:USDT,0.5777,43.9,0.5776,26.2,0.578,200.1,0.5781,26.8
1753547174894,16:26:14.894,ACE/USDT:USDT,0.5777,43.9,0.5776,26.2,0.578,200.1,0.5781,26.8
1753547174994,16:26:14.994,ACE/USDT:USDT,0.5777,43.9,0.5776,26.2,0.578,200.1,0.5781,26.8
1753547175094,16:26:15.094,ACE/USDT:USDT,0.5777,43.9,0.5776,26.2,0.578,200.1,0.5781,26.8
1753547175294,16:26:15.294,ACE/USDT:USDT,0.5777,43.9,0.5776,26.2,0.578,200.1,0.5781,26.8
1753547175894,16:26:15.894,ACE/USDT:USDT,0.5777,43.9,0.5776,26.2,0.578,200.1,0.5781,26.8
1753547175994,16:26:15.994,ACE/USDT:USDT,0.5777,43.9,0.5776,26.2,0.578,200.1,0.5781,26.8
1753547176094,16:26:16.094,ACE/USDT:USDT,0.5777,43.9,0.5776,26.2,0.578,200.1,0.5781,26.8
1753547176199,16:26:16.199,ACE/USDT:USDT,0.5777,43.9,0.5776,26.2,0.578,200.1,0.5781,26.8
1753547176494,16:26:16.494,ACE/USDT:USDT,0.5777,43.9,0.5776,26.2,0.578,200.1,0.5781,26.8
1753547176695,16:26:16.695,ACE/USDT:USDT,0.5777,43.9,0.5776,26.2,0.578,200.1,0.5781,26.8
1753547176994,16:26:16.994,ACE/USDT:USDT,0.5777,43.9,0.5776,26.2,0.578,200.1,0.5781,26.8
1753547177094,16:26:17.094,ACE/USDT:USDT,0.5777,43.9,0.5776,26.2,0.578,200.1,0.5781,26.8
1753547177194,16:26:17.194,ACE/USDT:USDT,0.5777,43.9,0.5776,26.2,0.578,200.1,0.5781,26.8
1753547177293,16:26:17.293,ACE/USDT:USDT,0.5777,43.9,0.5776,26.2,0.578,200.1,0.5781,26.8
1753547178194,16:26:18.194,ACE/USDT:USDT,0.5777,43.9,0.5776,26.2,0.578,200.1,0.5781,26.8
1753547178294,16:26:18.294,ACE/USDT:USDT,0.5777,43.9,0.5776,26.2,0.578,200.1,0.5781,26.8
1753547178494,16:26:18.494,ACE/USDT:USDT,0.5777,43.9,0.5776,26.2,0.578,200.1,0.5781,26.8
1753547178694,16:26:18.694,ACE/USDT:USDT,0.5777,43.9,0.5776,26.2,0.578,200.1,0.5781,26.8
1753547178794,16:26:18.794,ACE/USDT:USDT,0.5777,43.9,0.5776,26.2,0.578,200.1,0.5781,26.8
1753547179194,16:26:19.194,ACE/USDT:USDT,0.5777,43.9,0.5776,26.2,0.578,200.1,0.5781,26.8
1753547179295,16:26:19.295,ACE/USDT:USDT,0.5778,3.3,0.5777,43.9,0.578,200.1,0.5781,26.8
1753547179395,16:26:19.395,ACE/USDT:USDT,0.5778,3.3,0.5777,43.9,0.578,200.1,0.5781,26.8
1753547179694,16:26:19.694,ACE/USDT:USDT,0.5778,3.3,0.5777,43.9,0.578,200.1,0.5781,26.8
1753547179794,16:26:19.794,ACE/USDT:USDT,0.5778,3.3,0.5777,43.9,0.578,200.1,0.5781,26.8
1753547180895,16:26:20.895,ACE/USDT:USDT,0.5778,47.2,0.5776,26.2,0.578,200.1,0.5781,26.8
1753547181095,16:26:21.095,ACE/USDT:USDT,0.5778,47.2,0.5776,26.2,0.578,200.1,0.5781,26.8
1753547181194,16:26:21.194,ACE/USDT:USDT,0.5778,47.2,0.5776,26.2,0.578,200.1,0.5781,26.8
1753547181394,16:26:21.394,ACE/USDT:USDT,0.5778,47.2,0.5776,26.2,0.578,200.1,0.5781,26.8
1753547181494,16:26:21.494,ACE/USDT:USDT,0.5778,47.2,0.5776,26.2,0.578,200.1,0.5781,26.8
1753547181594,16:26:21.594,ACE/USDT:USDT,0.5778,47.2,0.5776,26.2,0.578,200.1,0.5781,26.8
