timestamp,time,symbol,bid1_price,bid1_volume,bid2_price,bid2_volume,ask1_price,ask1_volume,ask2_price,ask2_volume
1753546956126,16:22:36.126,AERGO/USDT:USDT,0.13322,120.0,0.133,37.0,0.13367,960.0,0.13368,118.0
1753546956352,16:22:36.352,AERGO/USDT:USDT,0.13322,120.0,0.133,37.0,0.13366,116.0,0.13367,960.0
1753546956991,16:22:36.991,AERGO/USDT:USDT,0.13322,120.0,0.133,37.0,0.13365,45.0,0.13366,116.0
1753546957002,16:22:37.002,AERGO/USDT:USDT,0.13322,120.0,0.133,37.0,0.13365,45.0,0.13366,116.0
1753546957123,16:22:37.123,AERGO/USDT:USDT,0.13322,120.0,0.133,37.0,0.13364,116.0,0.13365,1005.0
1753546958624,16:22:38.624,AERGO/USDT:USDT,0.13322,120.0,0.133,37.0,0.13364,116.0,0.13365,1005.0
1753546958647,16:22:38.647,AERGO/USDT:USDT,0.13322,120.0,0.133,37.0,0.13364,116.0,0.13365,45.0
1753546958754,16:22:38.754,AERGO/USDT:USDT,0.13322,120.0,0.133,37.0,0.13363,2213.0,0.13364,116.0
1753546958769,16:22:38.769,AERGO/USDT:USDT,0.13322,120.0,0.133,37.0,0.13362,116.0,0.13363,2213.0
1753546958799,16:22:38.799,AERGO/USDT:USDT,0.13322,120.0,0.133,37.0,0.13361,116.0,0.13362,960.0
1753546958876,16:22:38.876,AERGO/USDT:USDT,0.13322,120.0,0.133,37.0,0.13361,116.0,0.13364,116.0
1753546958889,16:22:38.889,AERGO/USDT:USDT,0.13322,120.0,0.133,37.0,0.13361,116.0,0.13364,116.0
1753546958940,16:22:38.940,AERGO/USDT:USDT,0.13322,120.0,0.133,37.0,0.13364,116.0,0.13365,45.0
1753546960554,16:22:40.554,AERGO/USDT:USDT,0.13322,120.0,0.133,37.0,0.13364,116.0,0.13369,960.0
1753546960564,16:22:40.564,AERGO/USDT:USDT,0.13322,120.0,0.133,37.0,0.13364,116.0,0.1337,121.0
1753546961032,16:22:41.032,AERGO/USDT:USDT,0.13322,120.0,0.13299,960.0,0.1337,121.0,0.13374,960.0
1753546961044,16:22:41.044,AERGO/USDT:USDT,0.13322,120.0,0.13299,960.0,0.1337,121.0,0.13376,118.0
1753546961079,16:22:41.079,AERGO/USDT:USDT,0.13322,120.0,0.13299,960.0,0.13375,960.0,0.13376,118.0
1753546961143,16:22:41.143,AERGO/USDT:USDT,0.13322,120.0,0.13299,960.0,0.13374,116.0,0.13375,960.0
1753546961221,16:22:41.221,AERGO/USDT:USDT,0.13322,120.0,0.133,37.0,0.13374,116.0,0.13375,960.0
1753546961229,16:22:41.229,AERGO/USDT:USDT,0.13322,120.0,0.133,37.0,0.13373,37.0,0.13374,116.0
1753546961265,16:22:41.265,AERGO/USDT:USDT,0.13322,120.0,0.133,37.0,0.13372,116.0,0.13374,116.0
1753546961312,16:22:41.312,AERGO/USDT:USDT,0.13322,120.0,0.133,37.0,0.13371,37.0,0.13372,116.0
1753546961326,16:22:41.326,AERGO/USDT:USDT,0.13322,120.0,0.133,37.0,0.1337,116.0,0.13371,37.0
1753546961447,16:22:41.447,AERGO/USDT:USDT,0.13322,120.0,0.133,37.0,0.1337,116.0,0.13371,997.0
1753546961471,16:22:41.471,AERGO/USDT:USDT,0.13322,120.0,0.133,37.0,0.1337,116.0,0.13371,960.0
1753546961514,16:22:41.514,AERGO/USDT:USDT,0.13322,120.0,0.133,37.0,0.1337,153.0,0.13371,960.0
1753546961526,16:22:41.526,AERGO/USDT:USDT,0.13322,120.0,0.133,37.0,0.1337,37.0,0.13371,960.0
1753546964129,16:22:44.129,AERGO/USDT:USDT,0.13322,120.0,0.133,37.0,0.13368,52.0,0.13369,116.0
1753546964142,16:22:44.142,AERGO/USDT:USDT,0.13322,120.0,0.133,37.0,0.13368,52.0,0.13369,116.0
1753546964310,16:22:44.310,AERGO/USDT:USDT,0.13322,120.0,0.133,37.0,0.13367,116.0,0.13368,52.0
1753546964310,16:22:44.310,AERGO/USDT:USDT,0.13322,120.0,0.133,37.0,0.13367,116.0,0.13368,1012.0
1753546964315,16:22:44.315,AERGO/USDT:USDT,0.13322,120.0,0.133,37.0,0.13367,116.0,0.13368,1012.0
1753546964373,16:22:44.373,AERGO/USDT:USDT,0.13322,120.0,0.133,37.0,0.13367,116.0,0.13368,1012.0
1753546965220,16:22:45.220,AERGO/USDT:USDT,0.13322,120.0,0.13299,960.0,0.13367,116.0,0.13368,1012.0
1753546965370,16:22:45.370,AERGO/USDT:USDT,0.13322,120.0,0.133,37.0,0.13367,116.0,0.13368,1012.0
1753546965401,16:22:45.401,AERGO/USDT:USDT,0.13322,120.0,0.133,37.0,0.13367,116.0,0.13368,1012.0
1753546965438,16:22:45.438,AERGO/USDT:USDT,0.13322,120.0,0.133,37.0,0.13367,116.0,0.13368,1012.0
1753546966715,16:22:46.715,AERGO/USDT:USDT,0.13322,120.0,0.133,37.0,0.13359,607.0,0.13367,116.0
1753546966757,16:22:46.757,AERGO/USDT:USDT,0.13322,120.0,0.133,37.0,0.13358,960.0,0.13359,607.0
1753546966850,16:22:46.850,AERGO/USDT:USDT,0.13322,120.0,0.133,37.0,0.13357,117.0,0.13358,960.0
1753546967697,16:22:47.697,AERGO/USDT:USDT,0.13322,120.0,0.133,37.0,0.13357,117.0,0.13358,960.0
1753546968536,16:22:48.536,AERGO/USDT:USDT,0.13322,120.0,0.133,37.0,0.13356,1101.0,0.13357,117.0
1753546968548,16:22:48.548,AERGO/USDT:USDT,0.13322,120.0,0.133,37.0,0.13355,117.0,0.13356,1101.0
1753546968582,16:22:48.582,AERGO/USDT:USDT,0.13322,120.0,0.133,37.0,0.13354,117.0,0.13355,960.0
1753546968662,16:22:48.662,AERGO/USDT:USDT,0.13322,120.0,0.133,37.0,0.13354,117.0,0.13357,117.0
1753546968675,16:22:48.675,AERGO/USDT:USDT,0.13322,120.0,0.133,37.0,0.13354,117.0,0.13357,117.0
1753546968726,16:22:48.726,AERGO/USDT:USDT,0.13322,120.0,0.133,37.0,0.13357,117.0,0.13358,960.0
1753546968791,16:22:48.791,AERGO/USDT:USDT,0.13322,120.0,0.133,37.0,0.13357,117.0,0.13358,960.0
1753546972717,16:22:52.717,AERGO/USDT:USDT,0.13322,120.0,0.133,37.0,0.13356,1048.0,0.13357,117.0
1753546972744,16:22:52.744,AERGO/USDT:USDT,0.13322,120.0,0.133,37.0,0.13354,117.0,0.13355,1077.0
1753546972838,16:22:52.838,AERGO/USDT:USDT,0.13322,120.0,0.133,37.0,0.13354,117.0,0.13355,960.0
1753546972975,16:22:52.975,AERGO/USDT:USDT,0.13322,120.0,0.133,37.0,0.13354,117.0,0.13357,117.0
1753546972988,16:22:52.988,AERGO/USDT:USDT,0.13322,120.0,0.133,37.0,0.13354,117.0,0.13357,117.0
1753546973415,16:22:53.415,AERGO/USDT:USDT,0.13334,41.0,0.13322,120.0,0.13357,117.0,0.13366,960.0
1753546973433,16:22:53.433,AERGO/USDT:USDT,0.13335,117.0,0.13322,120.0,0.13357,117.0,0.13367,116.0
1753546973465,16:22:53.465,AERGO/USDT:USDT,0.13322,120.0,0.13303,22.0,0.13367,116.0,0.1337,960.0
1753546973514,16:22:53.514,AERGO/USDT:USDT,0.13322,120.0,0.13299,960.0,0.13367,116.0,0.1337,960.0
1753546973539,16:22:53.539,AERGO/USDT:USDT,0.13322,120.0,0.13304,37.0,0.13367,116.0,0.1337,960.0
1753546973572,16:22:53.572,AERGO/USDT:USDT,0.13322,120.0,0.13298,121.0,0.13367,116.0,0.1337,960.0
1753546973586,16:22:53.586,AERGO/USDT:USDT,0.13299,960.0,0.13298,121.0,0.13367,116.0,0.1337,960.0
1753546973626,16:22:53.626,AERGO/USDT:USDT,0.133,117.0,0.13299,960.0,0.13367,116.0,0.1337,960.0
1753546973650,16:22:53.650,AERGO/USDT:USDT,0.133,117.0,0.13299,960.0,0.13366,2213.0,0.13367,116.0
1753546973675,16:22:53.675,AERGO/USDT:USDT,0.13301,37.0,0.133,117.0,0.13365,960.0,0.13366,2213.0
1753546973726,16:22:53.726,AERGO/USDT:USDT,0.13302,117.0,0.13301,37.0,0.13364,117.0,0.13365,960.0
1753546973737,16:22:53.737,AERGO/USDT:USDT,0.13302,117.0,0.13301,37.0,0.13364,117.0,0.13367,116.0
1753546973772,16:22:53.772,AERGO/USDT:USDT,0.13302,117.0,0.133,117.0,0.13364,117.0,0.13367,116.0
1753546973796,16:22:53.796,AERGO/USDT:USDT,0.13304,117.0,0.13303,37.0,0.13364,117.0,0.13367,116.0
1753546973840,16:22:53.840,AERGO/USDT:USDT,0.13304,117.0,0.13302,117.0,0.13367,116.0,0.1337,960.0
1753546973862,16:22:53.862,AERGO/USDT:USDT,0.13306,117.0,0.13305,37.0,0.13367,116.0,0.1337,960.0
1753546973904,16:22:53.904,AERGO/USDT:USDT,0.13306,117.0,0.13305,37.0,0.13367,116.0,0.1337,960.0
1753546973930,16:22:53.930,AERGO/USDT:USDT,0.13306,117.0,0.13304,117.0,0.13367,116.0,0.1337,960.0
1753546973945,16:22:53.945,AERGO/USDT:USDT,0.13306,117.0,0.13304,117.0,0.13367,116.0,0.1337,960.0
1753546973986,16:22:53.986,AERGO/USDT:USDT,0.13308,117.0,0.13307,37.0,0.13367,116.0,0.1337,960.0
1753546974014,16:22:54.014,AERGO/USDT:USDT,0.13308,117.0,0.13306,117.0,0.13367,116.0,0.1337,960.0
1753546974046,16:22:54.046,AERGO/USDT:USDT,0.13309,37.0,0.13308,117.0,0.13367,116.0,0.1337,960.0
1753546974077,16:22:54.077,AERGO/USDT:USDT,0.1331,117.0,0.13309,997.0,0.13367,116.0,0.1337,960.0
1753546974105,16:22:54.105,AERGO/USDT:USDT,0.1331,117.0,0.13309,960.0,0.13367,116.0,0.13371,997.0
1753546974130,16:22:54.130,AERGO/USDT:USDT,0.13312,117.0,0.13311,37.0,0.13367,116.0,0.13371,997.0
1753546974176,16:22:54.176,AERGO/USDT:USDT,0.13312,117.0,0.1331,117.0,0.13367,116.0,0.13371,960.0
1753546974188,16:22:54.188,AERGO/USDT:USDT,0.13312,117.0,0.1331,117.0,0.13367,116.0,0.13371,960.0
1753546974268,16:22:54.268,AERGO/USDT:USDT,0.13313,37.0,0.13312,117.0,0.13367,116.0,0.13371,960.0
1753546974275,16:22:54.275,AERGO/USDT:USDT,0.13313,37.0,0.13312,117.0,0.13367,116.0,0.1337,37.0
1753546974314,16:22:54.314,AERGO/USDT:USDT,0.13314,117.0,0.13313,37.0,0.13367,116.0,0.1337,37.0
1753546974337,16:22:54.337,AERGO/USDT:USDT,0.13314,117.0,0.13313,37.0,0.13367,116.0,0.1337,37.0
1753546974365,16:22:54.365,AERGO/USDT:USDT,0.13314,117.0,0.13313,37.0,0.13367,116.0,0.1337,37.0
1753546974420,16:22:54.420,AERGO/USDT:USDT,0.13315,37.0,0.13314,117.0,0.13367,116.0,0.1337,37.0
1753546974434,16:22:54.434,AERGO/USDT:USDT,0.13315,37.0,0.13314,117.0,0.13367,116.0,0.1337,37.0
1753546974540,16:22:54.540,AERGO/USDT:USDT,0.13316,117.0,0.13315,37.0,0.13367,116.0,0.1337,37.0
1753546974556,16:22:54.556,AERGO/USDT:USDT,0.13316,117.0,0.13315,37.0,0.13367,116.0,0.1337,37.0
1753546974592,16:22:54.592,AERGO/USDT:USDT,0.13316,117.0,0.13315,960.0,0.13367,116.0,0.1337,37.0
1753546974612,16:22:54.612,AERGO/USDT:USDT,0.13318,120.0,0.13317,37.0,0.13367,116.0,0.1337,37.0
1753546974652,16:22:54.652,AERGO/USDT:USDT,0.13318,120.0,0.13317,37.0,0.13367,116.0,0.1337,37.0
1753546974674,16:22:54.674,AERGO/USDT:USDT,0.13318,120.0,0.13317,37.0,0.13367,116.0,0.1337,37.0
1753546974737,16:22:54.737,AERGO/USDT:USDT,0.13318,120.0,0.13317,997.0,0.13367,116.0,0.1337,37.0
1753546974755,16:22:54.755,AERGO/USDT:USDT,0.13318,120.0,0.13317,997.0,0.13367,116.0,0.13373,960.0
1753546974786,16:22:54.786,AERGO/USDT:USDT,0.13318,120.0,0.13317,960.0,0.13367,116.0,0.13373,960.0
1753546974817,16:22:54.817,AERGO/USDT:USDT,0.13318,157.0,0.13317,960.0,0.13367,116.0,0.13372,37.0
1753546974846,16:22:54.846,AERGO/USDT:USDT,0.13319,120.0,0.13318,37.0,0.13367,116.0,0.13372,37.0
1753546974898,16:22:54.898,AERGO/USDT:USDT,0.13319,120.0,0.13317,997.0,0.13367,116.0,0.13372,37.0
1753546974919,16:22:54.919,AERGO/USDT:USDT,0.13319,120.0,0.13317,960.0,0.13367,116.0,0.13372,37.0
1753546974980,16:22:54.980,AERGO/USDT:USDT,0.13319,120.0,0.13318,37.0,0.13367,116.0,0.13372,37.0
1753546975839,16:22:55.839,AERGO/USDT:USDT,0.1332,36.0,0.13319,120.0,0.13367,116.0,0.13372,37.0
1753546975869,16:22:55.869,AERGO/USDT:USDT,0.13321,120.0,0.1332,996.0,0.13367,116.0,0.13372,37.0
1753546975906,16:22:55.906,AERGO/USDT:USDT,0.13321,120.0,0.1332,996.0,0.13367,116.0,0.13372,37.0
1753546975976,16:22:55.976,AERGO/USDT:USDT,0.13321,120.0,0.1332,996.0,0.13367,116.0,0.13372,37.0
1753546975999,16:22:55.999,AERGO/USDT:USDT,0.13321,120.0,0.1332,996.0,0.13367,116.0,0.13372,37.0
1753546976072,16:22:56.072,AERGO/USDT:USDT,0.13321,120.0,0.1332,996.0,0.13367,116.0,0.13372,37.0
1753546977044,16:22:57.044,AERGO/USDT:USDT,0.13321,120.0,0.1332,996.0,0.13367,116.0,0.13372,37.0
1753546977071,16:22:57.071,AERGO/USDT:USDT,0.13321,120.0,0.1332,996.0,0.13367,116.0,0.13372,37.0
1753546977112,16:22:57.112,AERGO/USDT:USDT,0.13321,120.0,0.1332,996.0,0.13367,116.0,0.13372,37.0
1753546977136,16:22:57.136,AERGO/USDT:USDT,0.13321,120.0,0.1332,996.0,0.13367,116.0,0.13375,960.0
1753546977173,16:22:57.173,AERGO/USDT:USDT,0.13321,120.0,0.1332,996.0,0.13367,116.0,0.13374,37.0
1753546978378,16:22:58.378,AERGO/USDT:USDT,0.13321,120.0,0.1332,996.0,0.13366,52.0,0.13367,116.0
1753546978391,16:22:58.391,AERGO/USDT:USDT,0.13321,120.0,0.1332,996.0,0.13365,120.0,0.13366,52.0
1753546978513,16:22:58.513,AERGO/USDT:USDT,0.13321,120.0,0.1332,996.0,0.13365,120.0,0.13366,1012.0
1753546978565,16:22:58.565,AERGO/USDT:USDT,0.13321,120.0,0.1332,996.0,0.13365,120.0,0.13366,1012.0
1753546978618,16:22:58.618,AERGO/USDT:USDT,0.13321,120.0,0.1332,996.0,0.13365,120.0,0.13366,1012.0
1753546978642,16:22:58.642,AERGO/USDT:USDT,0.13321,120.0,0.1332,996.0,0.13365,120.0,0.13366,1012.0
1753546978680,16:22:58.680,AERGO/USDT:USDT,0.13321,120.0,0.1332,996.0,0.13365,120.0,0.13366,1012.0
1753546979427,16:22:59.427,AERGO/USDT:USDT,0.13321,120.0,0.1332,960.0,0.13365,120.0,0.13366,1012.0
1753546981707,16:23:01.707,AERGO/USDT:USDT,0.13321,120.0,0.1332,960.0,0.13365,120.0,0.13366,1012.0
1753546981726,16:23:01.726,AERGO/USDT:USDT,0.13321,120.0,0.1332,960.0,0.13365,120.0,0.13366,1012.0
1753546981765,16:23:01.765,AERGO/USDT:USDT,0.13321,120.0,0.1332,960.0,0.13365,120.0,0.13366,1012.0
1753546981901,16:23:01.901,AERGO/USDT:USDT,0.13321,120.0,0.1332,960.0,0.13359,619.0,0.13365,120.0
1753546981929,16:23:01.929,AERGO/USDT:USDT,0.13321,120.0,0.1332,960.0,0.13357,120.0,0.13358,1080.0
1753546982025,16:23:02.025,AERGO/USDT:USDT,0.13321,120.0,0.1332,960.0,0.13357,120.0,0.13358,960.0
1753546982152,16:23:02.152,AERGO/USDT:USDT,0.13321,120.0,0.13319,120.0,0.13357,120.0,0.13358,960.0
1753546982339,16:23:02.339,AERGO/USDT:USDT,0.13319,120.0,0.13308,117.0,0.13357,120.0,0.13358,960.0
1753546982341,16:23:02.341,AERGO/USDT:USDT,0.13319,120.0,0.13308,117.0,0.13357,120.0,0.13358,960.0
1753546982348,16:23:02.348,AERGO/USDT:USDT,0.13306,117.0,0.13304,117.0,0.13357,120.0,0.13365,120.0
1753546982360,16:23:02.360,AERGO/USDT:USDT,0.13304,117.0,0.13302,117.0,0.13365,120.0,0.13366,960.0
1753546982392,16:23:02.392,AERGO/USDT:USDT,0.13302,117.0,0.133,117.0,0.13366,960.0,0.13367,116.0
1753546982393,16:23:02.393,AERGO/USDT:USDT,0.13302,117.0,0.133,117.0,0.13365,120.0,0.13366,960.0
1753546982419,16:23:02.419,AERGO/USDT:USDT,0.13309,37.0,0.13302,117.0,0.13365,120.0,0.13366,960.0
1753546982499,16:23:02.499,AERGO/USDT:USDT,0.13303,37.0,0.13302,117.0,0.13365,120.0,0.13366,960.0
1753546982533,16:23:02.533,AERGO/USDT:USDT,0.1331,120.0,0.13303,37.0,0.13365,120.0,0.13366,960.0
1753546982562,16:23:02.562,AERGO/USDT:USDT,0.13302,120.0,0.133,117.0,0.13365,120.0,0.13366,960.0
1753546982596,16:23:02.596,AERGO/USDT:USDT,0.13303,37.0,0.133,117.0,0.13365,120.0,0.13366,960.0
1753546982629,16:23:02.629,AERGO/USDT:USDT,0.13304,120.0,0.133,117.0,0.13365,120.0,0.13367,116.0
1753546982646,16:23:02.646,AERGO/USDT:USDT,0.13304,120.0,0.133,117.0,0.13365,120.0,0.13367,116.0
1753546982675,16:23:02.675,AERGO/USDT:USDT,0.13305,37.0,0.13304,120.0,0.13367,116.0,0.13375,997.0
1753546982721,16:23:02.721,AERGO/USDT:USDT,0.13306,120.0,0.13305,37.0,0.13367,116.0,0.13375,997.0
1753546982755,16:23:02.755,AERGO/USDT:USDT,0.13306,120.0,0.13305,37.0,0.13367,116.0,0.13375,37.0
1753546982774,16:23:02.774,AERGO/USDT:USDT,0.13306,120.0,0.13305,997.0,0.13367,116.0,0.13375,997.0
1753546983549,16:23:03.549,AERGO/USDT:USDT,0.13306,120.0,0.13305,997.0,0.13367,116.0,0.13373,620.0
1753546983608,16:23:03.608,AERGO/USDT:USDT,0.13306,120.0,0.13305,997.0,0.13367,116.0,0.13372,997.0
1753546983670,16:23:03.670,AERGO/USDT:USDT,0.13306,120.0,0.13305,997.0,0.13367,116.0,0.13372,997.0
1753546983838,16:23:03.838,AERGO/USDT:USDT,0.13306,120.0,0.13305,960.0,0.13367,116.0,0.13372,997.0
1753546983878,16:23:03.878,AERGO/USDT:USDT,0.13307,37.0,0.13306,120.0,0.13367,116.0,0.13372,960.0
1753546983909,16:23:03.909,AERGO/USDT:USDT,0.13308,120.0,0.13307,997.0,0.13367,116.0,0.13371,37.0
1753546983980,16:23:03.980,AERGO/USDT:USDT,0.13309,37.0,0.13308,120.0,0.13367,116.0,0.13371,37.0
1753546983995,16:23:03.995,AERGO/USDT:USDT,0.1331,120.0,0.13309,37.0,0.13367,116.0,0.13371,37.0
1753546984057,16:23:04.057,AERGO/USDT:USDT,0.13311,37.0,0.1331,120.0,0.13367,116.0,0.13371,37.0
1753546984113,16:23:04.113,AERGO/USDT:USDT,0.13312,120.0,0.13311,37.0,0.13367,116.0,0.13371,37.0
1753546984127,16:23:04.127,AERGO/USDT:USDT,0.13312,120.0,0.13311,997.0,0.13367,116.0,0.13371,37.0
1753546984159,16:23:04.159,AERGO/USDT:USDT,0.13313,37.0,0.13312,120.0,0.13367,116.0,0.13371,37.0
1753546984208,16:23:04.208,AERGO/USDT:USDT,0.13314,120.0,0.13312,120.0,0.13367,116.0,0.13371,37.0
1753546984221,16:23:04.221,AERGO/USDT:USDT,0.13314,120.0,0.13312,120.0,0.13367,116.0,0.13371,37.0
1753546984234,16:23:04.234,AERGO/USDT:USDT,0.13315,37.0,0.13314,120.0,0.13367,116.0,0.13371,37.0
1753546984357,16:23:04.357,AERGO/USDT:USDT,0.13316,120.0,0.13315,37.0,0.13367,116.0,0.13371,37.0
1753546984598,16:23:04.598,AERGO/USDT:USDT,0.13316,120.0,0.13315,37.0,0.13367,116.0,0.13371,37.0
1753546984632,16:23:04.632,AERGO/USDT:USDT,0.13316,120.0,0.13315,37.0,0.13367,116.0,0.13371,37.0
1753546985521,16:23:05.521,AERGO/USDT:USDT,0.13316,120.0,0.13315,37.0,0.13366,28.0,0.13367,116.0
1753546985533,16:23:05.533,AERGO/USDT:USDT,0.13316,120.0,0.13315,37.0,0.13365,120.0,0.13366,28.0
1753546985689,16:23:05.689,AERGO/USDT:USDT,0.13316,120.0,0.13315,997.0,0.13365,120.0,0.13366,988.0
1753546985689,16:23:05.689,AERGO/USDT:USDT,0.13316,120.0,0.13315,997.0,0.13365,120.0,0.13366,988.0
1753546985706,16:23:05.706,AERGO/USDT:USDT,0.13316,120.0,0.13315,997.0,0.13365,120.0,0.13366,988.0
1753546985766,16:23:05.766,AERGO/USDT:USDT,0.13316,120.0,0.13315,997.0,0.13365,120.0,0.13366,988.0
1753546985816,16:23:05.816,AERGO/USDT:USDT,0.13316,120.0,0.13315,997.0,0.13365,120.0,0.13366,988.0
1753546985860,16:23:05.860,AERGO/USDT:USDT,0.13316,120.0,0.13315,997.0,0.13365,120.0,0.13366,988.0
1753546986145,16:23:06.145,AERGO/USDT:USDT,0.13316,120.0,0.13315,997.0,0.13365,120.0,0.13366,988.0
1753546986159,16:23:06.159,AERGO/USDT:USDT,0.13316,120.0,0.13315,37.0,0.13365,120.0,0.13366,988.0
1753546986235,16:23:06.235,AERGO/USDT:USDT,0.13316,157.0,0.13313,960.0,0.13365,120.0,0.13366,988.0
1753546986248,16:23:06.248,AERGO/USDT:USDT,0.13316,37.0,0.13313,960.0,0.13365,120.0,0.13366,988.0
1753546986382,16:23:06.382,AERGO/USDT:USDT,0.13317,120.0,0.13314,37.0,0.13365,120.0,0.13366,988.0
1753546986423,16:23:06.423,AERGO/USDT:USDT,0.13317,120.0,0.13315,37.0,0.13365,120.0,0.13366,988.0
1753546987621,16:23:07.621,AERGO/USDT:USDT,0.13317,120.0,0.13313,960.0,0.13365,120.0,0.13366,988.0
1753546987650,16:23:07.650,AERGO/USDT:USDT,0.13317,120.0,0.13314,37.0,0.13365,120.0,0.13366,988.0
1753546987685,16:23:07.685,AERGO/USDT:USDT,0.13317,120.0,0.13314,37.0,0.13365,120.0,0.13366,988.0
1753546987780,16:23:07.780,AERGO/USDT:USDT,0.13317,120.0,0.13315,37.0,0.13365,120.0,0.13366,988.0
1753546987827,16:23:07.827,AERGO/USDT:USDT,0.13317,120.0,0.13316,37.0,0.13365,120.0,0.13366,988.0
1753546987848,16:23:07.848,AERGO/USDT:USDT,0.13317,120.0,0.13313,960.0,0.13365,120.0,0.13366,988.0
1753546987889,16:23:07.889,AERGO/USDT:USDT,0.13317,120.0,0.13314,37.0,0.13365,120.0,0.13366,988.0
1753546988343,16:23:08.343,AERGO/USDT:USDT,0.13317,120.0,0.13314,37.0,0.13365,120.0,0.13366,988.0
1753546988354,16:23:08.354,AERGO/USDT:USDT,0.13317,120.0,0.13314,37.0,0.13365,120.0,0.13366,988.0
1753546988373,16:23:08.373,AERGO/USDT:USDT,0.13317,120.0,0.13311,960.0,0.13365,120.0,0.13366,988.0
1753546988420,16:23:08.420,AERGO/USDT:USDT,0.13317,120.0,0.13312,37.0,0.13365,120.0,0.13366,988.0
1753546988702,16:23:08.702,AERGO/USDT:USDT,0.13317,120.0,0.13312,37.0,0.1336,813.0,0.13365,120.0
1753546988715,16:23:08.715,AERGO/USDT:USDT,0.13317,120.0,0.13312,37.0,0.13359,120.0,0.1336,813.0
1753546988824,16:23:08.824,AERGO/USDT:USDT,0.13317,120.0,0.13312,37.0,0.13358,120.0,0.13359,960.0
1753546989088,16:23:09.088,AERGO/USDT:USDT,0.13317,120.0,0.13312,37.0,0.13358,120.0,0.13359,960.0
1753546989250,16:23:09.250,AERGO/USDT:USDT,0.13318,52.0,0.13317,120.0,0.13358,120.0,0.13359,960.0
1753546989276,16:23:09.276,AERGO/USDT:USDT,0.13319,120.0,0.13318,1012.0,0.13358,120.0,0.13359,960.0
1753546989333,16:23:09.333,AERGO/USDT:USDT,0.13319,120.0,0.13318,1012.0,0.13358,120.0,0.13359,960.0
1753546989385,16:23:09.385,AERGO/USDT:USDT,0.13319,120.0,0.13318,1012.0,0.13358,120.0,0.13359,960.0
1753546989479,16:23:09.479,AERGO/USDT:USDT,0.13319,120.0,0.13318,1012.0,0.13358,120.0,0.13359,960.0
1753546989479,16:23:09.479,AERGO/USDT:USDT,0.13319,120.0,0.13318,1012.0,0.13358,120.0,0.13359,960.0
1753546989489,16:23:09.489,AERGO/USDT:USDT,0.13319,120.0,0.13318,1012.0,0.13358,120.0,0.13359,960.0
1753546989515,16:23:09.515,AERGO/USDT:USDT,0.13319,120.0,0.13318,1012.0,0.13358,120.0,0.13365,120.0
1753546990615,16:23:10.615,AERGO/USDT:USDT,0.13319,120.0,0.13318,1012.0,0.13365,120.0,0.13366,960.0
1753546990625,16:23:10.625,AERGO/USDT:USDT,0.13319,120.0,0.13318,1012.0,0.13365,120.0,0.13367,116.0
1753546990657,16:23:10.657,AERGO/USDT:USDT,0.13319,120.0,0.13318,1012.0,0.13367,116.0,0.13372,960.0
1753546990688,16:23:10.688,AERGO/USDT:USDT,0.13319,120.0,0.13318,1012.0,0.13365,1080.0,0.13366,1337.0
1753546990750,16:23:10.750,AERGO/USDT:USDT,0.13319,120.0,0.13318,1012.0,0.13365,1080.0,0.13367,116.0
1753546990776,16:23:10.776,AERGO/USDT:USDT,0.13319,120.0,0.13318,1012.0,0.13365,1080.0,0.13367,116.0
1753546990811,16:23:10.811,AERGO/USDT:USDT,0.13319,120.0,0.13318,1012.0,0.13364,120.0,0.13365,960.0
1753546992670,16:23:12.670,AERGO/USDT:USDT,0.13319,120.0,0.13318,1012.0,0.13363,28.0,0.13364,120.0
1753546992701,16:23:12.701,AERGO/USDT:USDT,0.13319,120.0,0.13318,1012.0,0.13362,120.0,0.13363,988.0
1753546992808,16:23:12.808,AERGO/USDT:USDT,0.13319,120.0,0.13318,1012.0,0.13362,120.0,0.13363,988.0
1753546992858,16:23:12.858,AERGO/USDT:USDT,0.13319,120.0,0.13318,960.0,0.13362,120.0,0.13363,988.0
1753546992877,16:23:12.877,AERGO/USDT:USDT,0.13319,120.0,0.13318,960.0,0.13362,120.0,0.13363,988.0
1753546992917,16:23:12.917,AERGO/USDT:USDT,0.13319,120.0,0.13318,960.0,0.13362,120.0,0.13363,988.0
1753546995149,16:23:15.149,AERGO/USDT:USDT,0.13319,120.0,0.13318,960.0,0.13362,120.0,0.13363,28.0
1753546995165,16:23:15.165,AERGO/USDT:USDT,0.13319,120.0,0.13318,960.0,0.13362,120.0,0.13363,28.0
1753546995189,16:23:15.189,AERGO/USDT:USDT,0.13319,120.0,0.13318,960.0,0.13359,116.0,0.1336,1076.0
1753546995244,16:23:15.244,AERGO/USDT:USDT,0.13319,120.0,0.13318,997.0,0.13359,116.0,0.1336,960.0
1753546995255,16:23:15.255,AERGO/USDT:USDT,0.13319,120.0,0.13318,997.0,0.13359,116.0,0.13362,120.0
1753546995284,16:23:15.284,AERGO/USDT:USDT,0.13319,120.0,0.13318,997.0,0.13359,116.0,0.13362,120.0
1753546995349,16:23:15.349,AERGO/USDT:USDT,0.13319,120.0,0.13318,997.0,0.13362,120.0,0.13363,28.0
1753546995375,16:23:15.375,AERGO/USDT:USDT,0.13319,120.0,0.13318,997.0,0.13362,120.0,0.13363,28.0
1753546995399,16:23:15.399,AERGO/USDT:USDT,0.13319,120.0,0.13318,997.0,0.13362,120.0,0.13363,28.0
1753546995438,16:23:15.438,AERGO/USDT:USDT,0.13319,120.0,0.13318,997.0,0.13362,120.0,0.13363,28.0
1753546995483,16:23:15.483,AERGO/USDT:USDT,0.13319,120.0,0.13318,997.0,0.13362,120.0,0.13363,28.0
1753546995491,16:23:15.491,AERGO/USDT:USDT,0.13319,120.0,0.13318,997.0,0.13362,120.0,0.13363,28.0
1753546995537,16:23:15.537,AERGO/USDT:USDT,0.13319,120.0,0.13318,997.0,0.13362,120.0,0.13363,28.0
1753546995556,16:23:15.556,AERGO/USDT:USDT,0.13319,120.0,0.13318,997.0,0.13362,120.0,0.13363,28.0
1753546995587,16:23:15.587,AERGO/USDT:USDT,0.13319,120.0,0.13318,997.0,0.13362,120.0,0.13363,28.0
1753546996240,16:23:16.240,AERGO/USDT:USDT,0.13319,120.0,0.13318,997.0,0.13362,120.0,0.13366,960.0
1753546996264,16:23:16.264,AERGO/USDT:USDT,0.13319,120.0,0.13318,997.0,0.13362,120.0,0.13367,116.0
1753546996328,16:23:16.328,AERGO/USDT:USDT,0.13319,120.0,0.13318,997.0,0.13367,116.0,0.13373,37.0
1753546996440,16:23:16.440,AERGO/USDT:USDT,0.1332,52.0,0.13319,120.0,0.13367,116.0,0.13373,37.0
1753546996454,16:23:16.454,AERGO/USDT:USDT,0.13321,116.0,0.1332,52.0,0.13367,116.0,0.13373,37.0
1753546996491,16:23:16.491,AERGO/USDT:USDT,0.13321,116.0,0.1332,1012.0,0.13367,116.0,0.13373,37.0
1753546996580,16:23:16.580,AERGO/USDT:USDT,0.13321,116.0,0.1332,1012.0,0.13367,116.0,0.13373,37.0
1753546996598,16:23:16.598,AERGO/USDT:USDT,0.13321,116.0,0.1332,1012.0,0.13367,116.0,0.13373,37.0
1753546996628,16:23:16.628,AERGO/USDT:USDT,0.13321,116.0,0.1332,1012.0,0.13367,116.0,0.13375,960.0
1753546996659,16:23:16.659,AERGO/USDT:USDT,0.13321,116.0,0.1332,1012.0,0.13367,116.0,0.13375,960.0
1753546996863,16:23:16.863,AERGO/USDT:USDT,0.13321,116.0,0.1332,1012.0,0.13367,116.0,0.13375,960.0
1753546996913,16:23:16.913,AERGO/USDT:USDT,0.13321,116.0,0.1332,1012.0,0.13367,116.0,0.13374,37.0
1753546997462,16:23:17.462,AERGO/USDT:USDT,0.13321,116.0,0.1332,1012.0,0.13367,116.0,0.13374,37.0
1753546997473,16:23:17.473,AERGO/USDT:USDT,0.13321,116.0,0.1332,52.0,0.13367,116.0,0.13374,37.0
1753546999766,16:23:19.766,AERGO/USDT:USDT,0.13321,116.0,0.1332,52.0,0.13367,116.0,0.13374,37.0
1753546999780,16:23:19.780,AERGO/USDT:USDT,0.13321,116.0,0.1332,52.0,0.13367,116.0,0.13374,37.0
1753546999817,16:23:19.817,AERGO/USDT:USDT,0.13321,116.0,0.1332,52.0,0.13367,116.0,0.13374,37.0
1753546999839,16:23:19.839,AERGO/USDT:USDT,0.13321,116.0,0.1332,52.0,0.13367,116.0,0.13374,37.0
1753546999865,16:23:19.865,AERGO/USDT:USDT,0.13321,116.0,0.1332,52.0,0.13365,116.0,0.13366,28.0
1753546999901,16:23:19.901,AERGO/USDT:USDT,0.13321,116.0,0.1332,52.0,0.13361,661.0,0.13365,116.0
1753546999924,16:23:19.924,AERGO/USDT:USDT,0.13321,116.0,0.1332,52.0,0.1336,116.0,0.13361,661.0
1753546999974,16:23:19.974,AERGO/USDT:USDT,0.13321,116.0,0.1332,52.0,0.1336,116.0,0.13361,661.0
1753546999989,16:23:19.989,AERGO/USDT:USDT,0.13321,116.0,0.1332,52.0,0.1336,116.0,0.13361,661.0
1753547000016,16:23:20.016,AERGO/USDT:USDT,0.13321,116.0,0.1332,52.0,0.13359,116.0,0.1336,960.0
1753547000109,16:23:20.109,AERGO/USDT:USDT,0.13321,116.0,0.1332,52.0,0.13359,116.0,0.1336,960.0
1753547001153,16:23:21.153,AERGO/USDT:USDT,0.13321,116.0,0.1332,52.0,0.13359,116.0,0.1336,960.0
1753547001164,16:23:21.164,AERGO/USDT:USDT,0.13321,116.0,0.1332,52.0,0.13359,116.0,0.13365,116.0
1753547001191,16:23:21.191,AERGO/USDT:USDT,0.13321,116.0,0.1332,52.0,0.13364,960.0,0.13365,116.0
1753547001316,16:23:21.316,AERGO/USDT:USDT,0.13321,116.0,0.1332,52.0,0.13363,116.0,0.13364,960.0
1753547002073,16:23:22.073,AERGO/USDT:USDT,0.13321,116.0,0.1332,52.0,0.13363,116.0,0.13364,960.0
1753547002085,16:23:22.085,AERGO/USDT:USDT,0.13321,116.0,0.1332,52.0,0.13363,116.0,0.13364,960.0
1753547002136,16:23:22.136,AERGO/USDT:USDT,0.13321,116.0,0.1332,52.0,0.13363,116.0,0.13365,1076.0
1753547002144,16:23:22.144,AERGO/USDT:USDT,0.13321,116.0,0.1332,52.0,0.13363,116.0,0.13365,1076.0
1753547003007,16:23:23.007,AERGO/USDT:USDT,0.13321,116.0,0.1332,52.0,0.13363,116.0,0.13365,1076.0
1753547003042,16:23:23.042,AERGO/USDT:USDT,0.13321,116.0,0.1332,52.0,0.13363,116.0,0.13365,1076.0
1753547003414,16:23:23.414,AERGO/USDT:USDT,0.13321,116.0,0.1332,52.0,0.13363,116.0,0.13365,1076.0
1753547003452,16:23:23.452,AERGO/USDT:USDT,0.13321,116.0,0.1332,52.0,0.13363,116.0,0.13365,116.0
1753547004337,16:23:24.337,AERGO/USDT:USDT,0.13321,116.0,0.1332,52.0,0.13365,116.0,0.13366,960.0
1753547004366,16:23:24.366,AERGO/USDT:USDT,0.13321,116.0,0.1332,52.0,0.13365,116.0,0.13367,116.0
1753547004418,16:23:24.418,AERGO/USDT:USDT,0.13321,116.0,0.1332,52.0,0.13367,116.0,0.13375,960.0
1753547004430,16:23:24.430,AERGO/USDT:USDT,0.13321,116.0,0.1332,52.0,0.13367,116.0,0.13374,37.0
1753547004468,16:23:24.468,AERGO/USDT:USDT,0.13321,116.0,0.1332,52.0,0.13367,116.0,0.13374,37.0
1753547004486,16:23:24.486,AERGO/USDT:USDT,0.13321,116.0,0.1332,52.0,0.13367,116.0,0.13374,37.0
1753547004519,16:23:24.519,AERGO/USDT:USDT,0.13321,116.0,0.1332,52.0,0.13367,116.0,0.13374,37.0
1753547004694,16:23:24.694,AERGO/USDT:USDT,0.13321,116.0,0.1332,52.0,0.13367,116.0,0.13374,722.0
1753547004817,16:23:24.817,AERGO/USDT:USDT,0.13321,116.0,0.1332,52.0,0.13367,116.0,0.13373,960.0
1753547004874,16:23:24.874,AERGO/USDT:USDT,0.13321,116.0,0.1332,52.0,0.13367,116.0,0.13372,37.0
1753547005946,16:23:25.946,AERGO/USDT:USDT,0.13321,116.0,0.1332,52.0,0.13363,621.0,0.13367,116.0
1753547005960,16:23:25.960,AERGO/USDT:USDT,0.13321,116.0,0.1332,52.0,0.13362,960.0,0.13363,621.0
1753547006068,16:23:26.068,AERGO/USDT:USDT,0.13321,116.0,0.1332,52.0,0.13361,116.0,0.13362,960.0
1753547006988,16:23:26.988,AERGO/USDT:USDT,0.13321,116.0,0.1332,52.0,0.1336,7.0,0.13361,116.0
1753547010552,16:23:30.552,AERGO/USDT:USDT,0.13321,116.0,0.1332,52.0,0.13359,116.0,0.13361,116.0
1753547011787,16:23:31.787,AERGO/USDT:USDT,0.13321,116.0,0.1332,52.0,0.13361,116.0,0.13362,960.0
1753547013584,16:23:33.584,AERGO/USDT:USDT,0.13321,116.0,0.1332,52.0,0.13361,116.0,0.13362,960.0
1753547013609,16:23:33.609,AERGO/USDT:USDT,0.13321,116.0,0.1332,52.0,0.13361,116.0,0.13362,960.0
1753547013644,16:23:33.644,AERGO/USDT:USDT,0.13321,116.0,0.1332,52.0,0.13361,116.0,0.13362,960.0
1753547014130,16:23:34.130,AERGO/USDT:USDT,0.13321,116.0,0.1332,52.0,0.1336,7.0,0.13361,116.0
1753547014146,16:23:34.146,AERGO/USDT:USDT,0.13321,116.0,0.1332,52.0,0.13359,116.0,0.1336,7.0
1753547014512,16:23:34.512,AERGO/USDT:USDT,0.13321,116.0,0.1332,52.0,0.13358,2005.0,0.13359,116.0
1753547014542,16:23:34.542,AERGO/USDT:USDT,0.13321,116.0,0.1332,52.0,0.13357,960.0,0.13358,2005.0
1753547014633,16:23:34.633,AERGO/USDT:USDT,0.13321,116.0,0.1332,52.0,0.13356,120.0,0.13357,960.0
1753547015923,16:23:35.923,AERGO/USDT:USDT,0.13321,116.0,0.1332,52.0,0.13356,120.0,0.13357,960.0
1753547015948,16:23:35.948,AERGO/USDT:USDT,0.13321,116.0,0.1332,52.0,0.13356,120.0,0.13359,1076.0
1753547017702,16:23:37.702,AERGO/USDT:USDT,0.13321,116.0,0.1332,52.0,0.13356,120.0,0.13359,1076.0
1753547017725,16:23:37.725,AERGO/USDT:USDT,0.13321,116.0,0.1332,52.0,0.13356,120.0,0.13359,116.0
1753547017774,16:23:37.774,AERGO/USDT:USDT,0.13321,116.0,0.133,37.0,0.13359,116.0,0.13366,960.0
1753547020062,16:23:40.062,AERGO/USDT:USDT,0.13321,116.0,0.133,37.0,0.13359,116.0,0.13366,1581.0
1753547021047,16:23:41.047,AERGO/USDT:USDT,0.13321,116.0,0.133,37.0,0.13358,1825.0,0.13359,116.0
1753547021076,16:23:41.076,AERGO/USDT:USDT,0.13321,116.0,0.133,37.0,0.13356,120.0,0.13357,960.0
1753547021168,16:23:41.168,AERGO/USDT:USDT,0.13321,116.0,0.133,37.0,0.13356,120.0,0.13357,960.0
1753547021984,16:23:41.984,AERGO/USDT:USDT,0.13321,116.0,0.133,37.0,0.13355,883.0,0.13356,120.0
1753547022011,16:23:42.011,AERGO/USDT:USDT,0.13321,116.0,0.133,37.0,0.13354,120.0,0.13355,883.0
1753547022045,16:23:42.045,AERGO/USDT:USDT,0.13321,116.0,0.133,37.0,0.13353,120.0,0.13354,960.0
1753547022067,16:23:42.067,AERGO/USDT:USDT,0.13321,116.0,0.133,37.0,0.13353,120.0,0.13354,960.0
1753547023033,16:23:43.033,AERGO/USDT:USDT,0.13321,116.0,0.133,37.0,0.13353,120.0,0.13354,960.0
1753547023061,16:23:43.061,AERGO/USDT:USDT,0.13321,116.0,0.133,37.0,0.13353,120.0,0.13358,960.0
1753547023307,16:23:43.307,AERGO/USDT:USDT,0.13321,116.0,0.133,37.0,0.13353,120.0,0.13358,960.0
1753547023433,16:23:43.433,AERGO/USDT:USDT,0.13331,38.0,0.13321,116.0,0.13353,120.0,0.13358,960.0
1753547023451,16:23:43.451,AERGO/USDT:USDT,0.13321,116.0,0.133,37.0,0.13353,120.0,0.13359,116.0
1753547023487,16:23:43.487,AERGO/USDT:USDT,0.13321,116.0,0.133,37.0,0.13359,116.0,0.13366,960.0
1753547023514,16:23:43.514,AERGO/USDT:USDT,0.13321,116.0,0.13301,22.0,0.13365,120.0,0.13366,960.0
1753547023537,16:23:43.537,AERGO/USDT:USDT,0.13321,116.0,0.13299,960.0,0.13365,120.0,0.13366,960.0
1753547023565,16:23:43.565,AERGO/USDT:USDT,0.13321,116.0,0.13299,960.0,0.13365,120.0,0.13366,960.0
1753547023596,16:23:43.596,AERGO/USDT:USDT,0.13321,116.0,0.133,37.0,0.13363,1080.0,0.13364,1913.0
1753547023644,16:23:43.644,AERGO/USDT:USDT,0.13321,116.0,0.13301,37.0,0.13362,120.0,0.13363,960.0
1753547023653,16:23:43.653,AERGO/USDT:USDT,0.13321,116.0,0.13301,37.0,0.13362,120.0,0.13365,120.0
1753547023702,16:23:43.702,AERGO/USDT:USDT,0.13321,116.0,0.13301,37.0,0.13362,120.0,0.13365,120.0
1753547023717,16:23:43.717,AERGO/USDT:USDT,0.13321,116.0,0.13301,37.0,0.13362,120.0,0.13365,120.0
1753547023758,16:23:43.758,AERGO/USDT:USDT,0.13321,116.0,0.13301,37.0,0.1336,120.0,0.13361,1837.0
1753547023792,16:23:43.792,AERGO/USDT:USDT,0.13321,116.0,0.13301,37.0,0.13359,120.0,0.1336,960.0
1753547023867,16:23:43.867,AERGO/USDT:USDT,0.13321,116.0,0.13301,37.0,0.13359,120.0,0.13362,120.0
1753547023932,16:23:43.932,AERGO/USDT:USDT,0.13321,116.0,0.13301,37.0,0.13362,120.0,0.13364,960.0
1753547025296,16:23:45.296,AERGO/USDT:USDT,0.13321,116.0,0.13301,37.0,0.13362,120.0,0.13364,960.0
1753547025305,16:23:45.305,AERGO/USDT:USDT,0.13321,116.0,0.13301,37.0,0.13362,120.0,0.13367,116.0
1753547025336,16:23:45.336,AERGO/USDT:USDT,0.13321,116.0,0.13302,37.0,0.13366,960.0,0.13367,116.0
1753547025428,16:23:45.428,AERGO/USDT:USDT,0.13321,116.0,0.13299,960.0,0.13364,960.0,0.13365,2032.0
1753547025429,16:23:45.429,AERGO/USDT:USDT,0.13321,116.0,0.13299,37.0,0.13363,119.0,0.13364,960.0
1753547025456,16:23:45.456,AERGO/USDT:USDT,0.13321,116.0,0.13298,121.0,0.13363,119.0,0.13365,119.0
1753547025484,16:23:45.484,AERGO/USDT:USDT,0.133,37.0,0.13298,121.0,0.13363,119.0,0.13365,119.0
1753547025523,16:23:45.523,AERGO/USDT:USDT,0.13298,121.0,0.13297,960.0,0.13363,119.0,0.13365,119.0
1753547025548,16:23:45.548,AERGO/USDT:USDT,0.133,119.0,0.13299,37.0,0.13365,1079.0,0.13366,960.0
1753547025621,16:23:45.621,AERGO/USDT:USDT,0.13301,37.0,0.133,119.0,0.13364,119.0,0.13365,960.0
1753547025649,16:23:45.649,AERGO/USDT:USDT,0.13301,37.0,0.133,119.0,0.13364,119.0,0.13365,960.0
1753547025683,16:23:45.683,AERGO/USDT:USDT,0.13302,119.0,0.133,119.0,0.13364,119.0,0.13365,960.0
1753547025711,16:23:45.711,AERGO/USDT:USDT,0.13303,37.0,0.13302,119.0,0.13364,119.0,0.13365,960.0
1753547025726,16:23:45.726,AERGO/USDT:USDT,0.13304,119.0,0.13303,37.0,0.13364,119.0,0.13365,960.0
1753547025757,16:23:45.757,AERGO/USDT:USDT,0.13304,119.0,0.13302,119.0,0.13364,119.0,0.13365,960.0
1753547025803,16:23:45.803,AERGO/USDT:USDT,0.13305,37.0,0.13304,119.0,0.13364,119.0,0.13365,960.0
1753547025822,16:23:45.822,AERGO/USDT:USDT,0.13306,119.0,0.13305,37.0,0.13364,119.0,0.13365,960.0
1753547025891,16:23:45.891,AERGO/USDT:USDT,0.13307,37.0,0.13306,119.0,0.13364,119.0,0.13365,960.0
1753547025908,16:23:45.908,AERGO/USDT:USDT,0.13308,119.0,0.13307,37.0,0.13364,119.0,0.13367,116.0
1753547025935,16:23:45.935,AERGO/USDT:USDT,0.13308,119.0,0.13306,119.0,0.13367,116.0,0.13375,37.0
1753547025969,16:23:45.969,AERGO/USDT:USDT,0.13308,119.0,0.13306,119.0,0.13362,960.0,0.13363,1837.0
1753547026009,16:23:46.009,AERGO/USDT:USDT,0.1331,119.0,0.13308,119.0,0.13361,119.0,0.13362,960.0
1753547026025,16:23:46.025,AERGO/USDT:USDT,0.1331,119.0,0.13308,119.0,0.13361,119.0,0.13367,116.0
1753547026057,16:23:46.057,AERGO/USDT:USDT,0.13311,37.0,0.1331,119.0,0.13361,119.0,0.13367,116.0
1753547026132,16:23:46.132,AERGO/USDT:USDT,0.13312,119.0,0.13311,37.0,0.13367,116.0,0.13374,960.0
1753547026153,16:23:46.153,AERGO/USDT:USDT,0.13312,119.0,0.13311,37.0,0.13367,116.0,0.13374,960.0
1753547026181,16:23:46.181,AERGO/USDT:USDT,0.13312,119.0,0.1331,119.0,0.13367,116.0,0.13374,960.0
1753547026210,16:23:46.210,AERGO/USDT:USDT,0.13313,37.0,0.13312,119.0,0.13367,116.0,0.13373,37.0
1753547026257,16:23:46.257,AERGO/USDT:USDT,0.13314,119.0,0.13312,119.0,0.13367,116.0,0.13373,37.0
1753547026284,16:23:46.284,AERGO/USDT:USDT,0.13315,37.0,0.13314,119.0,0.13367,116.0,0.13373,37.0
1753547026321,16:23:46.321,AERGO/USDT:USDT,0.13315,37.0,0.13314,119.0,0.13367,116.0,0.13373,37.0
1753547026346,16:23:46.346,AERGO/USDT:USDT,0.13316,119.0,0.13315,37.0,0.13367,116.0,0.13373,37.0
1753547026357,16:23:46.357,AERGO/USDT:USDT,0.13316,119.0,0.13315,37.0,0.13367,116.0,0.13373,37.0
1753547026389,16:23:46.389,AERGO/USDT:USDT,0.13316,119.0,0.13314,119.0,0.13365,119.0,0.13366,1938.0
1753547026417,16:23:46.417,AERGO/USDT:USDT,0.13318,119.0,0.13317,37.0,0.13364,119.0,0.13365,960.0
1753547026464,16:23:46.464,AERGO/USDT:USDT,0.13318,119.0,0.13317,37.0,0.13364,119.0,0.13367,116.0
1753547026478,16:23:46.478,AERGO/USDT:USDT,0.13318,119.0,0.13317,997.0,0.13364,119.0,0.13367,116.0
1753547026517,16:23:46.517,AERGO/USDT:USDT,0.13318,119.0,0.13317,997.0,0.13364,119.0,0.13367,116.0
1753547026534,16:23:46.534,AERGO/USDT:USDT,0.13318,119.0,0.13317,997.0,0.13364,119.0,0.13367,116.0
1753547026572,16:23:46.572,AERGO/USDT:USDT,0.13318,119.0,0.13317,997.0,0.13367,116.0,0.13372,37.0
1753547027219,16:23:47.219,AERGO/USDT:USDT,0.13318,119.0,0.13317,997.0,0.13366,1938.0,0.13367,116.0
1753547027232,16:23:47.232,AERGO/USDT:USDT,0.13318,119.0,0.13317,997.0,0.13365,960.0,0.13366,1938.0
1753547027339,16:23:47.339,AERGO/USDT:USDT,0.13318,119.0,0.13317,997.0,0.13364,119.0,0.13365,960.0
1753547027352,16:23:47.352,AERGO/USDT:USDT,0.13318,119.0,0.13317,997.0,0.13364,119.0,0.13367,116.0
1753547027398,16:23:47.398,AERGO/USDT:USDT,0.13318,119.0,0.13317,997.0,0.13364,119.0,0.13367,116.0
1753547027413,16:23:47.413,AERGO/USDT:USDT,0.13318,119.0,0.13317,997.0,0.13367,116.0,0.13371,997.0
1753547027441,16:23:47.441,AERGO/USDT:USDT,0.13318,119.0,0.13317,997.0,0.13366,1938.0,0.13367,116.0
1753547027466,16:23:47.466,AERGO/USDT:USDT,0.13318,119.0,0.13317,997.0,0.13365,960.0,0.13366,1938.0
1753547027562,16:23:47.562,AERGO/USDT:USDT,0.13318,119.0,0.13317,997.0,0.13364,119.0,0.13365,960.0
1753547027611,16:23:47.611,AERGO/USDT:USDT,0.13318,119.0,0.13317,997.0,0.13364,119.0,0.13365,960.0
1753547027659,16:23:47.659,AERGO/USDT:USDT,0.13318,119.0,0.13317,997.0,0.13364,119.0,0.13365,960.0
1753547027679,16:23:47.679,AERGO/USDT:USDT,0.13318,119.0,0.13314,119.0,0.13364,119.0,0.13365,960.0
1753547027719,16:23:47.719,AERGO/USDT:USDT,0.13316,37.0,0.13315,960.0,0.13364,119.0,0.13365,960.0
1753547027741,16:23:47.741,AERGO/USDT:USDT,0.13316,156.0,0.13315,960.0,0.13362,960.0,0.13363,1837.0
1753547027770,16:23:47.770,AERGO/USDT:USDT,0.13316,156.0,0.13315,960.0,0.13361,119.0,0.13362,960.0
1753547027810,16:23:47.810,AERGO/USDT:USDT,0.13316,37.0,0.13315,960.0,0.13361,119.0,0.13362,960.0
1753547027848,16:23:47.848,AERGO/USDT:USDT,0.13317,119.0,0.13316,37.0,0.13361,119.0,0.13364,119.0
1753547027864,16:23:47.864,AERGO/USDT:USDT,0.13317,119.0,0.13316,37.0,0.13361,119.0,0.13364,119.0
1753547027913,16:23:47.913,AERGO/USDT:USDT,0.13317,119.0,0.13316,37.0,0.13364,119.0,0.13366,960.0
1753547027940,16:23:47.940,AERGO/USDT:USDT,0.13317,119.0,0.13316,37.0,0.13363,1837.0,0.13364,119.0
1753547027953,16:23:47.953,AERGO/USDT:USDT,0.13317,119.0,0.13316,37.0,0.13362,119.0,0.13363,1837.0
1753547027975,16:23:47.975,AERGO/USDT:USDT,0.13317,119.0,0.13316,37.0,0.13361,119.0,0.13362,960.0
1753547028028,16:23:48.028,AERGO/USDT:USDT,0.13317,119.0,0.13314,119.0,0.13361,119.0,0.13362,960.0
1753547028038,16:23:48.038,AERGO/USDT:USDT,0.13317,156.0,0.13314,119.0,0.13361,119.0,0.13364,119.0
1753547028075,16:23:48.075,AERGO/USDT:USDT,0.13314,119.0,0.13313,960.0,0.13361,119.0,0.13364,119.0
1753547028095,16:23:48.095,AERGO/USDT:USDT,0.13314,119.0,0.13313,960.0,0.1336,1779.0,0.13361,119.0
1753547028130,16:23:48.130,AERGO/USDT:USDT,0.13316,119.0,0.13315,37.0,0.13359,1079.0,0.1336,1779.0
1753547028165,16:23:48.165,AERGO/USDT:USDT,0.13316,119.0,0.13314,119.0,0.13358,119.0,0.13359,960.0
1753547028193,16:23:48.193,AERGO/USDT:USDT,0.13317,37.0,0.13316,119.0,0.13358,119.0,0.13361,119.0
1753547028319,16:23:48.319,AERGO/USDT:USDT,0.13318,119.0,0.13317,37.0,0.13358,119.0,0.13361,119.0
1753547028340,16:23:48.340,AERGO/USDT:USDT,0.13318,119.0,0.13317,37.0,0.13361,119.0,0.13363,960.0
1753547028395,16:23:48.395,AERGO/USDT:USDT,0.13318,119.0,0.13317,37.0,0.1336,16.0,0.13361,119.0
1753547028399,16:23:48.399,AERGO/USDT:USDT,0.13318,119.0,0.13317,37.0,0.1336,16.0,0.13361,119.0
1753547028465,16:23:48.465,AERGO/USDT:USDT,0.13319,52.0,0.13318,119.0,0.13359,119.0,0.1336,16.0
1753547028507,16:23:48.507,AERGO/USDT:USDT,0.1332,119.0,0.13319,52.0,0.13358,1779.0,0.13359,119.0
1753547028520,16:23:48.520,AERGO/USDT:USDT,0.1332,119.0,0.13319,52.0,0.13357,960.0,0.13358,1779.0
1753547028548,16:23:48.548,AERGO/USDT:USDT,0.1332,119.0,0.13319,52.0,0.13356,119.0,0.13357,960.0
1753547028586,16:23:48.586,AERGO/USDT:USDT,0.1332,119.0,0.13319,52.0,0.13356,119.0,0.13357,960.0
1753547028627,16:23:48.627,AERGO/USDT:USDT,0.1332,119.0,0.13319,1012.0,0.13356,119.0,0.13357,960.0
1753547028706,16:23:48.706,AERGO/USDT:USDT,0.1332,119.0,0.13319,1012.0,0.13356,119.0,0.13357,960.0
1753547029888,16:23:49.888,AERGO/USDT:USDT,0.1332,119.0,0.13319,1012.0,0.13355,885.0,0.13356,119.0
1753547029900,16:23:49.900,AERGO/USDT:USDT,0.1332,119.0,0.13319,1012.0,0.13354,119.0,0.13355,885.0
1753547029931,16:23:49.931,AERGO/USDT:USDT,0.1332,119.0,0.13319,1012.0,0.13353,119.0,0.13354,960.0
1753547030009,16:23:50.009,AERGO/USDT:USDT,0.1332,119.0,0.13319,1012.0,0.13353,119.0,0.13356,119.0
1753547030052,16:23:50.052,AERGO/USDT:USDT,0.1332,119.0,0.13319,1012.0,0.13353,119.0,0.13356,119.0
1753547030074,16:23:50.074,AERGO/USDT:USDT,0.1332,119.0,0.13319,1012.0,0.13358,960.0,0.13359,119.0
1753547030107,16:23:50.107,AERGO/USDT:USDT,0.1332,119.0,0.13319,1012.0,0.13357,119.0,0.13358,960.0
1753547031955,16:23:51.955,AERGO/USDT:USDT,0.1332,119.0,0.13319,1012.0,0.13357,119.0,0.13358,960.0
1753547031967,16:23:51.967,AERGO/USDT:USDT,0.1332,119.0,0.13319,1012.0,0.13357,119.0,0.13359,119.0
1753547032005,16:23:52.005,AERGO/USDT:USDT,0.1332,119.0,0.13319,1012.0,0.13358,1779.0,0.13361,119.0
1753547032029,16:23:52.029,AERGO/USDT:USDT,0.1332,119.0,0.13319,960.0,0.13357,1079.0,0.13358,1779.0
1753547032088,16:23:52.088,AERGO/USDT:USDT,0.1332,119.0,0.13319,960.0,0.13357,1079.0,0.13358,1779.0
1753547032125,16:23:52.125,AERGO/USDT:USDT,0.1332,119.0,0.13319,960.0,0.13357,1079.0,0.13358,1779.0
1753547032154,16:23:52.154,AERGO/USDT:USDT,0.1332,119.0,0.13319,960.0,0.13356,119.0,0.13357,1079.0
1753547032176,16:23:52.176,AERGO/USDT:USDT,0.1332,119.0,0.13319,960.0,0.13356,119.0,0.13357,1079.0
1753547032213,16:23:52.213,AERGO/USDT:USDT,0.1332,119.0,0.13319,960.0,0.13356,119.0,0.13357,1079.0
1753547032337,16:23:52.337,AERGO/USDT:USDT,0.1332,119.0,0.13319,960.0,0.13355,885.0,0.13356,119.0
1753547032365,16:23:52.365,AERGO/USDT:USDT,0.1332,119.0,0.13319,960.0,0.13354,960.0,0.13355,885.0
1753547032429,16:23:52.429,AERGO/USDT:USDT,0.1332,119.0,0.13319,960.0,0.13353,119.0,0.13354,960.0
1753547032447,16:23:52.447,AERGO/USDT:USDT,0.1332,119.0,0.13319,960.0,0.13353,119.0,0.13356,119.0
1753547032482,16:23:52.482,AERGO/USDT:USDT,0.1332,119.0,0.13319,960.0,0.13353,119.0,0.13356,119.0
1753547032527,16:23:52.527,AERGO/USDT:USDT,0.1332,119.0,0.13319,960.0,0.13356,119.0,0.13366,960.0
1753547033668,16:23:53.668,AERGO/USDT:USDT,0.1332,119.0,0.13319,960.0,0.13356,119.0,0.13366,960.0
1753547034727,16:23:54.727,AERGO/USDT:USDT,0.1332,119.0,0.13319,960.0,0.13356,119.0,0.13366,960.0
1753547034791,16:23:54.791,AERGO/USDT:USDT,0.1332,119.0,0.13319,960.0,0.13356,119.0,0.13366,960.0
1753547034815,16:23:54.815,AERGO/USDT:USDT,0.1332,119.0,0.13319,960.0,0.13356,119.0,0.13366,960.0
1753547034862,16:23:54.862,AERGO/USDT:USDT,0.1332,119.0,0.13319,960.0,0.13356,119.0,0.13366,960.0
1753547035568,16:23:55.568,AERGO/USDT:USDT,0.1332,119.0,0.13319,960.0,0.13355,16.0,0.13356,119.0
1753547037205,16:23:57.205,AERGO/USDT:USDT,0.1332,119.0,0.13319,960.0,0.13354,120.0,0.13355,16.0
1753547037223,16:23:57.223,AERGO/USDT:USDT,0.1332,119.0,0.13319,960.0,0.13354,120.0,0.13355,16.0
1753547037264,16:23:57.264,AERGO/USDT:USDT,0.1332,119.0,0.13319,960.0,0.13354,120.0,0.13355,16.0
1753547038764,16:23:58.764,AERGO/USDT:USDT,0.1332,119.0,0.13319,960.0,0.13354,120.0,0.13355,16.0
1753547038778,16:23:58.778,AERGO/USDT:USDT,0.1332,119.0,0.13319,960.0,0.13354,120.0,0.13355,16.0
1753547038884,16:23:58.884,AERGO/USDT:USDT,0.1332,119.0,0.13319,960.0,0.13354,120.0,0.13355,16.0
1753547039134,16:23:59.134,AERGO/USDT:USDT,0.1332,119.0,0.13319,960.0,0.13354,120.0,0.13356,119.0
1753547039592,16:23:59.592,AERGO/USDT:USDT,0.1332,119.0,0.13319,960.0,0.13356,119.0,0.13361,960.0
1753547039641,16:23:59.641,AERGO/USDT:USDT,0.1332,119.0,0.13319,960.0,0.13356,119.0,0.13361,960.0
1753547039661,16:23:59.661,AERGO/USDT:USDT,0.1332,119.0,0.13319,960.0,0.13356,119.0,0.13361,960.0
1753547039698,16:23:59.698,AERGO/USDT:USDT,0.1332,119.0,0.13319,960.0,0.13356,119.0,0.13361,960.0
1753547040971,16:24:00.971,AERGO/USDT:USDT,0.1332,119.0,0.13319,960.0,0.13355,891.0,0.13356,119.0
1753547041900,16:24:01.900,AERGO/USDT:USDT,0.1332,119.0,0.13319,960.0,0.13354,120.0,0.13355,891.0
1753547041950,16:24:01.950,AERGO/USDT:USDT,0.1332,119.0,0.13319,960.0,0.13354,120.0,0.13355,891.0
1753547041996,16:24:01.996,AERGO/USDT:USDT,0.1332,119.0,0.13319,960.0,0.13354,120.0,0.13355,891.0
1753547044164,16:24:04.164,AERGO/USDT:USDT,0.1332,119.0,0.13319,960.0,0.13354,120.0,0.13355,891.0
1753547044189,16:24:04.189,AERGO/USDT:USDT,0.1332,119.0,0.13319,960.0,0.13354,120.0,0.13355,891.0
1753547044225,16:24:04.225,AERGO/USDT:USDT,0.1332,119.0,0.13319,960.0,0.13354,120.0,0.13355,891.0
1753547046101,16:24:06.101,AERGO/USDT:USDT,0.1332,119.0,0.13319,960.0,0.13354,120.0,0.13356,119.0
1753547046457,16:24:06.457,AERGO/USDT:USDT,0.1332,119.0,0.13319,960.0,0.13356,119.0,0.13361,960.0
1753547046506,16:24:06.506,AERGO/USDT:USDT,0.1332,119.0,0.13319,960.0,0.13356,119.0,0.13361,960.0
1753547046545,16:24:06.545,AERGO/USDT:USDT,0.1332,119.0,0.13319,960.0,0.13356,119.0,0.13361,960.0
1753547046600,16:24:06.600,AERGO/USDT:USDT,0.1332,119.0,0.13319,960.0,0.13356,119.0,0.13361,960.0
1753547046846,16:24:06.846,AERGO/USDT:USDT,0.1332,119.0,0.13319,960.0,0.13355,891.0,0.13356,119.0
1753547047443,16:24:07.443,AERGO/USDT:USDT,0.1332,119.0,0.13319,960.0,0.13354,118.0,0.13356,119.0
1753547047455,16:24:07.455,AERGO/USDT:USDT,0.1332,119.0,0.13319,960.0,0.13356,119.0,0.13361,960.0
1753547047832,16:24:07.832,AERGO/USDT:USDT,0.1332,119.0,0.13319,960.0,0.13355,891.0,0.13356,119.0
1753547047845,16:24:07.845,AERGO/USDT:USDT,0.1332,119.0,0.13319,960.0,0.13354,118.0,0.13355,891.0
1753547047871,16:24:07.871,AERGO/USDT:USDT,0.1332,119.0,0.13319,960.0,0.13354,118.0,0.13356,119.0
1753547048003,16:24:08.003,AERGO/USDT:USDT,0.1332,119.0,0.13319,960.0,0.13356,119.0,0.13361,960.0
1753547048710,16:24:08.710,AERGO/USDT:USDT,0.1332,119.0,0.13319,960.0,0.13356,119.0,0.13361,960.0
1753547048761,16:24:08.761,AERGO/USDT:USDT,0.1332,119.0,0.13319,960.0,0.13356,119.0,0.13361,960.0
1753547048778,16:24:08.778,AERGO/USDT:USDT,0.1332,119.0,0.13319,960.0,0.13356,119.0,0.13361,960.0
1753547048816,16:24:08.816,AERGO/USDT:USDT,0.1332,119.0,0.13319,960.0,0.13356,119.0,0.13361,960.0
1753547049841,16:24:09.841,AERGO/USDT:USDT,0.1332,119.0,0.13319,960.0,0.13355,29.0,0.13356,119.0
1753547049855,16:24:09.855,AERGO/USDT:USDT,0.1332,119.0,0.13319,960.0,0.13354,118.0,0.13355,29.0
1753547049976,16:24:09.976,AERGO/USDT:USDT,0.1332,119.0,0.13319,960.0,0.13354,118.0,0.13355,989.0
1753547050022,16:24:10.022,AERGO/USDT:USDT,0.1332,119.0,0.13319,960.0,0.13353,92.0,0.13354,118.0
1753547050037,16:24:10.037,AERGO/USDT:USDT,0.1332,119.0,0.13319,960.0,0.13352,118.0,0.13353,92.0
1753547050158,16:24:10.158,AERGO/USDT:USDT,0.1332,119.0,0.13319,960.0,0.13352,118.0,0.13353,1052.0
1753547051103,16:24:11.103,AERGO/USDT:USDT,0.1332,119.0,0.13319,960.0,0.13352,118.0,0.13353,960.0
1753547053405,16:24:13.405,AERGO/USDT:USDT,0.1332,119.0,0.13319,960.0,0.13352,118.0,0.13353,960.0
1753547054436,16:24:14.436,AERGO/USDT:USDT,0.1332,119.0,0.13319,960.0,0.13352,178.0,0.13353,960.0
1753547054468,16:24:14.468,AERGO/USDT:USDT,0.1332,119.0,0.13319,960.0,0.13351,118.0,0.13353,960.0
1753547054497,16:24:14.497,AERGO/USDT:USDT,0.1332,119.0,0.13319,960.0,0.13351,118.0,0.13352,960.0
1753547054623,16:24:14.623,AERGO/USDT:USDT,0.1332,119.0,0.13319,960.0,0.13351,118.0,0.13354,118.0
1753547054624,16:24:14.624,AERGO/USDT:USDT,0.1332,119.0,0.13319,960.0,0.13354,118.0,0.13356,119.0
1753547054654,16:24:14.654,AERGO/USDT:USDT,0.1332,119.0,0.13319,960.0,0.13354,116.0,0.13355,960.0
1753547054716,16:24:14.716,AERGO/USDT:USDT,0.1332,119.0,0.13319,960.0,0.13354,116.0,0.13355,960.0
1753547055147,16:24:15.147,AERGO/USDT:USDT,0.1332,119.0,0.13319,960.0,0.13354,116.0,0.13355,960.0
1753547055252,16:24:15.252,AERGO/USDT:USDT,0.1332,119.0,0.13319,960.0,0.13354,116.0,0.13355,960.0
1753547055279,16:24:15.279,AERGO/USDT:USDT,0.1332,119.0,0.13319,960.0,0.13354,116.0,0.13356,119.0
1753547055320,16:24:15.320,AERGO/USDT:USDT,0.1332,119.0,0.13319,960.0,0.13356,119.0,0.13361,960.0
1753547055656,16:24:15.656,AERGO/USDT:USDT,0.1332,119.0,0.13319,960.0,0.13356,119.0,0.13361,960.0
1753547055667,16:24:15.667,AERGO/USDT:USDT,0.1332,119.0,0.13319,960.0,0.13356,119.0,0.13367,116.0
1753547056982,16:24:16.982,AERGO/USDT:USDT,0.1332,119.0,0.13319,960.0,0.13366,29.0,0.13367,116.0
1753547056993,16:24:16.993,AERGO/USDT:USDT,0.1332,119.0,0.13319,960.0,0.13366,29.0,0.13367,116.0
1753547057022,16:24:17.022,AERGO/USDT:USDT,0.1332,119.0,0.13319,960.0,0.13365,116.0,0.13366,989.0
1753547057119,16:24:17.119,AERGO/USDT:USDT,0.1332,119.0,0.13319,960.0,0.13365,116.0,0.13366,989.0
1753547057139,16:24:17.139,AERGO/USDT:USDT,0.1332,119.0,0.13319,960.0,0.13365,116.0,0.13366,989.0
1753547057176,16:24:17.176,AERGO/USDT:USDT,0.1332,119.0,0.13319,960.0,0.13365,116.0,0.13366,989.0
1753547058446,16:24:18.446,AERGO/USDT:USDT,0.1332,119.0,0.13319,960.0,0.13364,1920.0,0.13365,116.0
1753547058459,16:24:18.459,AERGO/USDT:USDT,0.1332,119.0,0.13319,960.0,0.13363,116.0,0.13364,1920.0
1753547058485,16:24:18.485,AERGO/USDT:USDT,0.1332,119.0,0.13319,960.0,0.13362,116.0,0.13363,960.0
1753547058570,16:24:18.570,AERGO/USDT:USDT,0.1332,119.0,0.13319,960.0,0.13362,116.0,0.13365,116.0
1753547058583,16:24:18.583,AERGO/USDT:USDT,0.1332,119.0,0.13319,960.0,0.13362,116.0,0.13365,116.0
1753547058629,16:24:18.629,AERGO/USDT:USDT,0.1332,119.0,0.13319,960.0,0.13365,1076.0,0.13366,989.0
1753547058639,16:24:18.639,AERGO/USDT:USDT,0.1332,119.0,0.13319,960.0,0.13365,116.0,0.13366,989.0
1753547058743,16:24:18.743,AERGO/USDT:USDT,0.1332,119.0,0.13319,960.0,0.13364,116.0,0.13366,29.0
1753547058762,16:24:18.762,AERGO/USDT:USDT,0.1332,119.0,0.13319,960.0,0.13364,116.0,0.13366,29.0
1753547058813,16:24:18.813,AERGO/USDT:USDT,0.1332,119.0,0.13319,960.0,0.13364,116.0,0.13366,989.0
1753547058887,16:24:18.887,AERGO/USDT:USDT,0.1332,119.0,0.13319,960.0,0.13364,116.0,0.13366,989.0
1753547058908,16:24:18.908,AERGO/USDT:USDT,0.1332,119.0,0.13319,960.0,0.13364,116.0,0.13366,989.0
1753547060204,16:24:20.204,AERGO/USDT:USDT,0.1332,119.0,0.13319,960.0,0.13364,116.0,0.13366,989.0
1753547060226,16:24:20.226,AERGO/USDT:USDT,0.1332,119.0,0.13319,960.0,0.13364,116.0,0.13366,29.0
1753547060288,16:24:20.288,AERGO/USDT:USDT,0.1332,119.0,0.13319,960.0,0.13364,116.0,0.13366,29.0
1753547060478,16:24:20.478,AERGO/USDT:USDT,0.1332,119.0,0.13319,960.0,0.13363,1844.0,0.13364,116.0
1753547060498,16:24:20.498,AERGO/USDT:USDT,0.1332,119.0,0.13319,960.0,0.13362,1076.0,0.13363,1844.0
1753547060548,16:24:20.548,AERGO/USDT:USDT,0.1332,119.0,0.13319,960.0,0.13361,116.0,0.13362,960.0
1753547060605,16:24:20.605,AERGO/USDT:USDT,0.1332,119.0,0.13319,960.0,0.13361,116.0,0.13362,960.0
1753547060616,16:24:20.616,AERGO/USDT:USDT,0.1332,119.0,0.13319,960.0,0.13361,116.0,0.13364,116.0
1753547060667,16:24:20.667,AERGO/USDT:USDT,0.1332,119.0,0.13319,960.0,0.13364,116.0,0.13376,118.0
1753547060680,16:24:20.680,AERGO/USDT:USDT,0.1332,119.0,0.13319,960.0,0.13376,118.0,0.1338,737.0
1753547060718,16:24:20.718,AERGO/USDT:USDT,0.1332,119.0,0.13319,960.0,0.13374,2329.0,0.13375,960.0
1753547060744,16:24:20.744,AERGO/USDT:USDT,0.1332,119.0,0.13319,960.0,0.13373,997.0,0.13374,2213.0
1753547060766,16:24:20.766,AERGO/USDT:USDT,0.1332,119.0,0.13319,960.0,0.13372,116.0,0.13373,960.0
1753547060809,16:24:20.809,AERGO/USDT:USDT,0.1332,119.0,0.13319,960.0,0.1337,116.0,0.13371,37.0
1753547060829,16:24:20.829,AERGO/USDT:USDT,0.1332,119.0,0.13319,960.0,0.1337,116.0,0.13372,116.0
1753547060856,16:24:20.856,AERGO/USDT:USDT,0.1332,119.0,0.13319,960.0,0.13369,37.0,0.1337,116.0
1753547060977,16:24:20.977,AERGO/USDT:USDT,0.1332,119.0,0.13319,960.0,0.13368,116.0,0.13369,37.0
1753547061098,16:24:21.098,AERGO/USDT:USDT,0.1332,119.0,0.13319,960.0,0.13368,116.0,0.13369,997.0
1753547062207,16:24:22.207,AERGO/USDT:USDT,0.1332,119.0,0.13319,960.0,0.13367,2065.0,0.13368,116.0
1753547062252,16:24:22.252,AERGO/USDT:USDT,0.1332,119.0,0.13319,960.0,0.13366,116.0,0.13367,2065.0
1753547062266,16:24:22.266,AERGO/USDT:USDT,0.1332,119.0,0.13319,960.0,0.13365,116.0,0.13366,960.0
1753547062359,16:24:22.359,AERGO/USDT:USDT,0.1332,119.0,0.13319,960.0,0.13365,116.0,0.13366,960.0
1753547062498,16:24:22.498,AERGO/USDT:USDT,0.1332,119.0,0.13319,960.0,0.13365,116.0,0.13366,960.0
1753547062536,16:24:22.536,AERGO/USDT:USDT,0.1332,119.0,0.13319,960.0,0.13365,116.0,0.13366,960.0
1753547062547,16:24:22.547,AERGO/USDT:USDT,0.1332,119.0,0.13319,960.0,0.13365,116.0,0.13368,116.0
1753547062573,16:24:22.573,AERGO/USDT:USDT,0.1332,119.0,0.13319,960.0,0.13371,37.0,0.13372,116.0
1753547062608,16:24:22.608,AERGO/USDT:USDT,0.1332,119.0,0.13319,960.0,0.1337,116.0,0.13371,997.0
1753547062634,16:24:22.634,AERGO/USDT:USDT,0.1332,119.0,0.13319,960.0,0.13368,116.0,0.13369,2213.0
1753547062659,16:24:22.659,AERGO/USDT:USDT,0.1332,119.0,0.13319,960.0,0.13368,116.0,0.13369,37.0
1753547062717,16:24:22.717,AERGO/USDT:USDT,0.1332,119.0,0.13319,960.0,0.13368,116.0,0.13369,37.0
1753547063432,16:24:23.432,AERGO/USDT:USDT,0.1332,119.0,0.13319,960.0,0.13367,2069.0,0.13368,116.0
1753547063445,16:24:23.445,AERGO/USDT:USDT,0.1332,119.0,0.13319,960.0,0.13366,960.0,0.13367,2069.0
1753547063477,16:24:23.477,AERGO/USDT:USDT,0.1332,119.0,0.13319,960.0,0.13365,116.0,0.13366,960.0
1753547063551,16:24:23.551,AERGO/USDT:USDT,0.1332,119.0,0.13319,960.0,0.13365,116.0,0.13366,960.0
1753547064127,16:24:24.127,AERGO/USDT:USDT,0.1332,119.0,0.13319,960.0,0.13364,33.0,0.13365,116.0
1753547064160,16:24:24.160,AERGO/USDT:USDT,0.1332,119.0,0.13319,960.0,0.13363,116.0,0.13364,993.0
1753547064269,16:24:24.269,AERGO/USDT:USDT,0.1332,119.0,0.13319,960.0,0.13363,116.0,0.13364,993.0
1753547064805,16:24:24.805,AERGO/USDT:USDT,0.1332,119.0,0.13319,960.0,0.13363,116.0,0.13364,993.0
1753547064817,16:24:24.817,AERGO/USDT:USDT,0.1332,119.0,0.13319,960.0,0.13363,116.0,0.13364,33.0
1753547066528,16:24:26.528,AERGO/USDT:USDT,0.1332,119.0,0.13319,960.0,0.13363,116.0,0.13364,33.0
1753547067115,16:24:27.115,AERGO/USDT:USDT,0.1332,119.0,0.13319,960.0,0.13363,116.0,0.13364,33.0
1753547067126,16:24:27.126,AERGO/USDT:USDT,0.1332,119.0,0.13319,960.0,0.13363,116.0,0.13364,33.0
1753547067692,16:24:27.692,AERGO/USDT:USDT,0.1332,119.0,0.13319,960.0,0.13363,116.0,0.13368,116.0
1753547067703,16:24:27.703,AERGO/USDT:USDT,0.1332,119.0,0.13319,960.0,0.13368,116.0,0.13371,997.0
1753547067735,16:24:27.735,AERGO/USDT:USDT,0.1332,119.0,0.13319,960.0,0.13368,116.0,0.13372,116.0
1753547067755,16:24:27.755,AERGO/USDT:USDT,0.1332,119.0,0.13319,960.0,0.13364,960.0,0.13365,621.0
1753547067788,16:24:27.788,AERGO/USDT:USDT,0.1332,119.0,0.13319,960.0,0.13363,119.0,0.13364,960.0
1753547067821,16:24:27.821,AERGO/USDT:USDT,0.1332,119.0,0.13319,960.0,0.13361,119.0,0.13362,960.0
1753547067917,16:24:27.917,AERGO/USDT:USDT,0.1332,119.0,0.13319,960.0,0.13361,119.0,0.13362,960.0
1753547069455,16:24:29.455,AERGO/USDT:USDT,0.1332,119.0,0.13319,960.0,0.13361,119.0,0.13362,960.0
1753547069476,16:24:29.476,AERGO/USDT:USDT,0.1332,119.0,0.13319,960.0,0.13361,119.0,0.13362,960.0
1753547069496,16:24:29.496,AERGO/USDT:USDT,0.1332,119.0,0.13319,960.0,0.13361,119.0,0.13363,119.0
1753547069528,16:24:29.528,AERGO/USDT:USDT,0.1332,119.0,0.13319,960.0,0.13363,119.0,0.13364,960.0
1753547071765,16:24:31.765,AERGO/USDT:USDT,0.1332,119.0,0.13319,960.0,0.13363,119.0,0.13364,960.0
1753547071776,16:24:31.776,AERGO/USDT:USDT,0.1332,119.0,0.13319,960.0,0.13363,119.0,0.13373,37.0
1753547071816,16:24:31.816,AERGO/USDT:USDT,0.1332,119.0,0.13319,960.0,0.13363,119.0,0.13375,997.0
1753547071837,16:24:31.837,AERGO/USDT:USDT,0.1332,119.0,0.13319,960.0,0.13363,119.0,0.13375,960.0
1753547071875,16:24:31.875,AERGO/USDT:USDT,0.1332,119.0,0.13319,960.0,0.13363,119.0,0.13374,37.0
1753547071903,16:24:31.903,AERGO/USDT:USDT,0.1332,119.0,0.13319,960.0,0.13363,119.0,0.13375,960.0
1753547071925,16:24:31.925,AERGO/USDT:USDT,0.1332,119.0,0.13319,960.0,0.13363,119.0,0.13374,37.0
1753547073847,16:24:33.847,AERGO/USDT:USDT,0.1332,119.0,0.13319,960.0,0.13362,1842.0,0.13363,119.0
1753547073877,16:24:33.877,AERGO/USDT:USDT,0.1332,119.0,0.13319,960.0,0.13361,960.0,0.13362,1842.0
1753547073949,16:24:33.949,AERGO/USDT:USDT,0.1332,119.0,0.13319,960.0,0.1336,119.0,0.13361,960.0
1753547073967,16:24:33.967,AERGO/USDT:USDT,0.1332,119.0,0.13319,960.0,0.1336,119.0,0.13363,119.0
1753547074038,16:24:34.038,AERGO/USDT:USDT,0.1332,119.0,0.13319,960.0,0.13363,119.0,0.13366,960.0
1753547074063,16:24:34.063,AERGO/USDT:USDT,0.1332,119.0,0.13319,960.0,0.13363,119.0,0.13366,960.0
1753547074100,16:24:34.100,AERGO/USDT:USDT,0.1332,119.0,0.13319,960.0,0.13363,119.0,0.13366,960.0
1753547074119,16:24:34.119,AERGO/USDT:USDT,0.1332,119.0,0.13319,960.0,0.13363,119.0,0.13366,960.0
1753547074148,16:24:34.148,AERGO/USDT:USDT,0.1332,119.0,0.13319,960.0,0.13363,119.0,0.13366,960.0
1753547074198,16:24:34.198,AERGO/USDT:USDT,0.1332,119.0,0.13319,960.0,0.13363,119.0,0.13366,960.0
1753547074218,16:24:34.218,AERGO/USDT:USDT,0.1332,119.0,0.13319,960.0,0.13363,119.0,0.13366,960.0
1753547074256,16:24:34.256,AERGO/USDT:USDT,0.1332,119.0,0.13319,960.0,0.13363,119.0,0.13366,960.0
1753547074681,16:24:34.681,AERGO/USDT:USDT,0.13335,41.0,0.1332,119.0,0.13363,119.0,0.13366,960.0
1753547074690,16:24:34.690,AERGO/USDT:USDT,0.1332,119.0,0.13319,960.0,0.13363,119.0,0.13366,960.0
1753547074717,16:24:34.717,AERGO/USDT:USDT,0.1332,1079.0,0.13319,960.0,0.13363,119.0,0.13366,960.0
1753547074761,16:24:34.761,AERGO/USDT:USDT,0.13321,117.0,0.13319,960.0,0.1336,621.0,0.13363,119.0
1753547074786,16:24:34.786,AERGO/USDT:USDT,0.13321,117.0,0.13319,960.0,0.13359,960.0,0.1336,621.0
1753547074819,16:24:34.819,AERGO/USDT:USDT,0.13321,117.0,0.13319,960.0,0.13358,117.0,0.13359,960.0
1753547074851,16:24:34.851,AERGO/USDT:USDT,0.13321,117.0,0.13318,119.0,0.13358,117.0,0.13359,960.0
1753547074867,16:24:34.867,AERGO/USDT:USDT,0.13321,117.0,0.13318,119.0,0.13358,117.0,0.13359,960.0
1753547074914,16:24:34.914,AERGO/USDT:USDT,0.13321,117.0,0.13318,119.0,0.13358,117.0,0.13359,960.0
1753547074937,16:24:34.937,AERGO/USDT:USDT,0.13321,117.0,0.13318,119.0,0.13358,117.0,0.13359,960.0
1753547074960,16:24:34.960,AERGO/USDT:USDT,0.13318,119.0,0.13305,37.0,0.13358,117.0,0.13359,960.0
1753547075016,16:24:35.016,AERGO/USDT:USDT,0.13318,119.0,0.13305,37.0,0.13358,117.0,0.13359,960.0
1753547075052,16:24:35.052,AERGO/USDT:USDT,0.13318,119.0,0.13305,37.0,0.13358,117.0,0.13359,960.0
1753547075102,16:24:35.102,AERGO/USDT:USDT,0.13318,119.0,0.13306,37.0,0.13358,117.0,0.13359,960.0
1753547075113,16:24:35.113,AERGO/USDT:USDT,0.13318,119.0,0.13306,37.0,0.13358,117.0,0.13363,119.0
1753547075136,16:24:35.136,AERGO/USDT:USDT,0.13318,119.0,0.13299,960.0,0.13366,960.0,0.13367,119.0
1753547075214,16:24:35.214,AERGO/USDT:USDT,0.13318,119.0,0.133,37.0,0.13365,117.0,0.13366,960.0
1753547076335,16:24:36.335,AERGO/USDT:USDT,0.13318,119.0,0.133,37.0,0.13365,117.0,0.13366,960.0
1753547076365,16:24:36.365,AERGO/USDT:USDT,0.13318,119.0,0.133,37.0,0.13365,117.0,0.13367,119.0
1753547076419,16:24:36.419,AERGO/USDT:USDT,0.13318,119.0,0.13301,37.0,0.13367,119.0,0.13378,960.0
1753547076426,16:24:36.426,AERGO/USDT:USDT,0.13318,119.0,0.13301,37.0,0.13367,119.0,0.13377,37.0
1753547076472,16:24:36.472,AERGO/USDT:USDT,0.13318,119.0,0.13302,37.0,0.13367,119.0,0.13377,37.0
1753547076493,16:24:36.493,AERGO/USDT:USDT,0.13318,119.0,0.13297,960.0,0.13367,119.0,0.13377,37.0
1753547076535,16:24:36.535,AERGO/USDT:USDT,0.13318,119.0,0.13298,37.0,0.13367,119.0,0.13377,37.0
1753547078260,16:24:38.260,AERGO/USDT:USDT,0.13319,52.0,0.13318,119.0,0.13367,119.0,0.13377,37.0
1753547078296,16:24:38.296,AERGO/USDT:USDT,0.1332,117.0,0.13319,1012.0,0.13367,119.0,0.13377,37.0
1753547078319,16:24:38.319,AERGO/USDT:USDT,0.1332,117.0,0.13319,1012.0,0.13367,119.0,0.13383,960.0
1753547078370,16:24:38.370,AERGO/USDT:USDT,0.1332,117.0,0.13319,1012.0,0.13367,119.0,0.13382,37.0
1753547078378,16:24:38.378,AERGO/USDT:USDT,0.1332,117.0,0.13319,1012.0,0.13366,33.0,0.13367,119.0
1753547078420,16:24:38.420,AERGO/USDT:USDT,0.1332,117.0,0.13319,1012.0,0.13365,117.0,0.13366,993.0
1753547078441,16:24:38.441,AERGO/USDT:USDT,0.1332,117.0,0.13319,1012.0,0.13365,117.0,0.13366,993.0
1753547078484,16:24:38.484,AERGO/USDT:USDT,0.1332,117.0,0.13319,1012.0,0.13365,117.0,0.13366,993.0
1753547078496,16:24:38.496,AERGO/USDT:USDT,0.1332,117.0,0.13319,1012.0,0.13364,1845.0,0.13365,117.0
1753547078527,16:24:38.527,AERGO/USDT:USDT,0.1332,117.0,0.13319,1012.0,0.13363,117.0,0.13364,1845.0
1753547078575,16:24:38.575,AERGO/USDT:USDT,0.1332,117.0,0.13319,1012.0,0.13363,117.0,0.13365,117.0
1753547078590,16:24:38.590,AERGO/USDT:USDT,0.1332,117.0,0.13319,1012.0,0.13363,117.0,0.13365,1077.0
1753547078626,16:24:38.626,AERGO/USDT:USDT,0.1332,117.0,0.13319,1012.0,0.13363,117.0,0.13365,1077.0
1753547078645,16:24:38.645,AERGO/USDT:USDT,0.1332,117.0,0.13319,1012.0,0.13363,117.0,0.13365,1077.0
1753547078674,16:24:38.674,AERGO/USDT:USDT,0.1332,117.0,0.13319,1012.0,0.13363,117.0,0.13365,1077.0
1753547078704,16:24:38.704,AERGO/USDT:USDT,0.1332,117.0,0.13319,1049.0,0.13363,117.0,0.13365,1077.0
1753547079624,16:24:39.624,AERGO/USDT:USDT,0.1332,117.0,0.13319,1049.0,0.13363,117.0,0.13365,117.0
1753547079636,16:24:39.636,AERGO/USDT:USDT,0.1332,117.0,0.13319,1049.0,0.13365,117.0,0.13366,33.0
1753547079693,16:24:39.693,AERGO/USDT:USDT,0.1332,117.0,0.13319,1049.0,0.13365,117.0,0.13366,33.0
1753547080930,16:24:40.930,AERGO/USDT:USDT,0.1332,117.0,0.13319,1049.0,0.13365,117.0,0.13366,33.0
1753547081052,16:24:41.052,AERGO/USDT:USDT,0.1332,117.0,0.13319,1049.0,0.13365,117.0,0.13366,33.0
1753547081077,16:24:41.077,AERGO/USDT:USDT,0.1332,117.0,0.13319,1049.0,0.13365,117.0,0.13366,33.0
1753547081113,16:24:41.113,AERGO/USDT:USDT,0.1332,117.0,0.13319,1049.0,0.13365,117.0,0.13366,33.0
1753547081239,16:24:41.239,AERGO/USDT:USDT,0.1332,117.0,0.13319,1049.0,0.13365,117.0,0.13366,33.0
1753547081259,16:24:41.259,AERGO/USDT:USDT,0.1332,117.0,0.13319,1049.0,0.13365,117.0,0.13366,33.0
1753547081297,16:24:41.297,AERGO/USDT:USDT,0.1332,117.0,0.13319,1049.0,0.13365,117.0,0.13366,33.0
1753547081824,16:24:41.824,AERGO/USDT:USDT,0.1332,117.0,0.13319,997.0,0.13365,117.0,0.13366,33.0
1753547081942,16:24:41.942,AERGO/USDT:USDT,0.1332,117.0,0.13319,997.0,0.13365,117.0,0.13368,960.0
1753547083697,16:24:43.697,AERGO/USDT:USDT,0.1332,117.0,0.13319,997.0,0.13364,2213.0,0.13365,117.0
1753547083728,16:24:43.728,AERGO/USDT:USDT,0.1332,117.0,0.13319,997.0,0.13363,960.0,0.13364,2213.0
1753547083819,16:24:43.819,AERGO/USDT:USDT,0.1332,117.0,0.13319,997.0,0.13362,117.0,0.13363,960.0
1753547085522,16:24:45.522,AERGO/USDT:USDT,0.1332,117.0,0.13319,997.0,0.13361,52.0,0.13362,117.0
1753547085545,16:24:45.545,AERGO/USDT:USDT,0.1332,117.0,0.13319,997.0,0.1336,118.0,0.13361,52.0
1753547085658,16:24:45.658,AERGO/USDT:USDT,0.1332,117.0,0.13319,997.0,0.1336,118.0,0.13361,1012.0
1753547086734,16:24:46.734,AERGO/USDT:USDT,0.1332,117.0,0.13319,997.0,0.13359,2213.0,0.1336,118.0
1753547086747,16:24:46.747,AERGO/USDT:USDT,0.1332,117.0,0.13319,997.0,0.13358,118.0,0.13359,2213.0
1753547086776,16:24:46.776,AERGO/USDT:USDT,0.1332,117.0,0.13319,997.0,0.13357,118.0,0.13358,960.0
1753547086854,16:24:46.854,AERGO/USDT:USDT,0.1332,117.0,0.13319,997.0,0.13357,118.0,0.1336,118.0
1753547086870,16:24:46.870,AERGO/USDT:USDT,0.1332,117.0,0.13319,997.0,0.13357,118.0,0.1336,118.0
1753547086918,16:24:46.918,AERGO/USDT:USDT,0.1332,117.0,0.13319,997.0,0.1336,1078.0,0.13361,1012.0
1753547086928,16:24:46.928,AERGO/USDT:USDT,0.1332,117.0,0.13319,997.0,0.1336,118.0,0.13361,1012.0
1753547086985,16:24:46.985,AERGO/USDT:USDT,0.1332,117.0,0.13319,997.0,0.13359,118.0,0.13361,1012.0
1753547087041,16:24:47.041,AERGO/USDT:USDT,0.1332,117.0,0.13319,997.0,0.13359,118.0,0.13361,52.0
1753547087060,16:24:47.060,AERGO/USDT:USDT,0.1332,117.0,0.13319,997.0,0.13359,118.0,0.13361,52.0
1753547087100,16:24:47.100,AERGO/USDT:USDT,0.1332,117.0,0.13319,997.0,0.13359,118.0,0.13361,52.0
1753547087113,16:24:47.113,AERGO/USDT:USDT,0.1332,117.0,0.13319,997.0,0.13359,118.0,0.13361,1012.0
1753547087219,16:24:47.219,AERGO/USDT:USDT,0.1332,117.0,0.13319,997.0,0.13359,118.0,0.13361,1012.0
1753547087688,16:24:47.688,AERGO/USDT:USDT,0.1332,117.0,0.13319,997.0,0.13359,118.0,0.13361,1012.0
1753547087714,16:24:47.714,AERGO/USDT:USDT,0.1332,117.0,0.13319,997.0,0.13359,118.0,0.13361,52.0
1753547088111,16:24:48.111,AERGO/USDT:USDT,0.1332,117.0,0.13319,997.0,0.13358,1565.0,0.13359,118.0
1753547088124,16:24:48.124,AERGO/USDT:USDT,0.1332,117.0,0.13319,997.0,0.13357,118.0,0.13358,1565.0
1753547088234,16:24:48.234,AERGO/USDT:USDT,0.1332,117.0,0.13319,997.0,0.13356,118.0,0.13357,960.0
1753547089095,16:24:49.095,AERGO/USDT:USDT,0.1332,117.0,0.13319,997.0,0.13356,118.0,0.13357,960.0
1753547089121,16:24:49.121,AERGO/USDT:USDT,0.1332,117.0,0.13319,997.0,0.13356,118.0,0.13359,118.0
1753547089940,16:24:49.940,AERGO/USDT:USDT,0.1332,117.0,0.13319,997.0,0.13359,118.0,0.13364,960.0
1753547089951,16:24:49.951,AERGO/USDT:USDT,0.1332,117.0,0.13319,997.0,0.13359,118.0,0.13369,117.0
1753547089965,16:24:49.965,AERGO/USDT:USDT,0.1332,117.0,0.13319,997.0,0.13359,118.0,0.13369,117.0
1753547089985,16:24:49.985,AERGO/USDT:USDT,0.1332,117.0,0.13319,997.0,0.13369,117.0,0.13382,960.0
1753547090019,16:24:50.019,AERGO/USDT:USDT,0.1332,117.0,0.13319,997.0,0.13369,117.0,0.13381,37.0
1753547090298,16:24:50.298,AERGO/USDT:USDT,0.1332,117.0,0.13319,960.0,0.13369,117.0,0.13381,37.0
1753547090319,16:24:50.319,AERGO/USDT:USDT,0.1332,117.0,0.13319,960.0,0.13369,117.0,0.13384,116.0
1753547090354,16:24:50.354,AERGO/USDT:USDT,0.1332,117.0,0.13319,960.0,0.13383,960.0,0.13384,116.0
1753547090398,16:24:50.398,AERGO/USDT:USDT,0.1332,117.0,0.13319,997.0,0.13382,118.0,0.13383,960.0
1753547090409,16:24:50.409,AERGO/USDT:USDT,0.1332,117.0,0.13319,997.0,0.13381,37.0,0.13382,118.0
1753547090460,16:24:50.460,AERGO/USDT:USDT,0.1332,117.0,0.13319,997.0,0.1338,118.0,0.13382,118.0
1753547090502,16:24:50.502,AERGO/USDT:USDT,0.1332,117.0,0.13319,997.0,0.13379,37.0,0.1338,118.0
1753547090529,16:24:50.529,AERGO/USDT:USDT,0.1332,117.0,0.13319,997.0,0.13378,118.0,0.13379,997.0
1753547090578,16:24:50.578,AERGO/USDT:USDT,0.1332,117.0,0.13319,997.0,0.13377,37.0,0.13378,118.0
1753547090592,16:24:50.592,AERGO/USDT:USDT,0.1332,117.0,0.13319,997.0,0.13376,118.0,0.13377,37.0
1753547090672,16:24:50.672,AERGO/USDT:USDT,0.1332,117.0,0.13319,997.0,0.13376,118.0,0.13378,118.0
1753547090673,16:24:50.673,AERGO/USDT:USDT,0.1332,117.0,0.13319,997.0,0.13375,2213.0,0.13376,118.0
1753547090690,16:24:50.690,AERGO/USDT:USDT,0.1332,117.0,0.13319,997.0,0.13374,118.0,0.13376,118.0
1753547090742,16:24:50.742,AERGO/USDT:USDT,0.1332,117.0,0.13319,997.0,0.13374,118.0,0.13375,37.0
1753547090797,16:24:50.797,AERGO/USDT:USDT,0.1332,117.0,0.13319,997.0,0.13373,37.0,0.13374,118.0
1753547090837,16:24:50.837,AERGO/USDT:USDT,0.1332,117.0,0.13319,997.0,0.13372,118.0,0.13374,118.0
1753547090874,16:24:50.874,AERGO/USDT:USDT,0.1332,117.0,0.13319,997.0,0.13371,37.0,0.13372,118.0
1753547090889,16:24:50.889,AERGO/USDT:USDT,0.1332,117.0,0.13319,997.0,0.1337,118.0,0.13371,37.0
1753547090923,16:24:50.923,AERGO/USDT:USDT,0.1332,117.0,0.13319,997.0,0.1337,118.0,0.13371,37.0
1753547092179,16:24:52.179,AERGO/USDT:USDT,0.1332,117.0,0.13319,997.0,0.1337,118.0,0.13371,37.0
1753547092238,16:24:52.238,AERGO/USDT:USDT,0.1332,117.0,0.13319,997.0,0.1337,118.0,0.13373,997.0
1753547092299,16:24:52.299,AERGO/USDT:USDT,0.1332,117.0,0.13319,997.0,0.1337,118.0,0.13372,37.0
1753547092462,16:24:52.462,AERGO/USDT:USDT,0.1332,117.0,0.13319,997.0,0.1337,118.0,0.13372,37.0
1753547092489,16:24:52.489,AERGO/USDT:USDT,0.1332,117.0,0.13319,997.0,0.1337,739.0,0.13372,37.0
1753547092527,16:24:52.527,AERGO/USDT:USDT,0.1332,117.0,0.13319,997.0,0.13369,118.0,0.1337,621.0
1753547092538,16:24:52.538,AERGO/USDT:USDT,0.1332,117.0,0.13319,997.0,0.13369,1078.0,0.1337,621.0
1753547092646,16:24:52.646,AERGO/USDT:USDT,0.1332,117.0,0.13319,997.0,0.13368,118.0,0.13369,960.0
1753547092670,16:24:52.670,AERGO/USDT:USDT,0.1332,117.0,0.13319,997.0,0.13368,118.0,0.13369,960.0
1753547092692,16:24:52.692,AERGO/USDT:USDT,0.1332,117.0,0.13319,997.0,0.13366,118.0,0.13367,52.0
1753547092813,16:24:52.813,AERGO/USDT:USDT,0.1332,117.0,0.13319,997.0,0.13366,118.0,0.13367,1012.0
1753547094467,16:24:54.467,AERGO/USDT:USDT,0.1332,117.0,0.13319,997.0,0.13366,118.0,0.13367,1012.0
1753547096239,16:24:56.239,AERGO/USDT:USDT,0.1332,117.0,0.13319,997.0,0.13366,118.0,0.13367,960.0
1753547096762,16:24:56.762,AERGO/USDT:USDT,0.1332,117.0,0.13319,997.0,0.13366,118.0,0.13367,960.0
1753547099097,16:24:59.097,AERGO/USDT:USDT,0.1332,117.0,0.13319,997.0,0.13366,118.0,0.13367,960.0
1753547100222,16:25:00.222,AERGO/USDT:USDT,0.1332,117.0,0.13319,960.0,0.13366,118.0,0.13367,960.0
1753547100437,16:25:00.437,AERGO/USDT:USDT,0.1332,117.0,0.13319,997.0,0.13366,118.0,0.13367,960.0
1753547100460,16:25:00.460,AERGO/USDT:USDT,0.1332,117.0,0.13319,997.0,0.13366,118.0,0.13367,960.0
1753547100499,16:25:00.499,AERGO/USDT:USDT,0.1332,117.0,0.13319,997.0,0.13366,118.0,0.13367,960.0
1753547101336,16:25:01.336,AERGO/USDT:USDT,0.1332,117.0,0.13319,997.0,0.13366,118.0,0.13367,960.0
1753547105610,16:25:05.610,AERGO/USDT:USDT,0.1332,117.0,0.13319,997.0,0.13366,118.0,0.13367,960.0
1753547105650,16:25:05.650,AERGO/USDT:USDT,0.1332,117.0,0.13319,997.0,0.13366,118.0,0.13367,960.0
1753547105683,16:25:05.683,AERGO/USDT:USDT,0.1332,117.0,0.13319,997.0,0.13366,118.0,0.13367,960.0
1753547106785,16:25:06.785,AERGO/USDT:USDT,0.13321,4.0,0.1332,117.0,0.13366,118.0,0.13367,960.0
1753547106827,16:25:06.827,AERGO/USDT:USDT,0.13322,117.0,0.13321,4.0,0.13366,118.0,0.13367,960.0
1753547106933,16:25:06.933,AERGO/USDT:USDT,0.13322,117.0,0.13321,4.0,0.13366,118.0,0.13367,960.0
1753547107016,16:25:07.016,AERGO/USDT:USDT,0.13322,117.0,0.13321,4.0,0.13365,43.0,0.13366,118.0
1753547107017,16:25:07.017,AERGO/USDT:USDT,0.13322,117.0,0.13321,4.0,0.13364,117.0,0.13365,1003.0
1753547107079,16:25:07.079,AERGO/USDT:USDT,0.13322,117.0,0.13321,4.0,0.13364,117.0,0.13365,1003.0
1753547107098,16:25:07.098,AERGO/USDT:USDT,0.13322,117.0,0.13321,4.0,0.13364,117.0,0.13365,1003.0
1753547107138,16:25:07.138,AERGO/USDT:USDT,0.13322,117.0,0.13321,4.0,0.13364,117.0,0.13365,1003.0
1753547107993,16:25:07.993,AERGO/USDT:USDT,0.13322,117.0,0.13321,4.0,0.13364,117.0,0.13365,1003.0
1753547108021,16:25:08.021,AERGO/USDT:USDT,0.13322,117.0,0.13321,4.0,0.13364,117.0,0.13365,43.0
1753547108279,16:25:08.279,AERGO/USDT:USDT,0.13322,117.0,0.13321,4.0,0.13363,2213.0,0.13364,117.0
1753547108306,16:25:08.306,AERGO/USDT:USDT,0.13322,117.0,0.13321,4.0,0.13362,117.0,0.13363,2213.0
1753547108320,16:25:08.320,AERGO/USDT:USDT,0.13322,117.0,0.13321,4.0,0.13361,117.0,0.13362,960.0
1753547108399,16:25:08.399,AERGO/USDT:USDT,0.13322,117.0,0.13321,4.0,0.13361,117.0,0.13364,117.0
1753547108466,16:25:08.466,AERGO/USDT:USDT,0.13322,117.0,0.13321,4.0,0.13364,117.0,0.13365,43.0
1753547108783,16:25:08.783,AERGO/USDT:USDT,0.13322,117.0,0.13321,4.0,0.13364,117.0,0.13365,43.0
1753547108796,16:25:08.796,AERGO/USDT:USDT,0.13322,117.0,0.13321,4.0,0.13364,117.0,0.13365,43.0
1753547109528,16:25:09.528,AERGO/USDT:USDT,0.13322,117.0,0.13321,4.0,0.13364,117.0,0.13365,43.0
1753547109547,16:25:09.547,AERGO/USDT:USDT,0.13322,117.0,0.13321,4.0,0.13364,117.0,0.13365,43.0
1753547109881,16:25:09.881,AERGO/USDT:USDT,0.13322,117.0,0.13321,4.0,0.13363,2213.0,0.13364,117.0
1753547109908,16:25:09.908,AERGO/USDT:USDT,0.13322,117.0,0.13321,4.0,0.13362,1077.0,0.13363,2213.0
1753547109942,16:25:09.942,AERGO/USDT:USDT,0.13322,117.0,0.13321,4.0,0.13361,117.0,0.13362,960.0
1753547109998,16:25:09.998,AERGO/USDT:USDT,0.13322,117.0,0.13321,4.0,0.13361,117.0,0.13364,117.0
1753547110026,16:25:10.026,AERGO/USDT:USDT,0.13322,117.0,0.13321,4.0,0.13361,117.0,0.13364,117.0
1753547110081,16:25:10.081,AERGO/USDT:USDT,0.13322,117.0,0.13321,4.0,0.13364,1077.0,0.13365,43.0
1753547110109,16:25:10.109,AERGO/USDT:USDT,0.13322,117.0,0.13321,4.0,0.13364,117.0,0.13365,43.0
1753547110159,16:25:10.159,AERGO/USDT:USDT,0.13322,117.0,0.13321,4.0,0.13363,117.0,0.13365,43.0
1753547110179,16:25:10.179,AERGO/USDT:USDT,0.13322,117.0,0.13321,4.0,0.13363,117.0,0.13365,43.0
1753547110213,16:25:10.213,AERGO/USDT:USDT,0.13322,117.0,0.13321,4.0,0.13363,117.0,0.13365,43.0
1753547110237,16:25:10.237,AERGO/USDT:USDT,0.13322,117.0,0.13321,4.0,0.13363,117.0,0.13365,43.0
1753547110269,16:25:10.269,AERGO/USDT:USDT,0.13322,117.0,0.13321,4.0,0.13363,117.0,0.13365,43.0
1753547110504,16:25:10.504,AERGO/USDT:USDT,0.13322,117.0,0.13321,4.0,0.13363,117.0,0.13367,960.0
1753547116442,16:25:16.442,AERGO/USDT:USDT,0.13322,117.0,0.1332,117.0,0.13363,117.0,0.13368,118.0
1753547116454,16:25:16.454,AERGO/USDT:USDT,0.13322,117.0,0.1332,117.0,0.13368,118.0,0.13369,960.0
1753547116499,16:25:16.499,AERGO/USDT:USDT,0.1332,117.0,0.13319,960.0,0.13368,118.0,0.13369,960.0
1753547116510,16:25:16.510,AERGO/USDT:USDT,0.1332,117.0,0.13318,119.0,0.13368,118.0,0.13369,960.0
1753547116549,16:25:16.549,AERGO/USDT:USDT,0.13318,119.0,0.13299,960.0,0.13368,118.0,0.13369,960.0
1753547116566,16:25:16.566,AERGO/USDT:USDT,0.13318,119.0,0.13299,960.0,0.13368,118.0,0.13369,960.0
1753547116600,16:25:16.600,AERGO/USDT:USDT,0.13318,119.0,0.13299,960.0,0.13367,2210.0,0.13368,118.0
1753547116626,16:25:16.626,AERGO/USDT:USDT,0.13318,119.0,0.133,37.0,0.13365,116.0,0.13366,1076.0
1753547116721,16:25:16.721,AERGO/USDT:USDT,0.13318,119.0,0.133,37.0,0.13365,116.0,0.13366,960.0
1753547117127,16:25:17.127,AERGO/USDT:USDT,0.13318,119.0,0.133,37.0,0.13365,116.0,0.13366,960.0
1753547117137,16:25:17.137,AERGO/USDT:USDT,0.13318,119.0,0.133,37.0,0.13365,116.0,0.13366,960.0
1753547117179,16:25:17.179,AERGO/USDT:USDT,0.13318,119.0,0.13295,22.0,0.13365,116.0,0.13368,118.0
1753547117204,16:25:17.204,AERGO/USDT:USDT,0.13318,119.0,0.13295,22.0,0.13368,118.0,0.13369,960.0
1753547117240,16:25:17.240,AERGO/USDT:USDT,0.13318,119.0,0.13296,37.0,0.13368,118.0,0.13369,960.0
1753547119046,16:25:19.046,AERGO/USDT:USDT,0.13318,119.0,0.13296,37.0,0.13368,118.0,0.13373,37.0
1753547119059,16:25:19.059,AERGO/USDT:USDT,0.13318,119.0,0.13296,37.0,0.13367,52.0,0.13368,118.0
1753547119178,16:25:19.178,AERGO/USDT:USDT,0.13318,119.0,0.13296,37.0,0.13366,116.0,0.13367,52.0
1753547119206,16:25:19.206,AERGO/USDT:USDT,0.13318,119.0,0.13296,37.0,0.13366,116.0,0.13367,52.0
1753547119267,16:25:19.267,AERGO/USDT:USDT,0.13318,119.0,0.13296,37.0,0.13366,116.0,0.13367,52.0
1753547119315,16:25:19.315,AERGO/USDT:USDT,0.13318,119.0,0.13296,37.0,0.13366,116.0,0.13367,52.0
1753547119329,16:25:19.329,AERGO/USDT:USDT,0.13318,119.0,0.13296,37.0,0.13366,116.0,0.13367,1012.0
1753547119390,16:25:19.390,AERGO/USDT:USDT,0.13318,119.0,0.13296,37.0,0.13366,116.0,0.13367,1012.0
1753547119437,16:25:19.437,AERGO/USDT:USDT,0.13318,119.0,0.13296,37.0,0.13366,116.0,0.13367,1012.0
1753547121695,16:25:21.695,AERGO/USDT:USDT,0.13318,119.0,0.13296,37.0,0.13366,116.0,0.13367,1012.0
1753547121751,16:25:21.751,AERGO/USDT:USDT,0.13318,119.0,0.13296,37.0,0.13366,116.0,0.13367,1012.0
1753547121776,16:25:21.776,AERGO/USDT:USDT,0.13318,119.0,0.13296,37.0,0.13366,116.0,0.13367,1012.0
1753547121817,16:25:21.817,AERGO/USDT:USDT,0.13318,119.0,0.13296,37.0,0.13366,116.0,0.13367,1012.0
1753547121920,16:25:21.920,AERGO/USDT:USDT,0.13318,119.0,0.13296,37.0,0.13366,116.0,0.13367,960.0
1753547122158,16:25:22.158,AERGO/USDT:USDT,0.13319,33.0,0.13318,119.0,0.13366,116.0,0.13367,960.0
1753547122177,16:25:22.177,AERGO/USDT:USDT,0.1332,116.0,0.13319,33.0,0.13366,116.0,0.13367,960.0
1753547122227,16:25:22.227,AERGO/USDT:USDT,0.1332,116.0,0.13319,993.0,0.13366,116.0,0.13367,960.0
1753547122245,16:25:22.245,AERGO/USDT:USDT,0.1332,116.0,0.13319,993.0,0.13366,116.0,0.13367,960.0
1753547122288,16:25:22.288,AERGO/USDT:USDT,0.1332,116.0,0.13319,993.0,0.13366,116.0,0.13367,960.0
1753547122304,16:25:22.304,AERGO/USDT:USDT,0.1332,116.0,0.13319,993.0,0.13366,116.0,0.13367,960.0
1753547122363,16:25:22.363,AERGO/USDT:USDT,0.1332,116.0,0.13319,993.0,0.13366,116.0,0.13367,960.0
1753547122750,16:25:22.750,AERGO/USDT:USDT,0.1332,116.0,0.13319,993.0,0.1335,41.0,0.13366,116.0
1753547122779,16:25:22.779,AERGO/USDT:USDT,0.1332,116.0,0.13319,993.0,0.13366,1076.0,0.13367,960.0
1753547122805,16:25:22.805,AERGO/USDT:USDT,0.1332,116.0,0.13319,993.0,0.13364,1076.0,0.13365,1943.0
1753547122885,16:25:22.885,AERGO/USDT:USDT,0.1332,116.0,0.13319,993.0,0.13363,116.0,0.13364,960.0
1753547123268,16:25:23.268,AERGO/USDT:USDT,0.1332,116.0,0.13319,993.0,0.13363,116.0,0.13366,116.0
1753547123286,16:25:23.286,AERGO/USDT:USDT,0.1332,116.0,0.13318,119.0,0.13366,116.0,0.13368,118.0
1753547123317,16:25:23.317,AERGO/USDT:USDT,0.13318,119.0,0.13297,37.0,0.13368,118.0,0.13375,960.0
1753547123351,16:25:23.351,AERGO/USDT:USDT,0.13318,119.0,0.13297,37.0,0.13367,37.0,0.13368,118.0
1753547123383,16:25:23.383,AERGO/USDT:USDT,0.13318,119.0,0.13297,37.0,0.13364,615.0,0.13366,116.0
1753547123410,16:25:23.410,AERGO/USDT:USDT,0.13318,119.0,0.13297,37.0,0.13363,116.0,0.13364,615.0
1753547123484,16:25:23.484,AERGO/USDT:USDT,0.13318,119.0,0.13297,37.0,0.13363,116.0,0.13364,615.0
1753547123501,16:25:23.501,AERGO/USDT:USDT,0.13318,119.0,0.13295,22.0,0.13363,116.0,0.13364,615.0
1753547123564,16:25:23.564,AERGO/USDT:USDT,0.13318,119.0,0.13296,37.0,0.13363,116.0,0.13364,615.0
1753547123585,16:25:23.585,AERGO/USDT:USDT,0.13318,119.0,0.13296,37.0,0.13363,116.0,0.13364,615.0
1753547123681,16:25:23.681,AERGO/USDT:USDT,0.13318,119.0,0.13296,37.0,0.13363,116.0,0.13364,615.0
1753547123707,16:25:23.707,AERGO/USDT:USDT,0.13318,119.0,0.13296,37.0,0.13362,116.0,0.13363,1076.0
1753547123802,16:25:23.802,AERGO/USDT:USDT,0.13318,119.0,0.13296,37.0,0.13362,116.0,0.13363,960.0
1753547124062,16:25:24.062,AERGO/USDT:USDT,0.13318,119.0,0.13296,37.0,0.13362,116.0,0.13363,960.0
1753547124083,16:25:24.083,AERGO/USDT:USDT,0.13318,119.0,0.13296,37.0,0.13362,116.0,0.13363,960.0
1753547124124,16:25:24.124,AERGO/USDT:USDT,0.13318,119.0,0.13296,37.0,0.13362,116.0,0.13363,960.0
1753547124799,16:25:24.799,AERGO/USDT:USDT,0.13318,119.0,0.13296,37.0,0.13361,12.0,0.13362,116.0
1753547124921,16:25:24.921,AERGO/USDT:USDT,0.13318,119.0,0.13296,37.0,0.1336,116.0,0.13361,12.0
1753547126414,16:25:26.414,AERGO/USDT:USDT,0.13318,119.0,0.13296,37.0,0.1336,116.0,0.13361,12.0
1753547126460,16:25:26.460,AERGO/USDT:USDT,0.13318,119.0,0.13296,37.0,0.1336,116.0,0.13361,12.0
1753547126476,16:25:26.476,AERGO/USDT:USDT,0.13318,119.0,0.13296,37.0,0.1336,116.0,0.13361,972.0
1753547126513,16:25:26.513,AERGO/USDT:USDT,0.13318,119.0,0.13296,37.0,0.1336,116.0,0.13361,972.0
1753547126542,16:25:26.542,AERGO/USDT:USDT,0.13318,119.0,0.13296,37.0,0.1336,116.0,0.13361,972.0
1753547126577,16:25:26.577,AERGO/USDT:USDT,0.13318,119.0,0.13296,37.0,0.1336,116.0,0.13361,972.0
1753547126584,16:25:26.584,AERGO/USDT:USDT,0.13318,119.0,0.13296,37.0,0.1336,116.0,0.13361,972.0
1753547127369,16:25:27.369,AERGO/USDT:USDT,0.13318,119.0,0.13296,37.0,0.1336,116.0,0.13361,972.0
1753547127409,16:25:27.409,AERGO/USDT:USDT,0.13318,119.0,0.13296,37.0,0.1336,116.0,0.13361,12.0
1753547127667,16:25:27.667,AERGO/USDT:USDT,0.13318,119.0,0.13296,37.0,0.1336,116.0,0.13362,116.0
1753547127736,16:25:27.736,AERGO/USDT:USDT,0.13318,119.0,0.13296,37.0,0.13361,1831.0,0.13362,116.0
1753547127837,16:25:27.837,AERGO/USDT:USDT,0.13318,119.0,0.13296,37.0,0.1336,960.0,0.13361,1831.0
1753547127844,16:25:27.844,AERGO/USDT:USDT,0.13318,119.0,0.13296,37.0,0.13359,116.0,0.1336,960.0
1753547128138,16:25:28.138,AERGO/USDT:USDT,0.13318,119.0,0.13296,37.0,0.13359,116.0,0.1336,960.0
1753547128158,16:25:28.158,AERGO/USDT:USDT,0.13318,119.0,0.13296,37.0,0.13359,116.0,0.13362,116.0
1753547128245,16:25:28.245,AERGO/USDT:USDT,0.13318,119.0,0.13296,37.0,0.13362,1076.0,0.13363,997.0
1753547128276,16:25:28.276,AERGO/USDT:USDT,0.13318,119.0,0.13296,37.0,0.13363,997.0,0.13364,116.0
1753547128356,16:25:28.356,AERGO/USDT:USDT,0.13318,119.0,0.13296,37.0,0.13361,116.0,0.13363,37.0
1753547128666,16:25:28.666,AERGO/USDT:USDT,0.13318,119.0,0.13296,37.0,0.13361,116.0,0.13363,37.0
1753547128679,16:25:28.679,AERGO/USDT:USDT,0.13318,119.0,0.13296,37.0,0.13361,116.0,0.13375,960.0
1753547128685,16:25:28.685,AERGO/USDT:USDT,0.13318,119.0,0.13296,37.0,0.13361,116.0,0.13376,116.0
1753547128718,16:25:28.718,AERGO/USDT:USDT,0.13318,119.0,0.13296,37.0,0.13376,116.0,0.13383,960.0
1753547128755,16:25:28.755,AERGO/USDT:USDT,0.13318,119.0,0.13296,37.0,0.13376,116.0,0.13383,960.0
1753547128797,16:25:28.797,AERGO/USDT:USDT,0.13318,119.0,0.13296,37.0,0.13375,37.0,0.13376,116.0
1753547128808,16:25:28.808,AERGO/USDT:USDT,0.13318,119.0,0.13296,37.0,0.13371,116.0,0.13375,37.0
1753547128873,16:25:28.873,AERGO/USDT:USDT,0.13318,119.0,0.13296,37.0,0.13375,37.0,0.13376,116.0
1753547129253,16:25:29.253,AERGO/USDT:USDT,0.13318,119.0,0.13296,37.0,0.13373,2121.0,0.13374,116.0
1753547129266,16:25:29.266,AERGO/USDT:USDT,0.13318,119.0,0.13296,37.0,0.13372,116.0,0.13373,2121.0
1753547129287,16:25:29.287,AERGO/USDT:USDT,0.13318,119.0,0.13296,37.0,0.13371,116.0,0.13372,960.0
1753547129321,16:25:29.321,AERGO/USDT:USDT,0.13318,119.0,0.13296,37.0,0.13369,116.0,0.1337,37.0
1753547129347,16:25:29.347,AERGO/USDT:USDT,0.13318,119.0,0.13296,37.0,0.13369,116.0,0.13371,116.0
1753547129375,16:25:29.375,AERGO/USDT:USDT,0.13318,119.0,0.13296,37.0,0.13369,116.0,0.13371,116.0
1753547129433,16:25:29.433,AERGO/USDT:USDT,0.13318,119.0,0.13296,37.0,0.13367,116.0,0.13369,116.0
1753547129511,16:25:29.511,AERGO/USDT:USDT,0.13318,119.0,0.13296,37.0,0.13366,37.0,0.13367,116.0
1753547129530,16:25:29.530,AERGO/USDT:USDT,0.13318,119.0,0.13296,37.0,0.13365,116.0,0.13366,37.0
1753547129553,16:25:29.553,AERGO/USDT:USDT,0.13318,119.0,0.13296,37.0,0.13365,116.0,0.13366,37.0
1753547129663,16:25:29.663,AERGO/USDT:USDT,0.13318,119.0,0.13296,37.0,0.13365,116.0,0.13366,37.0
1753547129713,16:25:29.713,AERGO/USDT:USDT,0.13318,119.0,0.13296,37.0,0.13365,116.0,0.13366,997.0
1753547129819,16:25:29.819,AERGO/USDT:USDT,0.13318,119.0,0.13296,37.0,0.13365,116.0,0.13366,997.0
1753547129934,16:25:29.934,AERGO/USDT:USDT,0.13318,119.0,0.13296,37.0,0.13365,116.0,0.13366,997.0
1753547130045,16:25:30.045,AERGO/USDT:USDT,0.13318,119.0,0.13296,37.0,0.13365,116.0,0.13366,960.0
1753547130086,16:25:30.086,AERGO/USDT:USDT,0.13318,119.0,0.13296,37.0,0.13364,37.0,0.13365,116.0
1753547130102,16:25:30.102,AERGO/USDT:USDT,0.13318,119.0,0.13296,37.0,0.13363,116.0,0.13364,37.0
1753547130227,16:25:30.227,AERGO/USDT:USDT,0.13318,119.0,0.13296,37.0,0.13363,116.0,0.13364,997.0
1753547130249,16:25:30.249,AERGO/USDT:USDT,0.13318,119.0,0.13296,37.0,0.13363,116.0,0.13364,960.0
1753547130294,16:25:30.294,AERGO/USDT:USDT,0.13318,119.0,0.13296,37.0,0.13363,153.0,0.13364,960.0
1753547130315,16:25:30.315,AERGO/USDT:USDT,0.13318,119.0,0.13296,37.0,0.13363,37.0,0.13364,960.0
1753547130534,16:25:30.534,AERGO/USDT:USDT,0.13318,119.0,0.13296,37.0,0.13361,52.0,0.13362,116.0
1753547130548,16:25:30.548,AERGO/USDT:USDT,0.13318,119.0,0.13296,37.0,0.13361,52.0,0.13362,116.0
1753547130655,16:25:30.655,AERGO/USDT:USDT,0.13318,119.0,0.13296,37.0,0.1336,116.0,0.13361,52.0
1753547130674,16:25:30.674,AERGO/USDT:USDT,0.13318,119.0,0.13296,37.0,0.1336,116.0,0.13361,1012.0
1753547130784,16:25:30.784,AERGO/USDT:USDT,0.13318,119.0,0.13296,37.0,0.1336,116.0,0.13361,1012.0
1753547130925,16:25:30.925,AERGO/USDT:USDT,0.13318,119.0,0.13296,37.0,0.1336,116.0,0.13361,1012.0
1753547131505,16:25:31.505,AERGO/USDT:USDT,0.13318,119.0,0.13296,37.0,0.1336,116.0,0.13361,1012.0
1753547131549,16:25:31.549,AERGO/USDT:USDT,0.13318,119.0,0.13296,37.0,0.1336,116.0,0.13361,1012.0
1753547133240,16:25:33.240,AERGO/USDT:USDT,0.13318,119.0,0.13296,37.0,0.1336,116.0,0.13361,1012.0
1753547133388,16:25:33.388,AERGO/USDT:USDT,0.13318,119.0,0.13296,37.0,0.1336,116.0,0.13361,960.0
1753547135565,16:25:35.565,AERGO/USDT:USDT,0.13318,119.0,0.13296,37.0,0.1336,116.0,0.13361,960.0
1753547136155,16:25:36.155,AERGO/USDT:USDT,0.13318,119.0,0.13296,37.0,0.13357,954.0,0.1336,116.0
1753547136189,16:25:36.189,AERGO/USDT:USDT,0.13318,119.0,0.13296,37.0,0.13356,960.0,0.13357,954.0
1753547136256,16:25:36.256,AERGO/USDT:USDT,0.13318,119.0,0.13296,37.0,0.13354,52.0,0.13355,116.0
1753547136281,16:25:36.281,AERGO/USDT:USDT,0.13318,119.0,0.13296,37.0,0.13353,116.0,0.13354,52.0
1753547136309,16:25:36.309,AERGO/USDT:USDT,0.13318,119.0,0.13296,37.0,0.13353,1509.0,0.13354,1012.0
1753547136417,16:25:36.417,AERGO/USDT:USDT,0.13318,119.0,0.13296,37.0,0.13352,116.0,0.13353,1393.0
1753547136434,16:25:36.434,AERGO/USDT:USDT,0.13318,119.0,0.13296,37.0,0.13352,1076.0,0.13353,1393.0
1753547136463,16:25:36.463,AERGO/USDT:USDT,0.13318,119.0,0.13296,37.0,0.13351,116.0,0.13352,960.0
1753547136539,16:25:36.539,AERGO/USDT:USDT,0.13318,119.0,0.13296,37.0,0.13351,116.0,0.13353,116.0
1753547136554,16:25:36.554,AERGO/USDT:USDT,0.13318,119.0,0.13296,37.0,0.13351,116.0,0.13353,1076.0
1753547136689,16:25:36.689,AERGO/USDT:USDT,0.13318,119.0,0.13296,37.0,0.13351,116.0,0.13353,1076.0
1753547137916,16:25:37.916,AERGO/USDT:USDT,0.13318,119.0,0.13296,37.0,0.13351,116.0,0.13353,1076.0
1753547137927,16:25:37.927,AERGO/USDT:USDT,0.13318,119.0,0.13296,37.0,0.13351,116.0,0.13353,116.0
1753547137958,16:25:37.958,AERGO/USDT:USDT,0.13318,119.0,0.13296,37.0,0.13353,116.0,0.13354,52.0
1753547139107,16:25:39.107,AERGO/USDT:USDT,0.13318,119.0,0.13296,37.0,0.13353,116.0,0.13359,960.0
1753547139126,16:25:39.126,AERGO/USDT:USDT,0.13318,119.0,0.13296,37.0,0.13353,116.0,0.1336,116.0
1753547140085,16:25:40.085,AERGO/USDT:USDT,0.13318,119.0,0.13296,37.0,0.13362,116.0,0.13363,960.0
1753547140119,16:25:40.119,AERGO/USDT:USDT,0.13318,119.0,0.13296,37.0,0.13362,153.0,0.13365,116.0
1753547140167,16:25:40.167,AERGO/USDT:USDT,0.13318,119.0,0.13296,37.0,0.13361,116.0,0.13364,37.0
1753547140183,16:25:40.183,AERGO/USDT:USDT,0.13318,119.0,0.13296,37.0,0.13359,116.0,0.1336,1940.0
1753547140211,16:25:40.211,AERGO/USDT:USDT,0.13318,119.0,0.13296,37.0,0.13358,116.0,0.13359,960.0
1753547140241,16:25:40.241,AERGO/USDT:USDT,0.13318,119.0,0.13296,37.0,0.13358,116.0,0.13361,116.0
1753547140357,16:25:40.357,AERGO/USDT:USDT,0.13318,119.0,0.13296,37.0,0.13361,116.0,0.13364,997.0
1753547140414,16:25:40.414,AERGO/USDT:USDT,0.13318,119.0,0.13296,37.0,0.13361,116.0,0.13363,960.0
1753547140424,16:25:40.424,AERGO/USDT:USDT,0.13318,119.0,0.13296,37.0,0.13361,116.0,0.13364,997.0
1753547140451,16:25:40.451,AERGO/USDT:USDT,0.13318,119.0,0.13296,37.0,0.13363,116.0,0.13364,960.0
1753547140477,16:25:40.477,AERGO/USDT:USDT,0.13318,119.0,0.13296,37.0,0.13363,153.0,0.13364,960.0
1753547140514,16:25:40.514,AERGO/USDT:USDT,0.13318,119.0,0.13296,37.0,0.13362,2155.0,0.13363,37.0
1753547140534,16:25:40.534,AERGO/USDT:USDT,0.13318,119.0,0.13296,37.0,0.13361,1076.0,0.13362,2039.0
1753547140569,16:25:40.569,AERGO/USDT:USDT,0.13318,119.0,0.13296,37.0,0.13361,1076.0,0.13365,116.0
1753547140795,16:25:40.795,AERGO/USDT:USDT,0.13318,119.0,0.13296,37.0,0.1336,116.0,0.13361,960.0
1753547141975,16:25:41.975,AERGO/USDT:USDT,0.13318,119.0,0.13296,37.0,0.13359,52.0,0.1336,116.0
1753547142112,16:25:42.112,AERGO/USDT:USDT,0.13318,119.0,0.13296,37.0,0.13358,116.0,0.13359,1012.0
1753547142559,16:25:42.559,AERGO/USDT:USDT,0.13318,119.0,0.13296,37.0,0.13358,116.0,0.13359,1012.0
1753547143188,16:25:43.188,AERGO/USDT:USDT,0.13318,119.0,0.13296,37.0,0.13358,116.0,0.13359,1012.0
1753547144828,16:25:44.828,AERGO/USDT:USDT,0.13318,119.0,0.13296,37.0,0.13358,116.0,0.13359,960.0
1753547147186,16:25:47.186,AERGO/USDT:USDT,0.13318,119.0,0.13296,37.0,0.13358,116.0,0.13359,960.0
1753547147256,16:25:47.256,AERGO/USDT:USDT,0.13318,119.0,0.13296,37.0,0.13358,116.0,0.13359,960.0
1753547147659,16:25:47.659,AERGO/USDT:USDT,0.13318,119.0,0.13296,37.0,0.13358,116.0,0.13359,960.0
1753547147692,16:25:47.692,AERGO/USDT:USDT,0.13318,119.0,0.13296,37.0,0.13358,116.0,0.13359,960.0
1753547147878,16:25:47.878,AERGO/USDT:USDT,0.13318,119.0,0.13296,37.0,0.13358,116.0,0.1336,116.0
1753547147897,16:25:47.897,AERGO/USDT:USDT,0.13318,119.0,0.13296,37.0,0.1336,116.0,0.13363,620.0
1753547147968,16:25:47.968,AERGO/USDT:USDT,0.13318,119.0,0.13296,37.0,0.1336,116.0,0.13364,37.0
1753547148181,16:25:48.181,AERGO/USDT:USDT,0.13318,119.0,0.13296,37.0,0.1336,116.0,0.13364,37.0
1753547150244,16:25:50.244,AERGO/USDT:USDT,0.13318,119.0,0.13295,22.0,0.1336,116.0,0.13364,37.0
1753547150485,16:25:50.485,AERGO/USDT:USDT,0.13318,119.0,0.13296,37.0,0.1336,116.0,0.13365,116.0
1753547150499,16:25:50.499,AERGO/USDT:USDT,0.13318,119.0,0.13296,37.0,0.13364,37.0,0.13365,116.0
1753547150533,16:25:50.533,AERGO/USDT:USDT,0.13318,119.0,0.13296,37.0,0.13363,116.0,0.13364,997.0
1753547150641,16:25:50.641,AERGO/USDT:USDT,0.13318,119.0,0.13296,37.0,0.13363,116.0,0.13364,997.0
1753547151966,16:25:51.966,AERGO/USDT:USDT,0.13318,119.0,0.13296,37.0,0.13363,116.0,0.13364,960.0
1753547152016,16:25:52.016,AERGO/USDT:USDT,0.13318,119.0,0.13296,37.0,0.13363,153.0,0.13364,960.0
1753547152028,16:25:52.028,AERGO/USDT:USDT,0.13318,119.0,0.13296,37.0,0.13363,37.0,0.13364,960.0
1753547152577,16:25:52.577,AERGO/USDT:USDT,0.13318,119.0,0.13296,37.0,0.13362,2329.0,0.13363,37.0
1753547152604,16:25:52.604,AERGO/USDT:USDT,0.13318,119.0,0.13296,37.0,0.13361,960.0,0.13362,2213.0
1753547152641,16:25:52.641,AERGO/USDT:USDT,0.13318,119.0,0.13296,37.0,0.1336,116.0,0.13361,960.0
1753547152660,16:25:52.660,AERGO/USDT:USDT,0.13318,119.0,0.13296,37.0,0.13358,116.0,0.13359,2124.0
1753547152687,16:25:52.687,AERGO/USDT:USDT,0.13318,119.0,0.13296,37.0,0.13357,116.0,0.13358,960.0
1753547152741,16:25:52.741,AERGO/USDT:USDT,0.13318,119.0,0.13296,37.0,0.13356,1824.0,0.13357,116.0
1753547152755,16:25:52.755,AERGO/USDT:USDT,0.13318,119.0,0.13296,37.0,0.13355,960.0,0.13356,1824.0
1753547152819,16:25:52.819,AERGO/USDT:USDT,0.13318,119.0,0.13296,37.0,0.13353,829.0,0.13354,116.0
1753547152856,16:25:52.856,AERGO/USDT:USDT,0.13318,119.0,0.13296,37.0,0.13352,1076.0,0.13353,829.0
1753547152870,16:25:52.870,AERGO/USDT:USDT,0.13318,119.0,0.13296,37.0,0.13352,960.0,0.13353,829.0
1753547152967,16:25:52.967,AERGO/USDT:USDT,0.13318,119.0,0.13296,37.0,0.13351,116.0,0.13352,960.0
1753547153376,16:25:53.376,AERGO/USDT:USDT,0.13318,119.0,0.13296,37.0,0.1335,52.0,0.13351,116.0
1753547153511,16:25:53.511,AERGO/USDT:USDT,0.13318,119.0,0.13296,37.0,0.13349,116.0,0.1335,1012.0
1753547154332,16:25:54.332,AERGO/USDT:USDT,0.13318,119.0,0.13296,37.0,0.13349,116.0,0.1335,1012.0
1753547154337,16:25:54.337,AERGO/USDT:USDT,0.13318,119.0,0.13296,37.0,0.13349,116.0,0.1335,1012.0
1753547154369,16:25:54.369,AERGO/USDT:USDT,0.13318,119.0,0.13296,37.0,0.13349,116.0,0.1335,52.0
1753547156635,16:25:56.635,AERGO/USDT:USDT,0.13318,119.0,0.13296,37.0,0.13349,116.0,0.1335,52.0
1753547156646,16:25:56.646,AERGO/USDT:USDT,0.13318,119.0,0.13296,37.0,0.13349,116.0,0.1335,52.0
1753547157189,16:25:57.189,AERGO/USDT:USDT,0.13318,119.0,0.13296,37.0,0.13349,116.0,0.1335,52.0
1753547157314,16:25:57.314,AERGO/USDT:USDT,0.13318,119.0,0.13296,37.0,0.13349,116.0,0.1335,52.0
1753547157991,16:25:57.991,AERGO/USDT:USDT,0.13318,119.0,0.13296,37.0,0.13349,116.0,0.1335,52.0
1753547158070,16:25:58.070,AERGO/USDT:USDT,0.13318,119.0,0.13296,37.0,0.13349,116.0,0.13357,116.0
1753547158087,16:25:58.087,AERGO/USDT:USDT,0.13318,119.0,0.13296,37.0,0.13357,116.0,0.1336,116.0
1753547158208,16:25:58.208,AERGO/USDT:USDT,0.13318,119.0,0.13296,37.0,0.1336,116.0,0.13383,37.0
1753547158294,16:25:58.294,AERGO/USDT:USDT,0.13318,119.0,0.13296,37.0,0.1336,116.0,0.13383,997.0
1753547158359,16:25:58.359,AERGO/USDT:USDT,0.13318,119.0,0.13296,37.0,0.1336,116.0,0.13382,37.0
1753547158431,16:25:58.431,AERGO/USDT:USDT,0.13318,119.0,0.13296,37.0,0.1336,116.0,0.13374,775.0
1753547158431,16:25:58.431,AERGO/USDT:USDT,0.13318,119.0,0.13296,37.0,0.1336,116.0,0.13373,960.0
1753547158450,16:25:58.450,AERGO/USDT:USDT,0.13318,119.0,0.13296,37.0,0.1336,116.0,0.13372,37.0
1753547158516,16:25:58.516,AERGO/USDT:USDT,0.13318,119.0,0.13296,37.0,0.1336,116.0,0.13372,37.0
1753547159000,16:25:59.000,AERGO/USDT:USDT,0.13318,119.0,0.13296,37.0,0.1336,116.0,0.13372,37.0
1753547163115,16:26:03.115,AERGO/USDT:USDT,0.13318,171.0,0.13296,37.0,0.1336,116.0,0.13372,37.0
1753547163128,16:26:03.128,AERGO/USDT:USDT,0.13318,52.0,0.13296,37.0,0.1336,116.0,0.13372,37.0
1753547163226,16:26:03.226,AERGO/USDT:USDT,0.13319,121.0,0.13318,52.0,0.1336,116.0,0.13372,37.0
1753547163632,16:26:03.632,AERGO/USDT:USDT,0.13319,121.0,0.13318,52.0,0.1336,116.0,0.13372,37.0
1753547163676,16:26:03.676,AERGO/USDT:USDT,0.13319,121.0,0.13318,52.0,0.1336,116.0,0.13372,37.0
1753547163706,16:26:03.706,AERGO/USDT:USDT,0.13319,121.0,0.13318,52.0,0.1336,116.0,0.13372,37.0
1753547163738,16:26:03.738,AERGO/USDT:USDT,0.13319,121.0,0.13318,52.0,0.13359,52.0,0.1336,116.0
1753547163764,16:26:03.764,AERGO/USDT:USDT,0.13319,121.0,0.13318,52.0,0.13358,121.0,0.13359,52.0
1753547163794,16:26:03.794,AERGO/USDT:USDT,0.13319,121.0,0.13318,52.0,0.13358,121.0,0.13359,1012.0
1753547163887,16:26:03.887,AERGO/USDT:USDT,0.13319,121.0,0.13318,52.0,0.13358,121.0,0.13359,1012.0
1753547163908,16:26:03.908,AERGO/USDT:USDT,0.13319,121.0,0.13318,52.0,0.13358,121.0,0.13359,1012.0
1753547163943,16:26:03.943,AERGO/USDT:USDT,0.13319,121.0,0.13318,52.0,0.13358,121.0,0.13359,1012.0
1753547166617,16:26:06.617,AERGO/USDT:USDT,0.13319,121.0,0.13318,52.0,0.13358,121.0,0.13359,960.0
1753547166803,16:26:06.803,AERGO/USDT:USDT,0.13319,121.0,0.13318,52.0,0.13357,1454.0,0.13358,121.0
1753547166817,16:26:06.817,AERGO/USDT:USDT,0.13319,121.0,0.13318,52.0,0.13356,119.0,0.13357,1454.0
1753547166878,16:26:06.878,AERGO/USDT:USDT,0.13319,121.0,0.13318,52.0,0.13354,993.0,0.13355,119.0
1753547166939,16:26:06.939,AERGO/USDT:USDT,0.13319,121.0,0.13318,52.0,0.13353,1079.0,0.13354,993.0
1753547166965,16:26:06.965,AERGO/USDT:USDT,0.13319,121.0,0.13318,52.0,0.13353,960.0,0.13355,119.0
1753547167046,16:26:07.046,AERGO/USDT:USDT,0.13319,121.0,0.13318,52.0,0.13352,119.0,0.13355,119.0
1753547167061,16:26:07.061,AERGO/USDT:USDT,0.13319,121.0,0.13318,52.0,0.13352,119.0,0.13355,119.0
1753547167085,16:26:07.085,AERGO/USDT:USDT,0.13319,121.0,0.13318,52.0,0.13351,402.0,0.13352,119.0
1753547167229,16:26:07.229,AERGO/USDT:USDT,0.13319,121.0,0.13318,52.0,0.1335,119.0,0.13352,119.0
1753547167244,16:26:07.244,AERGO/USDT:USDT,0.13319,121.0,0.13318,52.0,0.1335,119.0,0.13352,119.0
1753547167267,16:26:07.267,AERGO/USDT:USDT,0.13319,121.0,0.13318,52.0,0.13352,119.0,0.13355,119.0
1753547167309,16:26:07.309,AERGO/USDT:USDT,0.13319,121.0,0.13318,52.0,0.13354,993.0,0.13355,119.0
1753547167350,16:26:07.350,AERGO/USDT:USDT,0.13319,121.0,0.13318,52.0,0.13353,119.0,0.13354,993.0
1753547167412,16:26:07.412,AERGO/USDT:USDT,0.13319,121.0,0.13318,52.0,0.13353,119.0,0.13355,119.0
1753547167425,16:26:07.425,AERGO/USDT:USDT,0.13319,121.0,0.13318,52.0,0.13353,119.0,0.13355,119.0
1753547167481,16:26:07.481,AERGO/USDT:USDT,0.13319,121.0,0.13318,52.0,0.13355,119.0,0.13357,960.0
1753547167547,16:26:07.547,AERGO/USDT:USDT,0.13319,121.0,0.13318,52.0,0.13355,119.0,0.13358,121.0
1753547167572,16:26:07.572,AERGO/USDT:USDT,0.13319,121.0,0.13318,52.0,0.13359,960.0,0.1336,116.0
1753547167600,16:26:07.600,AERGO/USDT:USDT,0.13319,121.0,0.13318,52.0,0.13357,1527.0,0.13358,119.0
1753547167640,16:26:07.640,AERGO/USDT:USDT,0.13319,121.0,0.13318,52.0,0.13356,960.0,0.13358,119.0
1753547167663,16:26:07.663,AERGO/USDT:USDT,0.13319,121.0,0.13318,52.0,0.13355,119.0,0.13358,119.0
1753547167723,16:26:07.723,AERGO/USDT:USDT,0.13319,121.0,0.13318,52.0,0.13358,119.0,0.1336,116.0
1753547167753,16:26:07.753,AERGO/USDT:USDT,0.13319,121.0,0.13318,52.0,0.1336,116.0,0.13382,960.0
1753547167778,16:26:07.778,AERGO/USDT:USDT,0.13319,121.0,0.13318,52.0,0.1336,116.0,0.13382,960.0
1753547167808,16:26:07.808,AERGO/USDT:USDT,0.13319,121.0,0.13318,52.0,0.1336,116.0,0.13381,37.0
1753547168889,16:26:08.889,AERGO/USDT:USDT,0.13319,121.0,0.13318,52.0,0.1336,116.0,0.13374,621.0
1753547168952,16:26:08.952,AERGO/USDT:USDT,0.13319,121.0,0.13318,52.0,0.1336,116.0,0.13373,997.0
1753547168979,16:26:08.979,AERGO/USDT:USDT,0.13319,121.0,0.13318,52.0,0.1336,116.0,0.13373,960.0
1753547169011,16:26:09.011,AERGO/USDT:USDT,0.13319,121.0,0.13318,52.0,0.1336,116.0,0.13373,960.0
1753547169433,16:26:09.433,AERGO/USDT:USDT,0.13319,121.0,0.13318,52.0,0.13359,52.0,0.1336,116.0
1753547169459,16:26:09.459,AERGO/USDT:USDT,0.13319,121.0,0.13318,52.0,0.13358,119.0,0.13359,1012.0
1753547169558,16:26:09.558,AERGO/USDT:USDT,0.13319,121.0,0.13318,52.0,0.13358,119.0,0.13359,1012.0
1753547172314,16:26:12.314,AERGO/USDT:USDT,0.13319,121.0,0.13318,52.0,0.13358,119.0,0.13359,960.0
1753547172339,16:26:12.339,AERGO/USDT:USDT,0.13319,121.0,0.13318,52.0,0.13358,119.0,0.13359,960.0
1753547172384,16:26:12.384,AERGO/USDT:USDT,0.13319,121.0,0.13318,52.0,0.13358,119.0,0.13359,960.0
1753547173128,16:26:13.128,AERGO/USDT:USDT,0.13319,121.0,0.13318,52.0,0.13358,119.0,0.13359,960.0
1753547173231,16:26:13.231,AERGO/USDT:USDT,0.13319,121.0,0.13318,52.0,0.13358,119.0,0.13359,960.0
1753547173282,16:26:13.282,AERGO/USDT:USDT,0.13319,121.0,0.13318,52.0,0.13358,119.0,0.13359,960.0
1753547174060,16:26:14.060,AERGO/USDT:USDT,0.13319,121.0,0.13318,52.0,0.13332,5.0,0.13358,119.0
1753547174082,16:26:14.082,AERGO/USDT:USDT,0.13319,121.0,0.13318,52.0,0.13359,960.0,0.1336,116.0
1753547174106,16:26:14.106,AERGO/USDT:USDT,0.13319,121.0,0.13318,52.0,0.13357,119.0,0.1336,116.0
1753547174142,16:26:14.142,AERGO/USDT:USDT,0.13319,121.0,0.13318,52.0,0.13357,119.0,0.1336,116.0
1753547174167,16:26:14.167,AERGO/USDT:USDT,0.13319,121.0,0.13318,52.0,0.13357,119.0,0.1336,116.0
1753547174206,16:26:14.206,AERGO/USDT:USDT,0.13319,121.0,0.13318,52.0,0.13357,119.0,0.1336,116.0
1753547174237,16:26:14.237,AERGO/USDT:USDT,0.13319,121.0,0.13318,52.0,0.13357,119.0,0.1336,116.0
1753547174264,16:26:14.264,AERGO/USDT:USDT,0.13319,121.0,0.13318,52.0,0.1336,116.0,0.13364,1079.0
1753547174296,16:26:14.296,AERGO/USDT:USDT,0.13319,121.0,0.13318,52.0,0.1336,116.0,0.13364,1079.0
1753547174447,16:26:14.447,AERGO/USDT:USDT,0.13319,121.0,0.13318,52.0,0.1336,116.0,0.13364,1079.0
1753547174471,16:26:14.471,AERGO/USDT:USDT,0.13319,121.0,0.13318,52.0,0.1336,116.0,0.13364,119.0
1753547174531,16:26:14.531,AERGO/USDT:USDT,0.13319,121.0,0.13318,52.0,0.13364,119.0,0.13365,960.0
1753547174561,16:26:14.561,AERGO/USDT:USDT,0.13319,121.0,0.13318,52.0,0.13364,119.0,0.13365,960.0
1753547174600,16:26:14.600,AERGO/USDT:USDT,0.13319,121.0,0.13318,52.0,0.13364,119.0,0.13365,960.0
1753547175055,16:26:15.055,AERGO/USDT:USDT,0.13319,121.0,0.13318,52.0,0.13364,119.0,0.13365,960.0
1753547175067,16:26:15.067,AERGO/USDT:USDT,0.13319,121.0,0.13318,52.0,0.13364,119.0,0.13366,119.0
1753547175108,16:26:15.108,AERGO/USDT:USDT,0.13319,121.0,0.13318,52.0,0.13366,119.0,0.13372,37.0
1753547175128,16:26:15.128,AERGO/USDT:USDT,0.13319,121.0,0.13318,52.0,0.13365,2213.0,0.13366,119.0
1753547175155,16:26:15.155,AERGO/USDT:USDT,0.13319,121.0,0.13318,52.0,0.13364,1081.0,0.13366,119.0
1753547175188,16:26:15.188,AERGO/USDT:USDT,0.13319,121.0,0.13318,52.0,0.13363,2206.0,0.13364,121.0
1753547175228,16:26:15.228,AERGO/USDT:USDT,0.13319,121.0,0.13318,52.0,0.13361,121.0,0.13362,960.0
1753547177295,16:26:17.295,AERGO/USDT:USDT,0.13319,121.0,0.13318,52.0,0.1336,1795.0,0.13361,121.0
1753547177316,16:26:17.316,AERGO/USDT:USDT,0.13319,121.0,0.13318,52.0,0.13359,1081.0,0.1336,1795.0
1753547177346,16:26:17.346,AERGO/USDT:USDT,0.13319,121.0,0.13318,52.0,0.13358,121.0,0.13359,960.0
1753547177409,16:26:17.409,AERGO/USDT:USDT,0.13319,121.0,0.13318,52.0,0.13358,121.0,0.13359,960.0
1753547177961,16:26:17.961,AERGO/USDT:USDT,0.13319,121.0,0.13318,52.0,0.13358,121.0,0.13359,960.0
1753547177990,16:26:17.990,AERGO/USDT:USDT,0.13319,121.0,0.13318,52.0,0.13358,121.0,0.1336,960.0
1753547178039,16:26:18.039,AERGO/USDT:USDT,0.13319,121.0,0.13318,52.0,0.13358,121.0,0.1336,960.0
1753547178091,16:26:18.091,AERGO/USDT:USDT,0.13319,121.0,0.13318,52.0,0.13358,121.0,0.1336,960.0
