timestamp,time,symbol,bid1_price,bid1_volume,bid2_price,bid2_volume,ask1_price,ask1_volume,ask2_price,ask2_volume
1753546954202,16:22:34.202,ACE/USDT:USDT,0.5769,100.0,0.5768,2105.0,0.5774,81.0,0.5775,161.0
1753546955102,16:22:35.102,ACE/USDT:USDT,0.5769,84.0,0.5768,2281.0,0.5774,29.0,0.5775,161.0
1753546955602,16:22:35.602,ACE/USDT:USDT,0.5769,54.0,0.5768,2281.0,0.5774,29.0,0.5775,161.0
1753546955702,16:22:35.702,ACE/USDT:USDT,0.5769,54.0,0.5768,2281.0,0.5774,29.0,0.5775,161.0
1753546956502,16:22:36.502,ACE/USDT:USDT,0.5769,54.0,0.5768,2281.0,0.5774,29.0,0.5775,161.0
1753546957202,16:22:37.202,ACE/USDT:USDT,0.5769,54.0,0.5768,2281.0,0.5774,29.0,0.5775,161.0
1753546958202,16:22:38.202,ACE/USDT:USDT,0.5769,54.0,0.5768,2454.0,0.5774,29.0,0.5775,161.0
1753546958302,16:22:38.302,ACE/USDT:USDT,0.5769,54.0,0.5768,2454.0,0.5774,29.0,0.5775,161.0
1753546958802,16:22:38.802,ACE/USDT:USDT,0.5769,54.0,0.5768,2454.0,0.5774,29.0,0.5775,161.0
1753546960002,16:22:40.002,ACE/USDT:USDT,0.5769,532.0,0.5768,2622.0,0.5774,29.0,0.5775,161.0
1753546960102,16:22:40.102,ACE/USDT:USDT,0.5769,658.0,0.5768,2676.0,0.5774,2.0,0.5775,161.0
1753546960602,16:22:40.602,ACE/USDT:USDT,0.577,89.0,0.5769,477.0,0.5774,2.0,0.5775,161.0
1753546960702,16:22:40.702,ACE/USDT:USDT,0.577,89.0,0.5769,477.0,0.5774,2.0,0.5775,161.0
1753546960802,16:22:40.802,ACE/USDT:USDT,0.577,89.0,0.5769,477.0,0.5774,2.0,0.5775,161.0
1753546961602,16:22:41.602,ACE/USDT:USDT,0.5771,115.0,0.577,90.0,0.5774,2.0,0.5776,161.0
1753546962002,16:22:42.002,ACE/USDT:USDT,0.5771,115.0,0.577,90.0,0.5774,2.0,0.5776,161.0
1753546962102,16:22:42.102,ACE/USDT:USDT,0.5771,115.0,0.577,90.0,0.5774,2.0,0.5776,161.0
1753546963602,16:22:43.602,ACE/USDT:USDT,0.5771,50.0,0.577,28.0,0.5774,2.0,0.5776,161.0
1753546963702,16:22:43.702,ACE/USDT:USDT,0.5771,50.0,0.577,28.0,0.5774,2.0,0.5776,161.0
1753546964002,16:22:44.002,ACE/USDT:USDT,0.5771,50.0,0.577,530.0,0.5774,2.0,0.5776,161.0
1753546964702,16:22:44.702,ACE/USDT:USDT,0.5771,50.0,0.577,530.0,0.5774,2.0,0.5776,161.0
1753546965402,16:22:45.402,ACE/USDT:USDT,0.5771,50.0,0.577,474.0,0.5774,2.0,0.5776,161.0
1753546965502,16:22:45.502,ACE/USDT:USDT,0.5771,50.0,0.577,474.0,0.5774,2.0,0.5776,161.0
1753546965902,16:22:45.902,ACE/USDT:USDT,0.5771,50.0,0.577,502.0,0.5774,2.0,0.5776,161.0
1753546967702,16:22:47.702,ACE/USDT:USDT,0.5771,50.0,0.577,474.0,0.5774,2.0,0.5776,161.0
1753546969302,16:22:49.302,ACE/USDT:USDT,0.5771,50.0,0.577,502.0,0.5774,2.0,0.5776,161.0
1753546969502,16:22:49.502,ACE/USDT:USDT,0.5771,50.0,0.577,502.0,0.5774,2.0,0.5776,161.0
1753546970702,16:22:50.702,ACE/USDT:USDT,0.5771,50.0,0.577,474.0,0.5774,2.0,0.5776,161.0
1753546971102,16:22:51.102,ACE/USDT:USDT,0.5771,50.0,0.577,474.0,0.5774,2.0,0.5776,161.0
1753546971502,16:22:51.502,ACE/USDT:USDT,0.5771,50.0,0.577,474.0,0.5774,2.0,0.5776,161.0
1753546971602,16:22:51.602,ACE/USDT:USDT,0.5771,50.0,0.577,474.0,0.5774,2.0,0.5776,161.0
1753546971702,16:22:51.702,ACE/USDT:USDT,0.5771,50.0,0.577,474.0,0.5774,2.0,0.5776,161.0
1753546971802,16:22:51.802,ACE/USDT:USDT,0.5771,50.0,0.577,474.0,0.5774,2.0,0.5776,161.0
1753546972302,16:22:52.302,ACE/USDT:USDT,0.5771,50.0,0.577,474.0,0.5774,2.0,0.5776,161.0
1753546972802,16:22:52.802,ACE/USDT:USDT,0.5771,50.0,0.577,502.0,0.5774,2.0,0.5776,161.0
1753546973702,16:22:53.702,ACE/USDT:USDT,0.5771,50.0,0.577,502.0,0.5774,2.0,0.5776,161.0
1753546973902,16:22:53.902,ACE/USDT:USDT,0.5771,50.0,0.577,502.0,0.5774,2.0,0.5776,161.0
1753546974102,16:22:54.102,ACE/USDT:USDT,0.5771,50.0,0.577,502.0,0.5774,2.0,0.5776,161.0
1753546974602,16:22:54.602,ACE/USDT:USDT,0.5771,50.0,0.577,502.0,0.5774,2.0,0.5776,161.0
1753546975002,16:22:55.002,ACE/USDT:USDT,0.5771,50.0,0.577,502.0,0.5774,2.0,0.5776,161.0
1753546975202,16:22:55.202,ACE/USDT:USDT,0.5771,50.0,0.577,502.0,0.5774,2.0,0.5776,161.0
1753546975802,16:22:55.802,ACE/USDT:USDT,0.5771,50.0,0.577,502.0,0.5774,2.0,0.5776,161.0
1753546976402,16:22:56.402,ACE/USDT:USDT,0.5771,50.0,0.577,502.0,0.5774,2.0,0.5776,161.0
1753546976902,16:22:56.902,ACE/USDT:USDT,0.5771,50.0,0.577,502.0,0.5774,2.0,0.5776,161.0
1753546978302,16:22:58.302,ACE/USDT:USDT,0.5771,50.0,0.577,502.0,0.5774,2.0,0.5776,161.0
1753546978402,16:22:58.402,ACE/USDT:USDT,0.5771,50.0,0.577,502.0,0.5774,2.0,0.5776,161.0
1753546979602,16:22:59.602,ACE/USDT:USDT,0.5771,50.0,0.577,502.0,0.5774,2.0,0.5776,161.0
1753546980202,16:23:00.202,ACE/USDT:USDT,0.5771,50.0,0.577,502.0,0.5774,2.0,0.5776,161.0
1753546980802,16:23:00.802,ACE/USDT:USDT,0.5771,50.0,0.577,502.0,0.5774,2.0,0.5776,161.0
1753546981502,16:23:01.502,ACE/USDT:USDT,0.5771,50.0,0.577,502.0,0.5774,5.0,0.5776,161.0
1753546982602,16:23:02.602,ACE/USDT:USDT,0.5771,23.0,0.577,28.0,0.5774,57.0,0.5775,27.0
1753546982702,16:23:02.702,ACE/USDT:USDT,0.5771,23.0,0.577,1.0,0.5774,32.0,0.5775,27.0
1753546983102,16:23:03.102,ACE/USDT:USDT,0.5771,23.0,0.577,1.0,0.5774,84.0,0.5775,27.0
1753546983402,16:23:03.402,ACE/USDT:USDT,0.5771,23.0,0.577,1.0,0.5774,84.0,0.5775,27.0
1753546985002,16:23:05.002,ACE/USDT:USDT,0.5771,20.0,0.577,1.0,0.5773,27.0,0.5774,29.0
1753546985702,16:23:05.702,ACE/USDT:USDT,0.577,21.0,0.5769,1.0,0.5773,27.0,0.5774,29.0
1753546985802,16:23:05.802,ACE/USDT:USDT,0.577,21.0,0.5769,1.0,0.5773,27.0,0.5774,29.0
1753546986702,16:23:06.702,ACE/USDT:USDT,0.577,48.0,0.5769,145.0,0.5774,2.0,0.5775,27.0
1753546987402,16:23:07.402,ACE/USDT:USDT,0.577,48.0,0.5769,1063.0,0.5774,2.0,0.5775,27.0
1753546989302,16:23:09.302,ACE/USDT:USDT,0.577,48.0,0.5769,1470.0,0.5774,2.0,0.5775,27.0
1753546989402,16:23:09.402,ACE/USDT:USDT,0.577,48.0,0.5769,1470.0,0.5774,2.0,0.5775,27.0
1753546989602,16:23:09.602,ACE/USDT:USDT,0.577,48.0,0.5769,1442.0,0.5774,2.0,0.5775,27.0
1753546989902,16:23:09.902,ACE/USDT:USDT,0.577,48.0,0.5769,1442.0,0.5774,2.0,0.5775,27.0
1753546990202,16:23:10.202,ACE/USDT:USDT,0.577,48.0,0.5769,1442.0,0.5774,2.0,0.5775,27.0
1753546990302,16:23:10.302,ACE/USDT:USDT,0.577,48.0,0.5769,1470.0,0.5774,2.0,0.5776,334.0
1753546990402,16:23:10.402,ACE/USDT:USDT,0.577,48.0,0.5769,1470.0,0.5774,2.0,0.5776,334.0
1753546990702,16:23:10.702,ACE/USDT:USDT,0.577,48.0,0.5769,1470.0,0.5774,2.0,0.5776,334.0
1753546991002,16:23:11.002,ACE/USDT:USDT,0.577,137.0,0.5769,1470.0,0.5774,2.0,0.5776,161.0
1753546991402,16:23:11.402,ACE/USDT:USDT,0.577,137.0,0.5769,1470.0,0.5774,2.0,0.5776,161.0
1753546991602,16:23:11.602,ACE/USDT:USDT,0.5772,58.0,0.5771,2590.0,0.5777,134.0,0.5778,27.0
1753546992802,16:23:12.802,ACE/USDT:USDT,0.5772,30.0,0.5771,1687.0,0.5777,134.0,0.5778,27.0
1753546993302,16:23:13.302,ACE/USDT:USDT,0.5772,30.0,0.5771,1860.0,0.5777,134.0,0.5778,27.0
1753546993602,16:23:13.602,ACE/USDT:USDT,0.5772,416.0,0.5771,1980.0,0.5777,134.0,0.5778,27.0
1753546993902,16:23:13.902,ACE/USDT:USDT,0.5772,416.0,0.5771,1980.0,0.5777,134.0,0.5778,27.0
1753546994002,16:23:14.002,ACE/USDT:USDT,0.5772,416.0,0.5771,1980.0,0.5777,134.0,0.5778,27.0
1753546994902,16:23:14.902,ACE/USDT:USDT,0.5772,388.0,0.5771,2340.0,0.5777,134.0,0.5778,27.0
1753546995002,16:23:15.002,ACE/USDT:USDT,0.5772,388.0,0.5771,2340.0,0.5777,134.0,0.5778,27.0
1753546995502,16:23:15.502,ACE/USDT:USDT,0.5772,388.0,0.5771,2340.0,0.5777,134.0,0.5778,27.0
1753546995602,16:23:15.602,ACE/USDT:USDT,0.5772,388.0,0.5771,3009.0,0.5778,27.0,0.5779,334.0
1753546995902,16:23:15.902,ACE/USDT:USDT,0.5772,388.0,0.5771,3009.0,0.5778,27.0,0.5779,1035.0
1753546997102,16:23:17.102,ACE/USDT:USDT,0.5772,388.0,0.5771,2434.0,0.5777,52.0,0.5778,27.0
1753546997802,16:23:17.802,ACE/USDT:USDT,0.5773,27.0,0.5772,412.0,0.5779,161.0,0.578,115.0
1753546997902,16:23:17.902,ACE/USDT:USDT,0.5773,27.0,0.5772,389.0,0.5779,161.0,0.578,115.0
1753546998102,16:23:18.102,ACE/USDT:USDT,0.5773,27.0,0.5772,389.0,0.5778,27.0,0.5779,161.0
1753546998502,16:23:18.502,ACE/USDT:USDT,0.5773,31.0,0.5772,31.0,0.5778,27.0,0.5779,161.0
1753546998702,16:23:18.702,ACE/USDT:USDT,0.5773,31.0,0.5772,31.0,0.5778,27.0,0.5779,161.0
1753546998802,16:23:18.802,ACE/USDT:USDT,0.5773,31.0,0.5772,31.0,0.5778,27.0,0.5779,161.0
1753546999002,16:23:19.002,ACE/USDT:USDT,0.5773,31.0,0.5772,31.0,0.5778,27.0,0.5779,161.0
1753546999602,16:23:19.602,ACE/USDT:USDT,0.5773,31.0,0.5772,120.0,0.5778,27.0,0.5779,161.0
1753547000802,16:23:20.802,ACE/USDT:USDT,0.5773,31.0,0.5772,120.0,0.5778,27.0,0.5779,161.0
1753547000902,16:23:20.902,ACE/USDT:USDT,0.5773,31.0,0.5772,120.0,0.5778,27.0,0.5779,161.0
1753547002502,16:23:22.502,ACE/USDT:USDT,0.5773,31.0,0.5772,120.0,0.5778,27.0,0.5779,161.0
1753547002602,16:23:22.602,ACE/USDT:USDT,0.5773,31.0,0.5772,120.0,0.5778,27.0,0.5779,161.0
1753547002702,16:23:22.702,ACE/USDT:USDT,0.5773,31.0,0.5772,120.0,0.5778,27.0,0.5779,161.0
1753547003502,16:23:23.502,ACE/USDT:USDT,0.5773,31.0,0.5772,293.0,0.5778,27.0,0.5779,161.0
1753547003602,16:23:23.602,ACE/USDT:USDT,0.5773,31.0,0.5772,293.0,0.5778,27.0,0.5779,161.0
1753547003702,16:23:23.702,ACE/USDT:USDT,0.5773,31.0,0.5772,293.0,0.5778,27.0,0.5779,161.0
1753547004102,16:23:24.102,ACE/USDT:USDT,0.5773,31.0,0.5772,293.0,0.5778,27.0,0.5779,161.0
1753547004602,16:23:24.602,ACE/USDT:USDT,0.5773,31.0,0.5772,1240.0,0.5778,27.0,0.5779,161.0
1753547004802,16:23:24.802,ACE/USDT:USDT,0.5773,31.0,0.5772,1240.0,0.5778,27.0,0.5779,161.0
1753547005302,16:23:25.302,ACE/USDT:USDT,0.5773,31.0,0.5772,633.0,0.5778,27.0,0.5779,161.0
1753547006102,16:23:26.102,ACE/USDT:USDT,0.5773,31.0,0.5772,120.0,0.5778,27.0,0.5779,161.0
1753547006802,16:23:26.802,ACE/USDT:USDT,0.5773,31.0,0.5772,120.0,0.5778,27.0,0.5779,161.0
1753547007102,16:23:27.102,ACE/USDT:USDT,0.5773,31.0,0.5772,293.0,0.5778,27.0,0.5779,161.0
1753547008302,16:23:28.302,ACE/USDT:USDT,0.5773,31.0,0.5772,120.0,0.5778,27.0,0.5779,161.0
1753547008502,16:23:28.502,ACE/USDT:USDT,0.5773,31.0,0.5772,120.0,0.5778,27.0,0.5779,161.0
1753547008702,16:23:28.702,ACE/USDT:USDT,0.5773,31.0,0.5772,120.0,0.5778,27.0,0.5779,161.0
1753547009002,16:23:29.002,ACE/USDT:USDT,0.5773,31.0,0.5772,120.0,0.5778,27.0,0.5779,161.0
1753547009302,16:23:29.302,ACE/USDT:USDT,0.5773,31.0,0.5772,120.0,0.5778,27.0,0.5779,161.0
1753547009802,16:23:29.802,ACE/USDT:USDT,0.5773,31.0,0.5772,31.0,0.5778,194.0,0.5779,1138.0
1753547010002,16:23:30.002,ACE/USDT:USDT,0.5773,31.0,0.5772,31.0,0.5778,194.0,0.5779,1138.0
1753547010602,16:23:30.602,ACE/USDT:USDT,0.5773,31.0,0.5772,31.0,0.5778,194.0,0.5779,1138.0
1753547011802,16:23:31.802,ACE/USDT:USDT,0.5773,31.0,0.5772,31.0,0.5778,27.0,0.5779,862.0
1753547011902,16:23:31.902,ACE/USDT:USDT,0.5773,31.0,0.5772,31.0,0.5778,27.0,0.5779,862.0
1753547012202,16:23:32.202,ACE/USDT:USDT,0.5773,31.0,0.5772,31.0,0.5778,27.0,0.5779,862.0
1753547012302,16:23:32.302,ACE/USDT:USDT,0.5773,31.0,0.5772,31.0,0.5778,27.0,0.5779,862.0
1753547012802,16:23:32.802,ACE/USDT:USDT,0.5773,31.0,0.5772,31.0,0.5778,27.0,0.5779,862.0
1753547013402,16:23:33.402,ACE/USDT:USDT,0.5773,31.0,0.5772,31.0,0.5778,469.0,0.5779,1035.0
1753547014902,16:23:34.902,ACE/USDT:USDT,0.5773,31.0,0.5772,31.0,0.5778,469.0,0.5779,1208.0
1753547015402,16:23:35.402,ACE/USDT:USDT,0.5773,4.0,0.5772,31.0,0.5776,52.0,0.5777,27.0
1753547016002,16:23:36.002,ACE/USDT:USDT,0.5773,4.0,0.5772,31.0,0.5776,52.0,0.5777,27.0
1753547016102,16:23:36.102,ACE/USDT:USDT,0.5773,4.0,0.5772,31.0,0.5776,52.0,0.5777,27.0
1753547016502,16:23:36.502,ACE/USDT:USDT,0.5773,4.0,0.5772,31.0,0.5776,52.0,0.5777,27.0
1753547017502,16:23:37.502,ACE/USDT:USDT,0.5773,4.0,0.5772,31.0,0.5776,52.0,0.5777,27.0
1753547017702,16:23:37.702,ACE/USDT:USDT,0.5773,4.0,0.5772,31.0,0.5776,52.0,0.5777,27.0
1753547017802,16:23:37.802,ACE/USDT:USDT,0.5773,4.0,0.5772,31.0,0.5776,52.0,0.5777,27.0
1753547017902,16:23:37.902,ACE/USDT:USDT,0.5773,4.0,0.5772,31.0,0.5776,52.0,0.5777,27.0
1753547018002,16:23:38.002,ACE/USDT:USDT,0.5773,4.0,0.5772,31.0,0.5776,52.0,0.5777,27.0
1753547018102,16:23:38.102,ACE/USDT:USDT,0.5773,4.0,0.5772,31.0,0.5776,52.0,0.5777,27.0
1753547018402,16:23:38.402,ACE/USDT:USDT,0.5773,4.0,0.5772,31.0,0.5776,52.0,0.5777,27.0
1753547018702,16:23:38.702,ACE/USDT:USDT,0.5773,4.0,0.5772,31.0,0.5776,52.0,0.5777,27.0
1753547018902,16:23:38.902,ACE/USDT:USDT,0.5773,4.0,0.5772,31.0,0.5776,52.0,0.5777,27.0
1753547019102,16:23:39.102,ACE/USDT:USDT,0.5773,4.0,0.5772,31.0,0.5776,52.0,0.5777,27.0
1753547019202,16:23:39.202,ACE/USDT:USDT,0.5773,4.0,0.5772,31.0,0.5776,52.0,0.5777,27.0
1753547019902,16:23:39.902,ACE/USDT:USDT,0.5773,4.0,0.5772,31.0,0.5776,52.0,0.5777,27.0
1753547021802,16:23:41.802,ACE/USDT:USDT,0.5773,34.0,0.5772,31.0,0.5778,27.0,0.5779,161.0
1753547022502,16:23:42.502,ACE/USDT:USDT,0.5773,34.0,0.5772,31.0,0.5778,27.0,0.5779,161.0
1753547022702,16:23:42.702,ACE/USDT:USDT,0.5773,34.0,0.5772,31.0,0.5778,27.0,0.5779,161.0
1753547022802,16:23:42.802,ACE/USDT:USDT,0.5773,34.0,0.5772,31.0,0.5778,27.0,0.5779,161.0
1753547023702,16:23:43.702,ACE/USDT:USDT,0.5773,34.0,0.5772,31.0,0.5778,27.0,0.5779,161.0
1753547024102,16:23:44.102,ACE/USDT:USDT,0.5773,34.0,0.5772,31.0,0.5778,302.0,0.5779,161.0
1753547024402,16:23:44.402,ACE/USDT:USDT,0.5773,34.0,0.5772,31.0,0.5778,469.0,0.5779,334.0
1753547025202,16:23:45.202,ACE/USDT:USDT,0.5773,34.0,0.5772,31.0,0.5778,613.0,0.5779,504.0
1753547025502,16:23:45.502,ACE/USDT:USDT,0.5773,34.0,0.5772,31.0,0.5778,613.0,0.5779,504.0
1753547025602,16:23:45.602,ACE/USDT:USDT,0.5773,34.0,0.5772,31.0,0.5778,613.0,0.5779,504.0
1753547025902,16:23:45.902,ACE/USDT:USDT,0.5773,34.0,0.5772,31.0,0.5778,469.0,0.5779,504.0
1753547026202,16:23:46.202,ACE/USDT:USDT,0.5773,34.0,0.5772,31.0,0.5778,302.0,0.5779,161.0
1753547026602,16:23:46.602,ACE/USDT:USDT,0.5773,34.0,0.5772,31.0,0.5778,302.0,0.5779,161.0
1753547027402,16:23:47.402,ACE/USDT:USDT,0.5773,34.0,0.5772,31.0,0.5778,302.0,0.5779,161.0
1753547028702,16:23:48.702,ACE/USDT:USDT,0.5773,34.0,0.5772,31.0,0.5778,27.0,0.5779,161.0
1753547028802,16:23:48.802,ACE/USDT:USDT,0.5773,34.0,0.5772,31.0,0.5778,27.0,0.5779,161.0
1753547029202,16:23:49.202,ACE/USDT:USDT,0.5773,34.0,0.5772,31.0,0.5778,27.0,0.5779,161.0
1753547029302,16:23:49.302,ACE/USDT:USDT,0.5773,34.0,0.5772,31.0,0.5778,27.0,0.5779,161.0
1753547029402,16:23:49.402,ACE/USDT:USDT,0.5773,34.0,0.5772,31.0,0.5778,27.0,0.5779,161.0
1753547029902,16:23:49.902,ACE/USDT:USDT,0.5773,38.0,0.5772,31.0,0.5778,27.0,0.5779,161.0
1753547030802,16:23:50.802,ACE/USDT:USDT,0.5773,38.0,0.5772,31.0,0.5778,27.0,0.5779,161.0
1753547030902,16:23:50.902,ACE/USDT:USDT,0.5773,38.0,0.5772,31.0,0.5778,27.0,0.5779,161.0
1753547031002,16:23:51.002,ACE/USDT:USDT,0.5773,38.0,0.5772,31.0,0.5778,27.0,0.5779,161.0
1753547031202,16:23:51.202,ACE/USDT:USDT,0.5773,38.0,0.5772,31.0,0.5778,27.0,0.5779,161.0
1753547032402,16:23:52.402,ACE/USDT:USDT,0.5773,38.0,0.5772,31.0,0.5778,27.0,0.5779,161.0
1753547033702,16:23:53.702,ACE/USDT:USDT,0.5773,38.0,0.5772,31.0,0.5778,27.0,0.5779,334.0
1753547035002,16:23:55.002,ACE/USDT:USDT,0.5773,38.0,0.5772,31.0,0.5778,194.0,0.5779,334.0
1753547035202,16:23:55.202,ACE/USDT:USDT,0.5773,38.0,0.5772,31.0,0.5778,194.0,0.5779,334.0
1753547036302,16:23:56.302,ACE/USDT:USDT,0.5773,38.0,0.5772,31.0,0.5778,194.0,0.5779,466.0
1753547037002,16:23:57.002,ACE/USDT:USDT,0.5773,38.0,0.5772,31.0,0.5778,194.0,0.5779,466.0
1753547037202,16:23:57.202,ACE/USDT:USDT,0.5773,38.0,0.5772,31.0,0.5778,194.0,0.5779,466.0
1753547037502,16:23:57.502,ACE/USDT:USDT,0.5773,38.0,0.5772,31.0,0.5778,194.0,0.5779,466.0
1753547038402,16:23:58.402,ACE/USDT:USDT,0.5773,38.0,0.5772,31.0,0.5778,194.0,0.5779,466.0
1753547038502,16:23:58.502,ACE/USDT:USDT,0.5773,38.0,0.5772,31.0,0.5778,194.0,0.5779,466.0
1753547038802,16:23:58.802,ACE/USDT:USDT,0.5773,38.0,0.5772,31.0,0.5778,194.0,0.5779,466.0
1753547039202,16:23:59.202,ACE/USDT:USDT,0.5773,38.0,0.5772,31.0,0.5778,194.0,0.5779,466.0
1753547039302,16:23:59.302,ACE/USDT:USDT,0.5773,38.0,0.5772,31.0,0.5778,194.0,0.5779,466.0
1753547039802,16:23:59.802,ACE/USDT:USDT,0.5773,38.0,0.5772,31.0,0.5778,194.0,0.5779,466.0
1753547039902,16:23:59.902,ACE/USDT:USDT,0.5773,38.0,0.5772,31.0,0.5778,194.0,0.5779,466.0
1753547040002,16:24:00.002,ACE/USDT:USDT,0.5773,38.0,0.5772,31.0,0.5778,194.0,0.5779,466.0
1753547041402,16:24:01.402,ACE/USDT:USDT,0.5773,38.0,0.5772,31.0,0.5778,28.0,0.5779,161.0
1753547041502,16:24:01.502,ACE/USDT:USDT,0.5773,38.0,0.5772,31.0,0.5778,28.0,0.5779,161.0
1753547041602,16:24:01.602,ACE/USDT:USDT,0.5773,38.0,0.5772,31.0,0.5778,28.0,0.5779,161.0
1753547041802,16:24:01.802,ACE/USDT:USDT,0.5773,38.0,0.5772,31.0,0.5778,28.0,0.5779,161.0
1753547042002,16:24:02.002,ACE/USDT:USDT,0.5773,38.0,0.5772,31.0,0.5778,28.0,0.5779,161.0
1753547042102,16:24:02.102,ACE/USDT:USDT,0.5773,38.0,0.5772,31.0,0.5778,28.0,0.5779,161.0
1753547042302,16:24:02.302,ACE/USDT:USDT,0.5773,38.0,0.5772,31.0,0.5778,28.0,0.5779,161.0
1753547042602,16:24:02.602,ACE/USDT:USDT,0.5773,38.0,0.5772,31.0,0.5778,28.0,0.5779,161.0
1753547042702,16:24:02.702,ACE/USDT:USDT,0.5773,38.0,0.5772,31.0,0.5778,28.0,0.5779,161.0
1753547043202,16:24:03.202,ACE/USDT:USDT,0.5773,38.0,0.5772,31.0,0.5778,28.0,0.5779,161.0
1753547043302,16:24:03.302,ACE/USDT:USDT,0.5773,38.0,0.5772,31.0,0.5778,28.0,0.5779,161.0
1753547043602,16:24:03.602,ACE/USDT:USDT,0.5773,60.0,0.5772,31.0,0.5778,28.0,0.5779,161.0
1753547043802,16:24:03.802,ACE/USDT:USDT,0.5773,60.0,0.5772,31.0,0.5778,28.0,0.5779,161.0
1753547043902,16:24:03.902,ACE/USDT:USDT,0.5773,60.0,0.5772,31.0,0.5778,28.0,0.5779,161.0
1753547044002,16:24:04.002,ACE/USDT:USDT,0.5773,60.0,0.5772,31.0,0.5778,28.0,0.5779,161.0
1753547044302,16:24:04.302,ACE/USDT:USDT,0.5773,60.0,0.5772,204.0,0.5778,28.0,0.5779,161.0
1753547045402,16:24:05.402,ACE/USDT:USDT,0.5773,60.0,0.5772,492.0,0.5778,28.0,0.5779,161.0
1753547045502,16:24:05.502,ACE/USDT:USDT,0.5773,60.0,0.5772,492.0,0.5778,28.0,0.5779,161.0
1753547045602,16:24:05.602,ACE/USDT:USDT,0.5773,60.0,0.5772,492.0,0.5778,28.0,0.5779,161.0
1753547045902,16:24:05.902,ACE/USDT:USDT,0.5773,60.0,0.5772,492.0,0.5778,28.0,0.5779,161.0
1753547046002,16:24:06.002,ACE/USDT:USDT,0.5773,60.0,0.5772,492.0,0.5778,28.0,0.5779,161.0
1753547046502,16:24:06.502,ACE/USDT:USDT,0.5773,60.0,0.5772,492.0,0.5778,28.0,0.5779,161.0
1753547047102,16:24:07.102,ACE/USDT:USDT,0.5773,60.0,0.5772,492.0,0.5778,28.0,0.5779,161.0
1753547047202,16:24:07.202,ACE/USDT:USDT,0.5773,60.0,0.5772,492.0,0.5778,28.0,0.5779,161.0
1753547047502,16:24:07.502,ACE/USDT:USDT,0.5773,60.0,0.5772,492.0,0.5778,28.0,0.5779,161.0
1753547047602,16:24:07.602,ACE/USDT:USDT,0.5773,60.0,0.5772,492.0,0.5778,28.0,0.5779,161.0
1753547047702,16:24:07.702,ACE/USDT:USDT,0.5773,60.0,0.5772,492.0,0.5778,28.0,0.5779,161.0
1753547048202,16:24:08.202,ACE/USDT:USDT,0.5773,60.0,0.5772,492.0,0.5778,28.0,0.5779,161.0
1753547048502,16:24:08.502,ACE/USDT:USDT,0.5773,60.0,0.5772,259.0,0.5778,28.0,0.5779,161.0
1753547049402,16:24:09.402,ACE/USDT:USDT,0.5773,60.0,0.5772,259.0,0.5778,28.0,0.5779,161.0
1753547049502,16:24:09.502,ACE/USDT:USDT,0.5773,60.0,0.5772,259.0,0.5778,28.0,0.5779,161.0
1753547049602,16:24:09.602,ACE/USDT:USDT,0.5773,60.0,0.5772,259.0,0.5778,28.0,0.5779,161.0
1753547050502,16:24:10.502,ACE/USDT:USDT,0.5773,60.0,0.5772,259.0,0.5778,28.0,0.5779,161.0
1753547050702,16:24:10.702,ACE/USDT:USDT,0.5773,60.0,0.5772,432.0,0.5778,28.0,0.5779,161.0
1753547051302,16:24:11.302,ACE/USDT:USDT,0.5773,60.0,0.5772,432.0,0.5778,28.0,0.5779,161.0
1753547051402,16:24:11.402,ACE/USDT:USDT,0.5773,88.0,0.5772,432.0,0.5778,28.0,0.5779,161.0
1753547053202,16:24:13.202,ACE/USDT:USDT,0.5773,60.0,0.5772,1117.0,0.5778,1.0,0.5779,134.0
1753547053302,16:24:13.302,ACE/USDT:USDT,0.5773,60.0,0.5772,1117.0,0.5778,1.0,0.5779,134.0
1753547053802,16:24:13.802,ACE/USDT:USDT,0.5773,60.0,0.5772,1117.0,0.5778,1.0,0.5779,134.0
1753547054402,16:24:14.402,ACE/USDT:USDT,0.5773,60.0,0.5772,1117.0,0.5778,1.0,0.5779,134.0
1753547054702,16:24:14.702,ACE/USDT:USDT,0.5773,60.0,0.5772,1117.0,0.5778,1.0,0.5779,134.0
1753547054902,16:24:14.902,ACE/USDT:USDT,0.5773,60.0,0.5772,772.0,0.5778,1.0,0.5779,134.0
1753547055402,16:24:15.402,ACE/USDT:USDT,0.5773,61.0,0.5772,772.0,0.5778,1.0,0.5779,134.0
1753547056002,16:24:16.002,ACE/USDT:USDT,0.5773,61.0,0.5772,772.0,0.5778,1.0,0.5779,161.0
1753547056402,16:24:16.402,ACE/USDT:USDT,0.5773,61.0,0.5772,772.0,0.5778,1.0,0.5779,161.0
1753547057102,16:24:17.102,ACE/USDT:USDT,0.5773,61.0,0.5772,772.0,0.5778,1.0,0.5779,161.0
1753547057602,16:24:17.602,ACE/USDT:USDT,0.5773,61.0,0.5772,259.0,0.5778,1.0,0.5779,161.0
1753547057702,16:24:17.702,ACE/USDT:USDT,0.5773,61.0,0.5772,259.0,0.5778,1.0,0.5779,161.0
1753547058302,16:24:18.302,ACE/USDT:USDT,0.5773,61.0,0.5772,259.0,0.5778,1.0,0.5779,161.0
1753547058402,16:24:18.402,ACE/USDT:USDT,0.5773,61.0,0.5772,772.0,0.5778,1.0,0.5779,161.0
1753547059202,16:24:19.202,ACE/USDT:USDT,0.5773,61.0,0.5772,772.0,0.5778,1.0,0.5779,161.0
1753547060302,16:24:20.302,ACE/USDT:USDT,0.5774,119.0,0.5773,39.0,0.5778,1.0,0.5779,27.0
1753547061002,16:24:21.002,ACE/USDT:USDT,0.5774,119.0,0.5773,39.0,0.5778,1.0,0.5779,27.0
1753547061502,16:24:21.502,ACE/USDT:USDT,0.5774,58.0,0.5773,39.0,0.5778,1.0,0.5779,27.0
1753547061702,16:24:21.702,ACE/USDT:USDT,0.5774,58.0,0.5773,39.0,0.5778,1.0,0.5779,27.0
1753547061902,16:24:21.902,ACE/USDT:USDT,0.5774,58.0,0.5773,39.0,0.5778,1.0,0.5779,27.0
1753547064602,16:24:24.602,ACE/USDT:USDT,0.5774,155.0,0.5773,39.0,0.5778,1.0,0.5779,27.0
1753547065302,16:24:25.302,ACE/USDT:USDT,0.5774,58.0,0.5773,39.0,0.5778,1.0,0.5779,27.0
1753547065902,16:24:25.902,ACE/USDT:USDT,0.5774,155.0,0.5773,39.0,0.5778,1.0,0.5779,27.0
1753547066802,16:24:26.802,ACE/USDT:USDT,0.5774,58.0,0.5773,39.0,0.5778,1.0,0.5779,27.0
1753547067202,16:24:27.202,ACE/USDT:USDT,0.5774,58.0,0.5773,39.0,0.5778,1.0,0.5779,27.0
1753547067302,16:24:27.302,ACE/USDT:USDT,0.5774,58.0,0.5773,39.0,0.5778,1.0,0.5779,27.0
1753547067502,16:24:27.502,ACE/USDT:USDT,0.5774,58.0,0.5773,39.0,0.5778,1.0,0.5779,27.0
1753547067802,16:24:27.802,ACE/USDT:USDT,0.5774,58.0,0.5773,39.0,0.5778,1.0,0.5779,27.0
1753547068102,16:24:28.102,ACE/USDT:USDT,0.5774,58.0,0.5773,39.0,0.5778,1.0,0.5779,27.0
1753547068602,16:24:28.602,ACE/USDT:USDT,0.5774,58.0,0.5773,39.0,0.5778,1.0,0.5779,27.0
1753547068902,16:24:28.902,ACE/USDT:USDT,0.5774,58.0,0.5773,39.0,0.5778,1.0,0.5779,27.0
1753547069902,16:24:29.902,ACE/USDT:USDT,0.5774,58.0,0.5773,127.0,0.5778,1.0,0.578,246.0
1753547070302,16:24:30.302,ACE/USDT:USDT,0.5775,30.0,0.5774,58.0,0.5778,1.0,0.578,246.0
1753547070402,16:24:30.402,ACE/USDT:USDT,0.5775,30.0,0.5774,58.0,0.5778,1.0,0.578,246.0
1753547070502,16:24:30.502,ACE/USDT:USDT,0.5775,30.0,0.5774,58.0,0.5778,1.0,0.578,246.0
1753547070902,16:24:30.902,ACE/USDT:USDT,0.5775,30.0,0.5774,58.0,0.5778,1.0,0.578,246.0
1753547071502,16:24:31.502,ACE/USDT:USDT,0.5775,30.0,0.5774,58.0,0.5778,1.0,0.578,246.0
1753547072202,16:24:32.202,ACE/USDT:USDT,0.5775,30.0,0.5774,86.0,0.5778,1.0,0.578,246.0
1753547072302,16:24:32.302,ACE/USDT:USDT,0.5775,30.0,0.5774,86.0,0.5778,1.0,0.578,246.0
1753547073502,16:24:33.502,ACE/USDT:USDT,0.5779,30.0,0.5778,556.0,0.5784,91.0,0.5785,396.0
1753547074502,16:24:34.502,ACE/USDT:USDT,0.5779,30.0,0.5778,28.0,0.5784,27.0,0.5785,161.0
1753547074702,16:24:34.702,ACE/USDT:USDT,0.5779,30.0,0.5778,28.0,0.5784,27.0,0.5785,161.0
1753547074802,16:24:34.802,ACE/USDT:USDT,0.5779,30.0,0.5778,28.0,0.5784,27.0,0.5785,161.0
1753547075002,16:24:35.002,ACE/USDT:USDT,0.5779,30.0,0.5778,28.0,0.5784,27.0,0.5785,161.0
1753547075502,16:24:35.502,ACE/USDT:USDT,0.5779,30.0,0.5778,28.0,0.5784,27.0,0.5785,161.0
1753547077002,16:24:37.002,ACE/USDT:USDT,0.5779,134.0,0.5778,457.0,0.5784,27.0,0.5785,161.0
1753547077202,16:24:37.202,ACE/USDT:USDT,0.5779,30.0,0.5778,685.0,0.5784,27.0,0.5785,161.0
1753547077502,16:24:37.502,ACE/USDT:USDT,0.5779,30.0,0.5778,1047.0,0.5784,27.0,0.5785,161.0
1753547077802,16:24:37.802,ACE/USDT:USDT,0.5779,30.0,0.5778,1047.0,0.5784,27.0,0.5785,161.0
1753547078302,16:24:38.302,ACE/USDT:USDT,0.5779,30.0,0.5778,1047.0,0.5784,27.0,0.5785,161.0
1753547078602,16:24:38.602,ACE/USDT:USDT,0.5779,30.0,0.5778,1047.0,0.5784,27.0,0.5785,161.0
1753547078702,16:24:38.702,ACE/USDT:USDT,0.5779,30.0,0.5778,1047.0,0.5784,27.0,0.5785,161.0
1753547079002,16:24:39.002,ACE/USDT:USDT,0.5779,134.0,0.5778,1047.0,0.5784,27.0,0.5785,161.0
1753547080302,16:24:40.302,ACE/USDT:USDT,0.5779,30.0,0.5778,1047.0,0.5784,27.0,0.5785,161.0
1753547080502,16:24:40.502,ACE/USDT:USDT,0.5779,30.0,0.5778,1047.0,0.5784,27.0,0.5785,161.0
1753547080702,16:24:40.702,ACE/USDT:USDT,0.5779,30.0,0.5778,1047.0,0.5784,27.0,0.5785,161.0
1753547080802,16:24:40.802,ACE/USDT:USDT,0.5779,30.0,0.5778,1047.0,0.5784,27.0,0.5785,161.0
1753547081502,16:24:41.502,ACE/USDT:USDT,0.5779,30.0,0.5778,1047.0,0.5784,27.0,0.5785,161.0
1753547081702,16:24:41.702,ACE/USDT:USDT,0.5779,30.0,0.5778,1047.0,0.5784,27.0,0.5785,161.0
1753547082002,16:24:42.002,ACE/USDT:USDT,0.5779,30.0,0.5778,1047.0,0.5784,27.0,0.5785,161.0
1753547083002,16:24:43.002,ACE/USDT:USDT,0.5779,58.0,0.5778,1399.0,0.5784,27.0,0.5785,161.0
1753547083602,16:24:43.602,ACE/USDT:USDT,0.5779,58.0,0.5778,1912.0,0.5784,27.0,0.5785,161.0
1753547083702,16:24:43.702,ACE/USDT:USDT,0.5779,58.0,0.5778,1912.0,0.5784,27.0,0.5785,161.0
1753547083902,16:24:43.902,ACE/USDT:USDT,0.5779,58.0,0.5778,1912.0,0.5784,27.0,0.5785,161.0
1753547084202,16:24:44.202,ACE/USDT:USDT,0.5779,58.0,0.5778,1912.0,0.5784,27.0,0.5785,161.0
1753547085702,16:24:45.702,ACE/USDT:USDT,0.5779,30.0,0.5778,1912.0,0.5784,27.0,0.5785,161.0
1753547085902,16:24:45.902,ACE/USDT:USDT,0.5779,30.0,0.5778,1912.0,0.5784,27.0,0.5785,161.0
1753547086402,16:24:46.402,ACE/USDT:USDT,0.5779,30.0,0.5778,1940.0,0.5782,52.0,0.5784,82.0
1753547086802,16:24:46.802,ACE/USDT:USDT,0.5779,30.0,0.5778,1912.0,0.5784,27.0,0.5785,161.0
1753547087202,16:24:47.202,ACE/USDT:USDT,0.5779,30.0,0.5778,1912.0,0.5784,27.0,0.5785,161.0
1753547087502,16:24:47.502,ACE/USDT:USDT,0.5779,30.0,0.5778,1912.0,0.5784,27.0,0.5785,161.0
1753547088102,16:24:48.102,ACE/USDT:USDT,0.5779,30.0,0.5778,1399.0,0.5784,27.0,0.5785,161.0
1753547088402,16:24:48.402,ACE/USDT:USDT,0.5779,30.0,0.5778,819.0,0.5784,27.0,0.5785,161.0
1753547088802,16:24:48.802,ACE/USDT:USDT,0.5779,30.0,0.5778,819.0,0.5784,27.0,0.5785,161.0
1753547089102,16:24:49.102,ACE/USDT:USDT,0.5779,30.0,0.5778,819.0,0.5784,27.0,0.5785,161.0
1753547089402,16:24:49.402,ACE/USDT:USDT,0.5779,30.0,0.5778,819.0,0.5784,27.0,0.5785,161.0
1753547089602,16:24:49.602,ACE/USDT:USDT,0.5779,30.0,0.5778,819.0,0.5784,27.0,0.5785,161.0
1753547089702,16:24:49.702,ACE/USDT:USDT,0.5779,30.0,0.5778,819.0,0.5784,27.0,0.5785,161.0
1753547090602,16:24:50.602,ACE/USDT:USDT,0.5779,58.0,0.5778,819.0,0.5784,27.0,0.5785,161.0
1753547090802,16:24:50.802,ACE/USDT:USDT,0.5779,58.0,0.5778,1047.0,0.5784,27.0,0.5785,161.0
1753547093002,16:24:53.002,ACE/USDT:USDT,0.5779,30.0,0.5778,1399.0,0.5784,27.0,0.5785,161.0
1753547093102,16:24:53.102,ACE/USDT:USDT,0.5779,30.0,0.5778,1399.0,0.5784,27.0,0.5785,161.0
1753547094202,16:24:54.202,ACE/USDT:USDT,0.5779,30.0,0.5778,1399.0,0.5784,27.0,0.5785,161.0
1753547094502,16:24:54.502,ACE/USDT:USDT,0.5779,30.0,0.5778,1399.0,0.5784,27.0,0.5785,161.0
1753547094702,16:24:54.702,ACE/USDT:USDT,0.5779,30.0,0.5778,1399.0,0.5784,27.0,0.5785,161.0
1753547095502,16:24:55.502,ACE/USDT:USDT,0.5779,30.0,0.5778,1399.0,0.5784,27.0,0.5785,161.0
1753547096502,16:24:56.502,ACE/USDT:USDT,0.5779,120.0,0.5778,1399.0,0.5784,27.0,0.5785,161.0
1753547096602,16:24:56.602,ACE/USDT:USDT,0.5779,38.0,0.5778,1399.0,0.5784,27.0,0.5785,161.0
1753547096902,16:24:56.902,ACE/USDT:USDT,0.5779,38.0,0.5778,1399.0,0.5784,27.0,0.5785,161.0
1753547097402,16:24:57.402,ACE/USDT:USDT,0.5779,38.0,0.5778,1399.0,0.5784,27.0,0.5785,161.0
1753547097902,16:24:57.902,ACE/USDT:USDT,0.5779,38.0,0.5778,1399.0,0.5784,27.0,0.5785,161.0
1753547098202,16:24:58.202,ACE/USDT:USDT,0.5779,38.0,0.5778,1399.0,0.5784,27.0,0.5785,161.0
1753547098802,16:24:58.802,ACE/USDT:USDT,0.5779,38.0,0.5778,1399.0,0.5784,27.0,0.5785,161.0
1753547099602,16:24:59.602,ACE/USDT:USDT,0.5779,38.0,0.5778,1171.0,0.5784,27.0,0.5785,161.0
1753547099902,16:24:59.902,ACE/USDT:USDT,0.5779,38.0,0.5778,1171.0,0.5784,27.0,0.5785,161.0
1753547100202,16:25:00.202,ACE/USDT:USDT,0.5779,38.0,0.5778,1171.0,0.5784,27.0,0.5785,161.0
1753547101002,16:25:01.002,ACE/USDT:USDT,0.5779,38.0,0.5778,457.0,0.5784,27.0,0.5785,161.0
1753547101402,16:25:01.402,ACE/USDT:USDT,0.5779,38.0,0.5778,28.0,0.5784,36.0,0.5785,161.0
1753547101502,16:25:01.502,ACE/USDT:USDT,0.5779,38.0,0.5778,28.0,0.5784,41.0,0.5785,161.0
1753547101702,16:25:01.702,ACE/USDT:USDT,0.5779,38.0,0.5778,28.0,0.5784,41.0,0.5785,161.0
1753547102802,16:25:02.802,ACE/USDT:USDT,0.5779,38.0,0.5778,28.0,0.5784,32.0,0.5785,161.0
1753547103402,16:25:03.402,ACE/USDT:USDT,0.5779,38.0,0.5778,28.0,0.5784,32.0,0.5785,161.0
1753547103702,16:25:03.702,ACE/USDT:USDT,0.5779,38.0,0.5778,28.0,0.5784,32.0,0.5785,161.0
1753547104202,16:25:04.202,ACE/USDT:USDT,0.5779,38.0,0.5778,28.0,0.5784,32.0,0.5785,161.0
1753547104302,16:25:04.302,ACE/USDT:USDT,0.5779,38.0,0.5778,28.0,0.5784,32.0,0.5785,161.0
1753547105102,16:25:05.102,ACE/USDT:USDT,0.5779,8.0,0.5778,1.0,0.5782,27.0,0.5783,27.0
1753547105402,16:25:05.402,ACE/USDT:USDT,0.5779,8.0,0.5778,1.0,0.5782,79.0,0.5783,27.0
1753547105802,16:25:05.802,ACE/USDT:USDT,0.5779,8.0,0.5778,1.0,0.5782,79.0,0.5783,27.0
1753547107202,16:25:07.202,ACE/USDT:USDT,0.5779,8.0,0.5778,1.0,0.5781,61.0,0.5782,27.0
1753547107402,16:25:07.402,ACE/USDT:USDT,0.5779,8.0,0.5778,1.0,0.5781,61.0,0.5782,27.0
1753547107702,16:25:07.702,ACE/USDT:USDT,0.5779,8.0,0.5778,1.0,0.5781,61.0,0.5782,27.0
1753547108202,16:25:08.202,ACE/USDT:USDT,0.5775,32.0,0.5774,81.0,0.5778,68.0,0.5779,194.0
1753547108602,16:25:08.602,ACE/USDT:USDT,0.5775,32.0,0.5774,81.0,0.5778,9.0,0.5779,27.0
1753547109202,16:25:09.202,ACE/USDT:USDT,0.5775,32.0,0.5774,81.0,0.5778,9.0,0.5779,27.0
1753547109402,16:25:09.402,ACE/USDT:USDT,0.5775,32.0,0.5774,81.0,0.5778,9.0,0.5779,27.0
1753547109502,16:25:09.502,ACE/USDT:USDT,0.5775,32.0,0.5774,81.0,0.5778,9.0,0.5779,27.0
1753547109602,16:25:09.602,ACE/USDT:USDT,0.5775,32.0,0.5774,81.0,0.5778,9.0,0.5779,27.0
1753547109902,16:25:09.902,ACE/USDT:USDT,0.5775,32.0,0.5774,81.0,0.5778,9.0,0.5779,27.0
1753547110002,16:25:10.002,ACE/USDT:USDT,0.5775,32.0,0.5774,81.0,0.5779,27.0,0.578,30.0
1753547110102,16:25:10.102,ACE/USDT:USDT,0.5775,32.0,0.5774,81.0,0.5779,27.0,0.578,30.0
1753547110202,16:25:10.202,ACE/USDT:USDT,0.5775,32.0,0.5774,81.0,0.5779,27.0,0.578,30.0
1753547110502,16:25:10.502,ACE/USDT:USDT,0.5775,32.0,0.5774,81.0,0.5779,27.0,0.578,30.0
1753547110702,16:25:10.702,ACE/USDT:USDT,0.5775,32.0,0.5774,81.0,0.5779,27.0,0.578,30.0
1753547110902,16:25:10.902,ACE/USDT:USDT,0.5775,32.0,0.5774,81.0,0.5779,27.0,0.578,30.0
1753547111102,16:25:11.102,ACE/USDT:USDT,0.5775,32.0,0.5774,81.0,0.5779,27.0,0.578,30.0
1753547111202,16:25:11.202,ACE/USDT:USDT,0.5775,32.0,0.5774,81.0,0.5779,27.0,0.578,30.0
1753547111702,16:25:11.702,ACE/USDT:USDT,0.5775,32.0,0.5774,81.0,0.5779,27.0,0.578,30.0
1753547111902,16:25:11.902,ACE/USDT:USDT,0.5775,32.0,0.5774,81.0,0.5779,27.0,0.578,30.0
1753547112102,16:25:12.102,ACE/USDT:USDT,0.5775,32.0,0.5774,81.0,0.5779,27.0,0.578,30.0
1753547112502,16:25:12.502,ACE/USDT:USDT,0.5775,32.0,0.5774,81.0,0.5779,27.0,0.578,30.0
1753547112902,16:25:12.902,ACE/USDT:USDT,0.5775,32.0,0.5774,81.0,0.5779,79.0,0.578,30.0
1753547113902,16:25:13.902,ACE/USDT:USDT,0.5775,32.0,0.5774,81.0,0.5778,52.0,0.5779,27.0
1753547114302,16:25:14.302,ACE/USDT:USDT,0.5775,32.0,0.5774,81.0,0.5778,52.0,0.5779,27.0
1753547114902,16:25:14.902,ACE/USDT:USDT,0.5775,32.0,0.5774,81.0,0.5778,52.0,0.5779,27.0
1753547115402,16:25:15.402,ACE/USDT:USDT,0.5775,32.0,0.5774,81.0,0.5778,52.0,0.5779,27.0
1753547115502,16:25:15.502,ACE/USDT:USDT,0.5775,32.0,0.5774,81.0,0.5778,52.0,0.5779,27.0
1753547116502,16:25:16.502,ACE/USDT:USDT,0.5775,32.0,0.5774,81.0,0.5778,52.0,0.5779,171.0
1753547117602,16:25:17.602,ACE/USDT:USDT,0.5775,32.0,0.5774,81.0,0.5778,52.0,0.5779,27.0
1753547117802,16:25:17.802,ACE/USDT:USDT,0.5775,32.0,0.5774,81.0,0.5778,52.0,0.5779,27.0
1753547117902,16:25:17.902,ACE/USDT:USDT,0.5775,32.0,0.5774,81.0,0.5778,52.0,0.5779,27.0
1753547118102,16:25:18.102,ACE/USDT:USDT,0.5775,32.0,0.5774,81.0,0.5778,52.0,0.5779,27.0
1753547118402,16:25:18.402,ACE/USDT:USDT,0.5774,80.0,0.5773,27.0,0.5778,84.0,0.5779,27.0
1753547119202,16:25:19.202,ACE/USDT:USDT,0.5774,80.0,0.5773,27.0,0.5778,84.0,0.5779,27.0
1753547119702,16:25:19.702,ACE/USDT:USDT,0.5774,80.0,0.5773,27.0,0.5778,84.0,0.5779,27.0
1753547120102,16:25:20.102,ACE/USDT:USDT,0.5774,80.0,0.5773,27.0,0.5778,84.0,0.5779,27.0
1753547120602,16:25:20.602,ACE/USDT:USDT,0.5774,80.0,0.5773,27.0,0.5778,84.0,0.5779,27.0
1753547120802,16:25:20.802,ACE/USDT:USDT,0.5774,80.0,0.5773,27.0,0.5778,84.0,0.5779,27.0
1753547120902,16:25:20.902,ACE/USDT:USDT,0.5774,80.0,0.5773,27.0,0.5778,84.0,0.5779,27.0
1753547121302,16:25:21.302,ACE/USDT:USDT,0.5774,80.0,0.5773,27.0,0.5778,84.0,0.5779,27.0
1753547122002,16:25:22.002,ACE/USDT:USDT,0.5774,80.0,0.5773,27.0,0.5778,84.0,0.5779,27.0
1753547123002,16:25:23.002,ACE/USDT:USDT,0.5774,80.0,0.5773,27.0,0.5778,84.0,0.5779,27.0
1753547123302,16:25:23.302,ACE/USDT:USDT,0.5774,80.0,0.5773,27.0,0.5778,84.0,0.5779,27.0
1753547123402,16:25:23.402,ACE/USDT:USDT,0.5774,80.0,0.5773,27.0,0.5778,84.0,0.5779,27.0
1753547123502,16:25:23.502,ACE/USDT:USDT,0.5774,80.0,0.5773,27.0,0.5778,84.0,0.5779,27.0
1753547124002,16:25:24.002,ACE/USDT:USDT,0.5774,80.0,0.5773,27.0,0.5778,84.0,0.5779,27.0
1753547124202,16:25:24.202,ACE/USDT:USDT,0.5774,80.0,0.5773,27.0,0.5778,84.0,0.5779,27.0
1753547124702,16:25:24.702,ACE/USDT:USDT,0.5774,80.0,0.5773,27.0,0.5778,84.0,0.5779,27.0
1753547125202,16:25:25.202,ACE/USDT:USDT,0.5774,80.0,0.5773,27.0,0.5778,84.0,0.5779,194.0
1753547125402,16:25:25.402,ACE/USDT:USDT,0.5774,80.0,0.5773,27.0,0.5778,84.0,0.5779,194.0
1753547125602,16:25:25.602,ACE/USDT:USDT,0.5774,80.0,0.5773,27.0,0.5778,84.0,0.5779,194.0
1753547125902,16:25:25.902,ACE/USDT:USDT,0.5774,80.0,0.5773,27.0,0.5778,84.0,0.5779,194.0
1753547126102,16:25:26.102,ACE/USDT:USDT,0.5774,80.0,0.5773,27.0,0.5778,84.0,0.5779,194.0
1753547126302,16:25:26.302,ACE/USDT:USDT,0.5774,80.0,0.5773,27.0,0.5778,84.0,0.5779,194.0
1753547126702,16:25:26.702,ACE/USDT:USDT,0.5774,80.0,0.5773,27.0,0.5778,84.0,0.5779,27.0
1753547126902,16:25:26.902,ACE/USDT:USDT,0.5774,80.0,0.5773,27.0,0.5778,84.0,0.5779,27.0
1753547127602,16:25:27.602,ACE/USDT:USDT,0.5774,80.0,0.5773,27.0,0.5778,84.0,0.5779,27.0
1753547127902,16:25:27.902,ACE/USDT:USDT,0.5774,80.0,0.5773,27.0,0.5778,84.0,0.5779,27.0
1753547128002,16:25:28.002,ACE/USDT:USDT,0.5774,80.0,0.5773,27.0,0.5778,84.0,0.5779,27.0
1753547128202,16:25:28.202,ACE/USDT:USDT,0.5775,65.0,0.5774,108.0,0.5778,32.0,0.578,30.0
1753547128702,16:25:28.702,ACE/USDT:USDT,0.5775,38.0,0.5774,108.0,0.5778,32.0,0.578,30.0
1753547129002,16:25:29.002,ACE/USDT:USDT,0.5775,38.0,0.5774,108.0,0.5778,32.0,0.578,30.0
1753547129102,16:25:29.102,ACE/USDT:USDT,0.5775,38.0,0.5774,108.0,0.5778,32.0,0.578,30.0
1753547129202,16:25:29.202,ACE/USDT:USDT,0.5775,38.0,0.5774,108.0,0.5778,32.0,0.578,30.0
1753547130102,16:25:30.102,ACE/USDT:USDT,0.5775,38.0,0.5774,108.0,0.5778,32.0,0.5779,311.0
1753547130302,16:25:30.302,ACE/USDT:USDT,0.5774,107.0,0.5773,27.0,0.5778,32.0,0.5779,311.0
1753547130502,16:25:30.502,ACE/USDT:USDT,0.5774,107.0,0.5773,27.0,0.5778,32.0,0.5779,311.0
1753547130902,16:25:30.902,ACE/USDT:USDT,0.5774,107.0,0.5773,27.0,0.5778,84.0,0.5779,311.0
1753547131002,16:25:31.002,ACE/USDT:USDT,0.5774,107.0,0.5773,27.0,0.5778,84.0,0.5779,311.0
1753547131102,16:25:31.102,ACE/USDT:USDT,0.5774,107.0,0.5773,27.0,0.5778,93.0,0.5779,311.0
1753547132302,16:25:32.302,ACE/USDT:USDT,0.5774,107.0,0.5773,27.0,0.5778,93.0,0.5779,311.0
1753547133002,16:25:33.002,ACE/USDT:USDT,0.5774,107.0,0.5773,27.0,0.5778,93.0,0.5779,167.0
1753547134102,16:25:34.102,ACE/USDT:USDT,0.5774,107.0,0.5773,27.0,0.5778,84.0,0.5779,167.0
1753547134302,16:25:34.302,ACE/USDT:USDT,0.5774,107.0,0.5773,27.0,0.5778,84.0,0.5779,167.0
1753547135902,16:25:35.902,ACE/USDT:USDT,0.5774,107.0,0.5773,27.0,0.5778,84.0,0.5779,311.0
1753547136902,16:25:36.902,ACE/USDT:USDT,0.5774,80.0,0.5773,28.0,0.5777,52.0,0.5778,68.0
1753547137002,16:25:37.002,ACE/USDT:USDT,0.5774,80.0,0.5773,28.0,0.5777,52.0,0.5778,68.0
1753547138002,16:25:38.002,ACE/USDT:USDT,0.5774,80.0,0.5773,28.0,0.5777,52.0,0.5778,59.0
1753547140602,16:25:40.602,ACE/USDT:USDT,0.5774,80.0,0.5773,28.0,0.5777,61.0,0.5778,59.0
1753547141202,16:25:41.202,ACE/USDT:USDT,0.5774,80.0,0.5773,28.0,0.5777,61.0,0.5778,59.0
1753547143102,16:25:43.102,ACE/USDT:USDT,0.5774,80.0,0.5773,28.0,0.5777,327.0,0.5778,59.0
1753547143802,16:25:43.802,ACE/USDT:USDT,0.5774,80.0,0.5773,28.0,0.5777,327.0,0.5778,291.0
1753547144002,16:25:44.002,ACE/USDT:USDT,0.5774,80.0,0.5773,28.0,0.5777,327.0,0.5778,291.0
1753547144402,16:25:44.402,ACE/USDT:USDT,0.5774,80.0,0.5773,28.0,0.5777,327.0,0.5778,147.0
1753547144502,16:25:44.502,ACE/USDT:USDT,0.5774,80.0,0.5773,28.0,0.5777,327.0,0.5778,147.0
1753547144602,16:25:44.602,ACE/USDT:USDT,0.5774,80.0,0.5773,28.0,0.5777,327.0,0.5778,147.0
1753547144702,16:25:44.702,ACE/USDT:USDT,0.5774,80.0,0.5773,28.0,0.5777,327.0,0.5778,147.0
1753547144902,16:25:44.902,ACE/USDT:USDT,0.5774,80.0,0.5773,28.0,0.5777,327.0,0.5778,147.0
1753547145302,16:25:45.302,ACE/USDT:USDT,0.5774,80.0,0.5773,28.0,0.5777,61.0,0.5778,147.0
1753547146102,16:25:46.102,ACE/USDT:USDT,0.5774,80.0,0.5773,28.0,0.5777,327.0,0.5778,147.0
1753547146202,16:25:46.202,ACE/USDT:USDT,0.5774,80.0,0.5773,28.0,0.5777,327.0,0.5778,147.0
1753547146602,16:25:46.602,ACE/USDT:USDT,0.5774,80.0,0.5773,28.0,0.5777,327.0,0.5778,291.0
1753547147802,16:25:47.802,ACE/USDT:USDT,0.5774,80.0,0.5773,1.0,0.5776,52.0,0.5777,9.0
1753547149002,16:25:49.002,ACE/USDT:USDT,0.5774,80.0,0.5773,1.0,0.5776,52.0,0.5778,285.0
1753547149202,16:25:49.202,ACE/USDT:USDT,0.5774,80.0,0.5773,1.0,0.5776,52.0,0.5778,285.0
1753547149302,16:25:49.302,ACE/USDT:USDT,0.5774,80.0,0.5773,1.0,0.5776,52.0,0.5778,285.0
1753547150902,16:25:50.902,ACE/USDT:USDT,0.5774,80.0,0.5773,1.0,0.5776,52.0,0.5778,285.0
1753547151802,16:25:51.802,ACE/USDT:USDT,0.5774,80.0,0.5773,1.0,0.5776,52.0,0.5778,452.0
1753547152102,16:25:52.102,ACE/USDT:USDT,0.5774,80.0,0.5773,1.0,0.5776,61.0,0.5778,596.0
1753547152302,16:25:52.302,ACE/USDT:USDT,0.5774,80.0,0.5773,1.0,0.5776,61.0,0.5778,596.0
1753547152502,16:25:52.502,ACE/USDT:USDT,0.5774,80.0,0.5773,1.0,0.5776,61.0,0.5778,596.0
1753547152702,16:25:52.702,ACE/USDT:USDT,0.5774,80.0,0.5773,1.0,0.5776,61.0,0.5778,596.0
1753547153602,16:25:53.602,ACE/USDT:USDT,0.5774,80.0,0.5773,1.0,0.5776,61.0,0.5778,452.0
1753547153702,16:25:53.702,ACE/USDT:USDT,0.5774,80.0,0.5773,1.0,0.5776,61.0,0.5778,452.0
1753547153802,16:25:53.802,ACE/USDT:USDT,0.5774,80.0,0.5773,1.0,0.5776,61.0,0.5778,285.0
1753547153902,16:25:53.902,ACE/USDT:USDT,0.5774,80.0,0.5773,1.0,0.5776,61.0,0.5778,452.0
1753547154402,16:25:54.402,ACE/USDT:USDT,0.5774,80.0,0.5773,1.0,0.5776,61.0,0.5778,452.0
1753547155002,16:25:55.002,ACE/USDT:USDT,0.5774,80.0,0.5773,1.0,0.5776,61.0,0.5778,285.0
1753547155402,16:25:55.402,ACE/USDT:USDT,0.5774,80.0,0.5773,1.0,0.5776,52.0,0.5778,285.0
1753547155602,16:25:55.602,ACE/USDT:USDT,0.5774,80.0,0.5773,1.0,0.5776,52.0,0.5778,452.0
1753547156502,16:25:56.502,ACE/USDT:USDT,0.5774,80.0,0.5773,1.0,0.5776,52.0,0.5778,596.0
1753547156702,16:25:56.702,ACE/USDT:USDT,0.5774,80.0,0.5773,1.0,0.5776,52.0,0.5778,596.0
1753547157302,16:25:57.302,ACE/USDT:USDT,0.5774,80.0,0.5773,1.0,0.5776,52.0,0.5778,596.0
1753547159702,16:25:59.702,ACE/USDT:USDT,0.5774,80.0,0.5773,1.0,0.5776,52.0,0.5778,596.0
1753547160102,16:26:00.102,ACE/USDT:USDT,0.5772,27.0,0.5771,27.0,0.5776,52.0,0.5777,27.0
1753547160302,16:26:00.302,ACE/USDT:USDT,0.5772,27.0,0.5771,27.0,0.5776,52.0,0.5777,27.0
1753547160702,16:26:00.702,ACE/USDT:USDT,0.5772,27.0,0.5771,27.0,0.5776,52.0,0.5777,27.0
1753547160802,16:26:00.802,ACE/USDT:USDT,0.5772,27.0,0.5771,27.0,0.5776,52.0,0.5777,27.0
1753547161202,16:26:01.202,ACE/USDT:USDT,0.5772,27.0,0.5771,27.0,0.5776,52.0,0.5777,27.0
1753547161702,16:26:01.702,ACE/USDT:USDT,0.5772,31.0,0.5771,27.0,0.5776,64.0,0.5777,194.0
1753547162102,16:26:02.102,ACE/USDT:USDT,0.5772,31.0,0.5771,27.0,0.5776,64.0,0.5777,27.0
1753547163002,16:26:03.002,ACE/USDT:USDT,0.5772,31.0,0.5771,27.0,0.5776,64.0,0.5777,27.0
1753547163302,16:26:03.302,ACE/USDT:USDT,0.5772,31.0,0.5771,27.0,0.5776,64.0,0.5777,27.0
1753547163702,16:26:03.702,ACE/USDT:USDT,0.5772,31.0,0.5771,27.0,0.5776,64.0,0.5777,194.0
1753547163902,16:26:03.902,ACE/USDT:USDT,0.5772,31.0,0.5771,27.0,0.5776,64.0,0.5777,194.0
1753547164902,16:26:04.902,ACE/USDT:USDT,0.5772,4.0,0.5771,27.0,0.5775,52.0,0.5776,39.0
1753547165202,16:26:05.202,ACE/USDT:USDT,0.5772,4.0,0.577,28.0,0.5773,52.0,0.5775,439.0
1753547165602,16:26:05.602,ACE/USDT:USDT,0.5772,4.0,0.577,28.0,0.5773,52.0,0.5775,272.0
1753547165702,16:26:05.702,ACE/USDT:USDT,0.5772,4.0,0.577,28.0,0.5773,52.0,0.5775,272.0
1753547166002,16:26:06.002,ACE/USDT:USDT,0.5772,4.0,0.577,1.0,0.5773,52.0,0.5774,30.0
1753547166702,16:26:06.702,ACE/USDT:USDT,0.5772,4.0,0.577,1.0,0.5773,52.0,0.5774,30.0
1753547167402,16:26:07.402,ACE/USDT:USDT,0.5772,4.0,0.577,1.0,0.5774,30.0,0.5775,328.0
1753547167502,16:26:07.502,ACE/USDT:USDT,0.5772,4.0,0.577,1.0,0.5774,30.0,0.5775,328.0
1753547167702,16:26:07.702,ACE/USDT:USDT,0.5772,4.0,0.577,1.0,0.5774,30.0,0.5775,328.0
1753547168202,16:26:08.202,ACE/USDT:USDT,0.5772,4.0,0.577,1.0,0.5774,30.0,0.5775,161.0
1753547168702,16:26:08.702,ACE/USDT:USDT,0.5772,4.0,0.577,1.0,0.5774,30.0,0.5775,161.0
1753547168902,16:26:08.902,ACE/USDT:USDT,0.5772,4.0,0.577,1.0,0.5774,30.0,0.5775,161.0
1753547171002,16:26:11.002,ACE/USDT:USDT,0.5772,4.0,0.577,28.0,0.5775,27.0,0.5776,402.0
1753547171402,16:26:11.402,ACE/USDT:USDT,0.5772,4.0,0.577,28.0,0.5775,79.0,0.5776,569.0
1753547171902,16:26:11.902,ACE/USDT:USDT,0.5772,4.0,0.577,28.0,0.5775,79.0,0.5776,402.0
1753547172702,16:26:12.702,ACE/USDT:USDT,0.5772,4.0,0.577,28.0,0.5775,79.0,0.5776,402.0
1753547173202,16:26:13.202,ACE/USDT:USDT,0.5772,4.0,0.577,28.0,0.5775,79.0,0.5776,402.0
1753547173502,16:26:13.502,ACE/USDT:USDT,0.5772,4.0,0.577,28.0,0.5775,79.0,0.5776,402.0
1753547173702,16:26:13.702,ACE/USDT:USDT,0.5772,4.0,0.577,28.0,0.5775,79.0,0.5776,402.0
1753547174702,16:26:14.702,ACE/USDT:USDT,0.5772,4.0,0.577,28.0,0.5775,79.0,0.5776,39.0
1753547175202,16:26:15.202,ACE/USDT:USDT,0.5772,4.0,0.577,28.0,0.5775,79.0,0.5776,39.0
1753547175402,16:26:15.402,ACE/USDT:USDT,0.5772,4.0,0.577,28.0,0.5775,79.0,0.5776,39.0
1753547175902,16:26:15.902,ACE/USDT:USDT,0.5772,4.0,0.577,28.0,0.5775,79.0,0.5776,39.0
1753547176402,16:26:16.402,ACE/USDT:USDT,0.5772,4.0,0.577,28.0,0.5775,79.0,0.5776,39.0
1753547176802,16:26:16.802,ACE/USDT:USDT,0.5772,4.0,0.577,28.0,0.5775,79.0,0.5776,39.0
1753547177402,16:26:17.402,ACE/USDT:USDT,0.5772,4.0,0.577,28.0,0.5775,79.0,0.5776,39.0
1753547178302,16:26:18.302,ACE/USDT:USDT,0.5772,4.0,0.577,28.0,0.5775,79.0,0.5776,39.0
1753547178702,16:26:18.702,ACE/USDT:USDT,0.5772,4.0,0.577,28.0,0.5775,79.0,0.5776,39.0
1753547178902,16:26:18.902,ACE/USDT:USDT,0.5772,4.0,0.577,28.0,0.5775,79.0,0.5776,39.0
1753547179802,16:26:19.802,ACE/USDT:USDT,0.5772,4.0,0.577,162.0,0.5775,79.0,0.5776,39.0
1753547180402,16:26:20.402,ACE/USDT:USDT,0.5772,4.0,0.577,162.0,0.5775,87.0,0.5776,27.0
1753547180502,16:26:20.502,ACE/USDT:USDT,0.5772,4.0,0.577,162.0,0.5775,87.0,0.5776,27.0
1753547180802,16:26:20.802,ACE/USDT:USDT,0.5772,4.0,0.577,162.0,0.5775,87.0,0.5776,27.0
1753547181002,16:26:21.002,ACE/USDT:USDT,0.5772,4.0,0.577,162.0,0.5775,87.0,0.5776,27.0
1753547181802,16:26:21.802,ACE/USDT:USDT,0.5772,4.0,0.577,162.0,0.5775,87.0,0.5776,27.0
