timestamp,time,symbol,bid1_price,bid1_volume,bid2_price,bid2_volume,ask1_price,ask1_volume,ask2_price,ask2_volume
1753546945715,16:22:25.715,ADA/USDT:USDT,0.8348,13.0,0.8347,667.0,0.8351,340.0,0.8352,3.0
1753546947218,16:22:27.218,ADA/USDT:USDT,0.835,448.0,0.8347,2251.0,0.8353,176.0,0.8355,588.0
1753546947716,16:22:27.716,ADA/USDT:USDT,0.835,448.0,0.8347,2251.0,0.8353,176.0,0.8355,588.0
1753546948434,16:22:28.434,ADA/USDT:USDT,0.835,527.0,0.8346,4434.0,0.8353,170.96,0.8355,588.0
1753546949443,16:22:29.443,ADA/USDT:USDT,0.835,6.0,0.8349,223.0,0.8352,348.0,0.8353,5.0
1753546950221,16:22:30.221,ADA/USDT:USDT,0.835,6.0,0.8349,22.0,0.8352,808.0,0.8353,2042.0
1753546953727,16:22:33.727,ADA/USDT:USDT,0.835,390.0,0.8346,4460.0,0.8352,11.0,0.8354,52.0
1753546954225,16:22:34.225,ADA/USDT:USDT,0.835,2.0,0.8349,571.0,0.8352,11.0,0.8354,52.0
1753546955246,16:22:35.246,ADA/USDT:USDT,0.835,338.0,0.8349,4.0,0.8352,92.0,0.8354,52.0
1753546956228,16:22:36.228,ADA/USDT:USDT,0.835,2.0,0.8349,517.0,0.8352,20.0,0.8354,5432.0
1753546957360,16:22:37.360,ADA/USDT:USDT,0.835,175.0,0.8349,827.0,0.8352,199.0,0.8355,588.0
1753546957949,16:22:37.949,ADA/USDT:USDT,0.835,7.0,0.8349,181.0,0.8352,163.0,0.8353,5983.0
1753546958732,16:22:38.732,ADA/USDT:USDT,0.835,2.0,0.8349,184.0,0.8352,164.0,0.8353,5983.0
1753546959231,16:22:39.231,ADA/USDT:USDT,0.835,2.0,0.8349,201.0,0.8352,223.0,0.8354,6783.0
1753546959949,16:22:39.949,ADA/USDT:USDT,0.835,2.0,0.8349,202.0,0.8352,191.0,0.8355,588.0
1753546961235,16:22:41.235,ADA/USDT:USDT,0.835,436.0,0.8349,5013.0,0.8352,4.0,0.8353,16.0
1753546961950,16:22:41.950,ADA/USDT:USDT,0.8352,523.0,0.835,2950.0,0.8354,72.0,0.8355,3720.0
1753546962237,16:22:42.237,ADA/USDT:USDT,0.8352,2.0,0.8351,219.0,0.8354,280.0,0.8355,588.0
1753546963228,16:22:43.228,ADA/USDT:USDT,0.8352,223.0,0.8351,1508.0,0.8354,200.0,0.8355,588.0
1753546963952,16:22:43.952,ADA/USDT:USDT,0.8352,728.0,0.8351,4979.0,0.8354,1.0,0.8355,658.0
1753546964952,16:22:44.952,ADA/USDT:USDT,0.8352,704.0,0.835,2.0,0.8354,1.0,0.8355,689.0
1753546965349,16:22:45.349,ADA/USDT:USDT,0.8354,725.0,0.8353,6043.0,0.8355,588.0,0.8356,101.0
1753546966243,16:22:46.243,ADA/USDT:USDT,0.8353,551.0,0.8351,2157.0,0.8355,588.0,0.8356,331.0
1753546966751,16:22:46.751,ADA/USDT:USDT,0.8353,551.0,0.8351,2157.0,0.8355,588.0,0.8356,331.0
1753546967245,16:22:47.245,ADA/USDT:USDT,0.8354,555.0,0.8353,122.0,0.8355,588.0,0.8356,128.0
1753546967953,16:22:47.953,ADA/USDT:USDT,0.8353,517.0,0.8352,3649.0,0.8355,588.0,0.8356,251.0
1753546968894,16:22:48.894,ADA/USDT:USDT,0.8353,517.0,0.8352,3649.0,0.8356,159.68,0.8359,1111.0
1753546969568,16:22:49.568,ADA/USDT:USDT,0.8354,687.0,0.8353,4.0,0.8356,5.0,0.8357,75.0
1753546970230,16:22:50.230,ADA/USDT:USDT,0.8355,5.0,0.8354,3.0,0.8357,576.0,0.8359,120.0
1753546970956,16:22:50.956,ADA/USDT:USDT,0.8353,762.0,0.8352,5286.0,0.8356,45.0,0.8358,1370.0
1753546971260,16:22:51.260,ADA/USDT:USDT,0.8353,763.0,0.8352,5286.0,0.8356,45.0,0.8358,1370.0
1753546972256,16:22:52.256,ADA/USDT:USDT,0.8353,626.0,0.8352,5783.0,0.8356,84.0,0.836,4856.0
1753546972769,16:22:52.769,ADA/USDT:USDT,0.8355,711.0,0.8354,2523.0,0.8356,1.0,0.8357,9.0
1753546973254,16:22:53.254,ADA/USDT:USDT,0.8354,267.0,0.8351,686.0,0.8356,1.0,0.8357,119.0
1753546973960,16:22:53.960,ADA/USDT:USDT,0.8355,287.0,0.8354,5086.0,0.8356,1.0,0.8357,90.0
1753546974220,16:22:54.220,ADA/USDT:USDT,0.8358,288.0,0.8357,3086.0,0.836,630.0,0.8361,230.0
1753546975256,16:22:55.256,ADA/USDT:USDT,0.8356,424.0,0.8352,5947.0,0.8359,115.0,0.836,540.0
1753546976255,16:22:56.255,ADA/USDT:USDT,0.8357,425.0,0.8356,1029.0,0.8359,84.0,0.836,540.0
1753546976977,16:22:56.977,ADA/USDT:USDT,0.8357,429.0,0.8356,1029.0,0.8359,87.0,0.8361,230.0
1753546977757,16:22:57.757,ADA/USDT:USDT,0.8357,490.0,0.8352,6284.0,0.8359,1.0,0.836,82.0
1753546978434,16:22:58.434,ADA/USDT:USDT,0.8358,422.0,0.8357,6235.0,0.836,224.96,0.8364,219.0
1753546978962,16:22:58.962,ADA/USDT:USDT,0.8358,347.0,0.8357,4.0,0.836,226.0,0.8362,878.0
1753546979260,16:22:59.260,ADA/USDT:USDT,0.8358,347.0,0.8357,4.0,0.836,226.0,0.8362,878.0
1753546979962,16:22:59.962,ADA/USDT:USDT,0.8358,5.0,0.8357,375.0,0.836,227.0,0.8364,2435.0
1753546980829,16:23:00.829,ADA/USDT:USDT,0.8357,5.0,0.8355,27.0,0.8358,432.0,0.8359,5694.0
1753546981257,16:23:01.257,ADA/USDT:USDT,0.8357,5.0,0.8356,484.0,0.8359,1.0,0.836,4.0
1753546982091,16:23:02.091,ADA/USDT:USDT,0.8357,4.0,0.8356,17.0,0.8358,400.0,0.8359,5.0
1753546982766,16:23:02.766,ADA/USDT:USDT,0.8352,641.0,0.8349,3223.0,0.8355,400.0,0.8357,8462.0
1753546983266,16:23:03.266,ADA/USDT:USDT,0.8353,262.0,0.8352,3367.0,0.8356,152.0,0.8359,5.0
1753546984267,16:23:04.267,ADA/USDT:USDT,0.8353,262.0,0.8352,626.0,0.8354,649.0,0.8355,3879.0
1753546984728,16:23:04.728,ADA/USDT:USDT,0.8353,652.0,0.8352,5698.0,0.8354,1.0,0.8355,46.0
1753546985269,16:23:05.269,ADA/USDT:USDT,0.8352,1190.0,0.8349,213.0,0.8354,1.0,0.8355,85.0
1753546985969,16:23:05.969,ADA/USDT:USDT,0.8352,928.0,0.8349,4499.0,0.8354,1.0,0.8355,226.0
1753546986771,16:23:06.771,ADA/USDT:USDT,0.8355,689.0,0.8352,628.0,0.8357,85.0,0.8358,1.0
1753546987271,16:23:07.271,ADA/USDT:USDT,0.8355,523.0,0.8352,626.0,0.8358,44.0,0.836,1176.0
1753546988274,16:23:08.274,ADA/USDT:USDT,0.8357,790.0,0.8356,6897.0,0.8359,64.0,0.8362,1860.0
1753546989277,16:23:09.277,ADA/USDT:USDT,0.8356,341.0,0.8352,626.0,0.8359,110.0,0.8364,5259.0
1753546990277,16:23:10.277,ADA/USDT:USDT,0.8356,341.0,0.8355,4821.0,0.8359,135.0,0.836,1513.0
1753546990777,16:23:10.777,ADA/USDT:USDT,0.8356,341.0,0.8355,4821.0,0.8359,135.0,0.836,1513.0
1753546991279,16:23:11.279,ADA/USDT:USDT,0.8357,806.0,0.8356,5525.0,0.836,101.0,0.8365,4338.0
1753546992279,16:23:12.279,ADA/USDT:USDT,0.8357,802.0,0.8356,3489.0,0.836,67.0,0.8364,1348.0
1753546992946,16:23:12.946,ADA/USDT:USDT,0.8357,802.0,0.8356,3489.0,0.836,43.08,0.8364,1348.0
1753546993283,16:23:13.283,ADA/USDT:USDT,0.8358,206.0,0.8357,5164.0,0.836,186.0,0.8361,7126.0
1753546993970,16:23:13.970,ADA/USDT:USDT,0.8357,439.0,0.8356,2515.0,0.836,63.0,0.8361,1791.0
1753546994784,16:23:14.784,ADA/USDT:USDT,0.8357,439.0,0.8356,2515.0,0.836,62.0,0.8361,1791.0
1753546995286,16:23:15.286,ADA/USDT:USDT,0.8357,351.0,0.8354,2526.0,0.836,60.0,0.8363,5296.0
1753546995970,16:23:15.970,ADA/USDT:USDT,0.8357,299.0,0.8355,256.0,0.836,95.0,0.8363,6399.0
1753546996696,16:23:16.696,ADA/USDT:USDT,0.8357,1.0,0.8356,307.0,0.8358,1121.0,0.836,5339.0
1753546997287,16:23:17.287,ADA/USDT:USDT,0.8358,400.0,0.8357,4024.0,0.836,167.0,0.8362,1985.0
1753546997971,16:23:17.971,ADA/USDT:USDT,0.8357,318.0,0.8356,1.0,0.836,301.0,0.8365,1555.0
1753546998294,16:23:18.294,ADA/USDT:USDT,0.8357,318.0,0.8356,1.0,0.836,300.0,0.8365,1555.0
1753546999289,16:23:19.289,ADA/USDT:USDT,0.8358,208.0,0.8357,1159.0,0.836,225.0,0.8362,6096.0
1753546999976,16:23:19.976,ADA/USDT:USDT,0.8357,256.0,0.8356,2166.0,0.836,117.0,0.8364,316.0
1753547000294,16:23:20.294,ADA/USDT:USDT,0.8357,256.0,0.8356,2166.0,0.836,117.0,0.8364,316.0
1753547001291,16:23:21.291,ADA/USDT:USDT,0.8357,289.34,0.8355,2747.0,0.836,117.0,0.8365,6859.0
1753547001792,16:23:21.792,ADA/USDT:USDT,0.8357,289.34,0.8355,2747.0,0.836,117.0,0.8365,6970.0
1753547002293,16:23:22.293,ADA/USDT:USDT,0.8358,237.0,0.8357,398.0,0.836,171.0,0.8361,35.0
1753547003044,16:23:23.044,ADA/USDT:USDT,0.8358,312.0,0.8352,3169.0,0.836,678.0,0.8361,8535.0
1753547003295,16:23:23.295,ADA/USDT:USDT,0.8358,308.0,0.8357,5.0,0.836,678.0,0.8361,8535.0
1753547004297,16:23:24.297,ADA/USDT:USDT,0.8357,652.0,0.8352,6233.0,0.836,88.0,0.8364,7072.0
1753547004977,16:23:24.977,ADA/USDT:USDT,0.8357,215.0,0.8355,4365.0,0.836,290.0,0.8361,6343.0
1753547005300,16:23:25.300,ADA/USDT:USDT,0.8357,211.0,0.8355,4365.0,0.836,290.0,0.8361,6343.0
1753547005948,16:23:25.948,ADA/USDT:USDT,0.8357,1.0,0.8356,96.0,0.8359,1311.0,0.836,2879.0
1753547006799,16:23:26.799,ADA/USDT:USDT,0.8356,100.0,0.8355,4984.0,0.8359,1312.0,0.836,646.0
1753547006996,16:23:26.996,ADA/USDT:USDT,0.8357,629.0,0.8356,1435.0,0.8359,1312.0,0.836,1.0
1753547007801,16:23:27.801,ADA/USDT:USDT,0.8357,88.0,0.8352,742.0,0.836,296.0,0.8365,6089.0
1753547008433,16:23:28.433,ADA/USDT:USDT,0.8357,184.0,0.8352,701.0,0.836,179.96,0.8364,467.0
1753547008984,16:23:28.984,ADA/USDT:USDT,0.8357,186.0,0.8356,4485.0,0.836,197.0,0.8365,3214.0
1753547009804,16:23:29.804,ADA/USDT:USDT,0.8357,4.0,0.8355,181.0,0.8358,198.0,0.8361,2011.0
1753547010304,16:23:30.304,ADA/USDT:USDT,0.8357,1.0,0.8356,36.0,0.8358,330.0,0.8362,141.0
1753547011308,16:23:31.308,ADA/USDT:USDT,0.8357,1.0,0.8355,244.0,0.8358,266.0,0.8363,5645.0
1753547012308,16:23:32.308,ADA/USDT:USDT,0.8357,1.0,0.8355,401.0,0.8358,22.0,0.836,1914.0
1753547012810,16:23:32.810,ADA/USDT:USDT,0.8357,1.0,0.8355,400.0,0.8358,22.0,0.836,1914.0
1753547013546,16:23:33.546,ADA/USDT:USDT,0.8355,4.0,0.8354,40.0,0.8357,264.0,0.8358,3.0
1753547013983,16:23:33.983,ADA/USDT:USDT,0.8354,44.0,0.8352,2497.0,0.8357,966.0,0.8358,3.0
1753547014814,16:23:34.814,ADA/USDT:USDT,0.8354,42.0,0.8352,2497.0,0.8357,966.0,0.8358,3.0
1753547015315,16:23:35.315,ADA/USDT:USDT,0.8354,378.0,0.8351,5956.0,0.8357,124.0,0.8361,3370.0
1753547015985,16:23:35.985,ADA/USDT:USDT,0.8354,250.0,0.8352,3154.0,0.8357,206.0,0.8359,1783.0
1753547016816,16:23:36.816,ADA/USDT:USDT,0.8354,249.0,0.8352,3154.0,0.8357,206.0,0.8359,1783.0
1753547017317,16:23:37.317,ADA/USDT:USDT,0.8354,320.0,0.8353,4462.0,0.8357,126.0,0.8358,1216.0
1753547018317,16:23:38.317,ADA/USDT:USDT,0.8354,380.0,0.8349,672.0,0.8357,28.0,0.836,4456.0
1753547018990,16:23:38.990,ADA/USDT:USDT,0.8354,333.0,0.8351,2808.0,0.8357,32.0,0.8361,2182.0
1753547019318,16:23:39.318,ADA/USDT:USDT,0.8354,333.0,0.8351,2808.0,0.8357,30.0,0.8361,2182.0
1753547020320,16:23:40.320,ADA/USDT:USDT,0.8356,302.0,0.8355,5982.0,0.8357,1.0,0.8358,33.0
1753547020988,16:23:40.988,ADA/USDT:USDT,0.8356,2.0,0.8355,114.0,0.8358,480.0,0.8361,111.0
1753547021321,16:23:41.321,ADA/USDT:USDT,0.8356,2.0,0.8355,114.0,0.8358,481.0,0.8361,111.0
1753547022324,16:23:42.324,ADA/USDT:USDT,0.8355,87.0,0.835,551.0,0.8358,520.0,0.8363,515.0
1753547022989,16:23:42.989,ADA/USDT:USDT,0.8355,232.0,0.8354,1949.0,0.8358,315.0,0.836,1422.0
1753547023989,16:23:43.989,ADA/USDT:USDT,0.8355,81.0,0.8351,5786.0,0.8358,464.0,0.8362,4640.0
1753547024826,16:23:44.826,ADA/USDT:USDT,0.8355,82.0,0.8351,5786.0,0.8358,464.0,0.8362,4640.0
1753547025327,16:23:45.327,ADA/USDT:USDT,0.8356,206.0,0.8355,346.0,0.8358,251.0,0.8359,3240.0
1753547026328,16:23:46.328,ADA/USDT:USDT,0.8356,426.0,0.8355,4903.0,0.8358,21.0,0.8359,760.0
1753547026997,16:23:46.997,ADA/USDT:USDT,0.8356,426.0,0.8355,4903.0,0.8358,18.0,0.8359,760.0
1753547027332,16:23:47.332,ADA/USDT:USDT,0.8356,438.0,0.8355,5395.0,0.8358,13.0,0.8363,4309.0
1753547028332,16:23:48.332,ADA/USDT:USDT,0.8356,450.0,0.8355,5807.0,0.8358,13.0,0.8363,4705.0
1753547028995,16:23:48.995,ADA/USDT:USDT,0.8358,0.18,0.8356,387.0,0.8363,4987.0,0.8364,5828.0
1753547029833,16:23:49.833,ADA/USDT:USDT,0.8358,0.18,0.8357,2.0,0.8363,4987.0,0.8364,5828.0
1753547030476,16:23:50.476,ADA/USDT:USDT,0.8358,0.18,0.8357,2.0,0.8364,4119.0,0.8365,69.0
1753547031147,16:23:51.147,ADA/USDT:USDT,0.8358,0.18,0.8357,389.0,0.836,74.0,0.8361,4270.0
1753547031835,16:23:51.835,ADA/USDT:USDT,0.8358,0.18,0.8357,392.0,0.836,74.0,0.8361,4270.0
1753547032336,16:23:52.336,ADA/USDT:USDT,0.8358,0.18,0.8357,148.0,0.836,310.0,0.8363,1021.0
1753547032996,16:23:52.996,ADA/USDT:USDT,0.8358,0.18,0.8357,395.0,0.836,8.0,0.8363,954.0
1753547035085,16:23:55.085,ADA/USDT:USDT,0.8358,313.18,0.8357,5569.0,0.836,177.0,0.8365,3583.0
1753547035339,16:23:55.339,ADA/USDT:USDT,0.8358,314.18,0.8357,5565.0,0.836,177.0,0.8365,3583.0
1753547036339,16:23:56.339,ADA/USDT:USDT,0.8358,0.18,0.8357,92.0,0.836,354.0,0.8362,5698.0
1753547036842,16:23:56.842,ADA/USDT:USDT,0.8358,0.18,0.8357,94.0,0.836,354.0,0.8362,5698.0
1753547037342,16:23:57.342,ADA/USDT:USDT,0.8358,0.18,0.8357,99.0,0.836,278.0,0.8362,4561.0
1753547038085,16:23:58.085,ADA/USDT:USDT,0.8358,14.18,0.8357,4805.0,0.836,414.0,0.8365,5523.0
1753547038843,16:23:58.843,ADA/USDT:USDT,0.8359,692.0,0.8358,2019.18,0.8361,197.96,0.8366,1276.0
1753547039344,16:23:59.344,ADA/USDT:USDT,0.8359,5.0,0.8358,203.18,0.8361,207.0,0.8366,6428.0
1753547040002,16:24:00.002,ADA/USDT:USDT,0.8359,5.0,0.8358,343.18,0.8361,109.0,0.8364,4149.0
1753547040844,16:24:00.844,ADA/USDT:USDT,0.8359,376.0,0.8358,0.18,0.8362,49.0,0.8363,7294.0
1753547041345,16:24:01.345,ADA/USDT:USDT,0.8359,558.0,0.8358,0.18,0.8362,230.0,0.8364,117.0
1753547042005,16:24:02.005,ADA/USDT:USDT,0.8359,555.0,0.8358,0.18,0.8362,229.0,0.8367,4663.37
1753547042357,16:24:02.357,ADA/USDT:USDT,0.8359,443.0,0.8358,0.18,0.8362,264.0,0.8366,3740.0
1753547043347,16:24:03.347,ADA/USDT:USDT,0.8359,126.0,0.8358,0.18,0.8362,234.0,0.8363,6755.0
1753547044006,16:24:04.006,ADA/USDT:USDT,0.8359,241.0,0.8358,0.18,0.8362,226.0,0.8363,5420.0
1753547044848,16:24:04.848,ADA/USDT:USDT,0.8359,241.0,0.8358,0.18,0.8362,220.87,0.8363,5420.0
1753547045348,16:24:05.348,ADA/USDT:USDT,0.8359,373.0,0.8358,0.18,0.8362,5.0,0.8363,4334.0
1753547046006,16:24:06.006,ADA/USDT:USDT,0.8361,594.0,0.836,5763.0,0.8362,4.0,0.8363,46.0
1753547046349,16:24:06.349,ADA/USDT:USDT,0.8361,595.0,0.836,5759.0,0.8362,4.0,0.8363,46.0
1753547047349,16:24:07.349,ADA/USDT:USDT,0.8361,2.0,0.836,511.0,0.8363,123.0,0.8365,6027.0
1753547047850,16:24:07.850,ADA/USDT:USDT,0.8361,2.0,0.836,511.0,0.8363,121.0,0.8365,6027.0
1753547048351,16:24:08.351,ADA/USDT:USDT,0.836,534.0,0.8358,0.18,0.8363,121.0,0.8366,3213.0
1753547049007,16:24:09.007,ADA/USDT:USDT,0.836,248.0,0.8358,0.18,0.8363,238.0,0.8367,636.37
1753547049855,16:24:09.855,ADA/USDT:USDT,0.836,250.0,0.8358,0.18,0.8363,237.0,0.8367,636.37
1753547050354,16:24:10.354,ADA/USDT:USDT,0.836,254.0,0.8358,3350.18,0.8363,238.0,0.8364,4245.0
1753547051009,16:24:11.009,ADA/USDT:USDT,0.8361,204.0,0.836,610.0,0.8363,242.0,0.8367,636.37
1753547051356,16:24:11.356,ADA/USDT:USDT,0.8361,206.0,0.836,607.0,0.8363,242.0,0.8367,636.37
1753547052346,16:24:12.346,ADA/USDT:USDT,0.8361,252.0,0.836,3671.0,0.8363,143.0,0.8365,5639.0
1753547052858,16:24:12.858,ADA/USDT:USDT,0.8361,343.0,0.8358,0.18,0.8364,149.0,0.8367,636.37
1753547053358,16:24:13.358,ADA/USDT:USDT,0.8362,304.0,0.8361,3576.0,0.8364,259.0,0.8367,636.37
1753547054010,16:24:14.010,ADA/USDT:USDT,0.8362,196.0,0.8361,4487.0,0.8364,293.0,0.8365,8352.0
1753547054361,16:24:14.361,ADA/USDT:USDT,0.8362,196.0,0.8361,4487.0,0.8364,293.0,0.8365,8352.0
1753547055363,16:24:15.363,ADA/USDT:USDT,0.8361,144.0,0.8358,85.18,0.8364,880.0,0.8365,3440.0
1753547056013,16:24:16.013,ADA/USDT:USDT,0.8361,128.0,0.836,3033.0,0.8364,245.0,0.8365,1478.0
1753547057015,16:24:17.015,ADA/USDT:USDT,0.8361,130.0,0.836,3033.0,0.8364,245.0,0.8365,1478.0
1753547057365,16:24:17.365,ADA/USDT:USDT,0.8362,206.0,0.8361,4315.0,0.8364,217.0,0.8366,2133.0
1753547058319,16:24:18.319,ADA/USDT:USDT,0.8362,375.0,0.8361,5.0,0.8364,1.0,0.8365,3.0
1753547059017,16:24:19.017,ADA/USDT:USDT,0.8362,361.0,0.8358,5042.18,0.8364,1.0,0.8365,221.0
1753547059658,16:24:19.658,ADA/USDT:USDT,0.8363,357.0,0.8362,2.0,0.8364,1.0,0.8365,375.0
1753547060017,16:24:20.017,ADA/USDT:USDT,0.8362,2.0,0.8361,312.0,0.8364,128.0,0.8366,3068.0
1753547060871,16:24:20.871,ADA/USDT:USDT,0.8362,2.0,0.8361,115.0,0.8364,206.0,0.8367,6711.37
1753547061371,16:24:21.371,ADA/USDT:USDT,0.8362,165.0,0.8358,0.18,0.8364,137.0,0.8367,636.37
1753547062020,16:24:22.020,ADA/USDT:USDT,0.8362,161.0,0.8358,0.18,0.8364,133.0,0.8367,733.37
1753547062873,16:24:22.873,ADA/USDT:USDT,0.836,20.0,0.8358,0.18,0.8363,456.0,0.8364,1.0
1753547063374,16:24:23.374,ADA/USDT:USDT,0.836,20.0,0.8359,3320.0,0.8363,1051.0,0.8364,4241.0
1753547064045,16:24:24.045,ADA/USDT:USDT,0.836,281.0,0.8358,0.18,0.8363,75.0,0.8364,2233.0
1753547064376,16:24:24.376,ADA/USDT:USDT,0.836,281.0,0.8358,0.18,0.8363,75.0,0.8364,2233.0
1753547066022,16:24:26.022,ADA/USDT:USDT,0.8361,1.0,0.836,5.0,0.8363,394.0,0.8365,1041.0
1753547066882,16:24:26.882,ADA/USDT:USDT,0.836,10.0,0.8358,1954.18,0.8363,394.0,0.8365,1041.0
1753547067386,16:24:27.386,ADA/USDT:USDT,0.836,170.0,0.8358,0.18,0.8363,300.0,0.8364,2686.0
1753547068025,16:24:28.025,ADA/USDT:USDT,0.836,272.0,0.8358,0.18,0.8363,220.0,0.8367,64.37
1753547068887,16:24:28.887,ADA/USDT:USDT,0.836,272.0,0.8358,0.18,0.8363,218.96,0.8367,64.37
1753547069386,16:24:29.386,ADA/USDT:USDT,0.836,272.0,0.8358,0.18,0.8363,279.0,0.8367,64.37
1753547070025,16:24:30.025,ADA/USDT:USDT,0.836,307.0,0.8358,0.18,0.8363,130.0,0.8367,64.37
1753547071389,16:24:31.389,ADA/USDT:USDT,0.8361,249.0,0.836,1.0,0.8363,126.0,0.8365,2748.0
1753547072007,16:24:32.007,ADA/USDT:USDT,0.8362,459.0,0.8361,1265.0,0.8363,3.0,0.8365,157.0
1753547072390,16:24:32.390,ADA/USDT:USDT,0.8362,1.0,0.8361,113.0,0.8363,887.0,0.8364,1651.0
1753547073148,16:24:33.148,ADA/USDT:USDT,0.8362,1.0,0.8361,270.0,0.8364,52.0,0.8365,3.0
1753547073891,16:24:33.891,ADA/USDT:USDT,0.8361,272.0,0.836,1.0,0.8364,54.83,0.8367,0.37
1753547074394,16:24:34.394,ADA/USDT:USDT,0.8363,380.0,0.8362,5174.0,0.8365,23.0,0.8367,0.37
1753547075027,16:24:35.027,ADA/USDT:USDT,0.8363,3.0,0.8362,115.0,0.8365,249.0,0.8367,0.37
1753547075750,16:24:35.750,ADA/USDT:USDT,0.8363,309.0,0.8362,2.0,0.8365,5.0,0.8366,69.0
1753547076395,16:24:36.395,ADA/USDT:USDT,0.8363,341.0,0.836,1.0,0.8365,5.0,0.8366,161.0
1753547077031,16:24:37.031,ADA/USDT:USDT,0.8363,337.0,0.836,1.0,0.8366,166.0,0.8367,0.37
1753547077654,16:24:37.654,ADA/USDT:USDT,0.8364,355.74,0.8363,1.0,0.8367,42.98,0.8368,66.0
1753547078397,16:24:38.397,ADA/USDT:USDT,0.8364,301.0,0.8363,5546.0,0.8367,269.0,0.8368,3609.0
1753547079401,16:24:39.401,ADA/USDT:USDT,0.8364,265.0,0.836,1.0,0.8367,205.0,0.8368,66.0
1753547080400,16:24:40.400,ADA/USDT:USDT,0.8364,125.0,0.836,1.0,0.8367,222.0,0.8368,66.0
1753547081034,16:24:41.034,ADA/USDT:USDT,0.8364,1.0,0.8362,398.0,0.8365,221.0,0.8367,1374.0
1753547081404,16:24:41.404,ADA/USDT:USDT,0.8364,1.0,0.8363,401.0,0.8365,4.0,0.8366,72.0
1753547082034,16:24:42.034,ADA/USDT:USDT,0.8363,402.0,0.8361,4538.0,0.8366,74.0,0.8368,5431.0
1753547082403,16:24:42.403,ADA/USDT:USDT,0.8363,482.0,0.8361,3963.0,0.8366,130.0,0.8367,2136.0
1753547083403,16:24:43.403,ADA/USDT:USDT,0.8364,485.0,0.8361,2499.0,0.8366,125.0,0.8368,2818.0
1753547084036,16:24:44.036,ADA/USDT:USDT,0.8364,419.0,0.836,1.0,0.8366,200.0,0.8368,4205.0
1753547084404,16:24:44.404,ADA/USDT:USDT,0.8364,418.0,0.836,1.0,0.8366,200.0,0.8368,4205.0
1753547085405,16:24:45.405,ADA/USDT:USDT,0.8364,3.0,0.8363,484.0,0.8366,127.0,0.8368,66.0
1753547086036,16:24:46.036,ADA/USDT:USDT,0.8364,432.0,0.8363,1134.0,0.8366,157.0,0.8367,159.0
1753547086405,16:24:46.405,ADA/USDT:USDT,0.8364,434.0,0.8363,1134.0,0.8366,157.0,0.8367,159.0
1753547087038,16:24:47.038,ADA/USDT:USDT,0.8364,431.0,0.8363,1134.0,0.8366,157.0,0.8367,159.0
1753547087407,16:24:47.407,ADA/USDT:USDT,0.8363,488.0,0.8361,1469.0,0.8366,125.0,0.8368,66.0
1753547088407,16:24:48.407,ADA/USDT:USDT,0.8364,209.0,0.836,2307.0,0.8366,5.0,0.8367,258.0
1753547089038,16:24:49.038,ADA/USDT:USDT,0.8364,348.0,0.836,1.0,0.8367,42.0,0.8368,66.0
1753547089408,16:24:49.408,ADA/USDT:USDT,0.8364,348.0,0.836,1.0,0.8367,42.0,0.8368,66.0
1753547090408,16:24:50.408,ADA/USDT:USDT,0.8365,335.0,0.8364,5.0,0.8367,203.0,0.8368,66.0
1753547091039,16:24:51.039,ADA/USDT:USDT,0.8366,567.0,0.8365,2525.0,0.8368,208.0,0.8371,1494.62
1753547091412,16:24:51.412,ADA/USDT:USDT,0.8366,567.0,0.8365,2525.0,0.8368,210.0,0.8371,1494.62
1753547092413,16:24:52.413,ADA/USDT:USDT,0.8366,4.0,0.8365,393.0,0.8368,182.0,0.8369,6675.0
1753547093041,16:24:53.041,ADA/USDT:USDT,0.8366,215.0,0.8365,3662.0,0.8368,224.0,0.8371,196.62
1753547093415,16:24:53.415,ADA/USDT:USDT,0.8366,215.0,0.8365,3662.0,0.8368,223.0,0.8371,196.62
1753547095416,16:24:55.416,ADA/USDT:USDT,0.8366,4.0,0.8365,94.0,0.8368,431.0,0.8369,6079.0
1753547096041,16:24:56.041,ADA/USDT:USDT,0.8366,4.0,0.8365,192.0,0.8368,303.0,0.837,10.0
1753547096422,16:24:56.422,ADA/USDT:USDT,0.8366,4.0,0.8365,192.0,0.8368,303.0,0.8371,71.62
1753547097057,16:24:57.057,ADA/USDT:USDT,0.8366,4.0,0.8365,193.0,0.8368,239.0,0.8371,71.62
1753547097422,16:24:57.422,ADA/USDT:USDT,0.8366,45.0,0.8365,3508.0,0.8368,375.0,0.8371,0.62
1753547098422,16:24:58.422,ADA/USDT:USDT,0.8367,180.0,0.8366,2138.0,0.8368,2.0,0.8369,477.0
1753547099044,16:24:59.044,ADA/USDT:USDT,0.8367,26.0,0.8366,2565.0,0.8369,330.0,0.837,7178.0
1753547099515,16:24:59.515,ADA/USDT:USDT,0.8367,23.0,0.8366,2565.0,0.8369,300.0,0.837,7178.0
1753547100127,16:25:00.127,ADA/USDT:USDT,0.8365,74.0,0.8364,331.0,0.8367,302.0,0.837,9793.0
1753547100517,16:25:00.517,ADA/USDT:USDT,0.8365,1.0,0.8364,330.0,0.8366,3.0,0.8367,65.0
1753547101426,16:25:01.426,ADA/USDT:USDT,0.8366,5.0,0.8365,812.0,0.8369,81.0,0.8371,0.62
1753547102048,16:25:02.048,ADA/USDT:USDT,0.8366,1.0,0.8365,812.0,0.8369,82.0,0.8371,303.62
1753547102930,16:25:02.930,ADA/USDT:USDT,0.8367,834.0,0.8366,1134.0,0.8369,1.0,0.837,7.0
1753547103631,16:25:03.631,ADA/USDT:USDT,0.8368,611.0,0.8367,2.0,0.8369,1.0,0.8371,498.62
1753547104538,16:25:04.538,ADA/USDT:USDT,0.8365,5.0,0.8364,1.0,0.8366,557.0,0.8369,6948.0
1753547105250,16:25:05.250,ADA/USDT:USDT,0.8363,4.0,0.8361,222.0,0.8364,190.0,0.8365,61.0
1753547106049,16:25:06.049,ADA/USDT:USDT,0.8361,164.0,0.836,213.0,0.8364,217.0,0.8365,896.0
1753547106776,16:25:06.776,ADA/USDT:USDT,0.8362,290.0,0.836,213.0,0.8364,266.0,0.837,3811.0
1753547107406,16:25:07.406,ADA/USDT:USDT,0.8364,2.0,0.8362,43.0,0.8365,333.0,0.8366,3.0
1753547108133,16:25:08.133,ADA/USDT:USDT,0.8364,2.0,0.8363,285.0,0.8365,1.0,0.8366,82.0
1753547109052,16:25:09.052,ADA/USDT:USDT,0.8364,2.0,0.8363,52.0,0.8366,279.0,0.8371,3997.62
1753547109707,16:25:09.707,ADA/USDT:USDT,0.8363,1.0,0.8362,9.0,0.8365,436.0,0.8366,1.0
1753547110440,16:25:10.440,ADA/USDT:USDT,0.8363,1.0,0.8362,337.0,0.8365,321.0,0.8366,1.0
1753547111017,16:25:11.017,ADA/USDT:USDT,0.8362,2.0,0.8361,77.0,0.8364,456.0,0.8366,1.0
1753547111942,16:25:11.942,ADA/USDT:USDT,0.8361,320.0,0.8359,2448.0,0.8364,372.0,0.8368,3373.0
1753547112443,16:25:12.443,ADA/USDT:USDT,0.8361,274.0,0.8358,2523.18,0.8364,183.0,0.8365,44.0
1753547113118,16:25:13.118,ADA/USDT:USDT,0.8361,5.0,0.836,130.0,0.8363,411.0,0.8364,5.0
1753547114052,16:25:14.052,ADA/USDT:USDT,0.836,195.0,0.8358,2620.18,0.8363,221.0,0.8364,4959.0
1753547114587,16:25:14.587,ADA/USDT:USDT,0.836,4.0,0.8359,1.0,0.8362,364.0,0.8363,3.0
1753547115568,16:25:15.568,ADA/USDT:USDT,0.8359,246.0,0.8358,0.18,0.8361,696.0,0.8362,4.0
1753547116056,16:25:16.056,ADA/USDT:USDT,0.8359,254.0,0.8358,5899.18,0.8361,498.0,0.8362,4.0
1753547117055,16:25:17.055,ADA/USDT:USDT,0.8359,252.0,0.8358,5899.18,0.8361,501.0,0.8366,3229.0
1753547117447,16:25:17.447,ADA/USDT:USDT,0.8358,258.18,0.8357,30.0,0.8361,456.0,0.8365,2306.0
1753547118058,16:25:18.058,ADA/USDT:USDT,0.8359,292.0,0.8358,3165.18,0.8361,166.0,0.8366,1851.0
1753547119449,16:25:19.449,ADA/USDT:USDT,0.8359,298.0,0.8358,1803.18,0.8361,165.0,0.8363,677.0
1753547120057,16:25:20.057,ADA/USDT:USDT,0.836,222.0,0.8359,4.0,0.8361,2.0,0.8363,173.0
1753547121058,16:25:21.058,ADA/USDT:USDT,0.8361,254.0,0.836,4742.0,0.8363,297.0,0.8366,1805.0
1753547121455,16:25:21.455,ADA/USDT:USDT,0.8361,254.0,0.836,4742.0,0.8363,294.0,0.8366,1805.0
1753547122453,16:25:22.453,ADA/USDT:USDT,0.8361,1.0,0.836,290.0,0.8363,160.0,0.8367,813.0
1753547123060,16:25:23.060,ADA/USDT:USDT,0.836,264.0,0.8358,0.18,0.8363,246.0,0.8366,750.0
1753547123455,16:25:23.455,ADA/USDT:USDT,0.836,264.0,0.8358,0.18,0.8363,246.0,0.8366,750.0
1753547124459,16:25:24.459,ADA/USDT:USDT,0.836,248.0,0.8358,271.18,0.8363,253.0,0.8365,5182.0
1753547125064,16:25:25.064,ADA/USDT:USDT,0.836,15.0,0.8358,0.18,0.8363,405.0,0.8364,4253.0
1753547125459,16:25:25.459,ADA/USDT:USDT,0.836,15.0,0.8358,0.18,0.8363,406.0,0.8364,4253.0
1753547126069,16:25:26.069,ADA/USDT:USDT,0.836,7.0,0.8358,0.18,0.8363,349.0,0.8365,3851.0
1753547127150,16:25:27.150,ADA/USDT:USDT,0.8362,252.0,0.8361,3934.0,0.8363,2.0,0.8364,94.0
1753547127463,16:25:27.463,ADA/USDT:USDT,0.8362,252.0,0.8361,3934.0,0.8363,2.0,0.8364,94.0
1753547129135,16:25:29.135,ADA/USDT:USDT,0.8364,440.0,0.8363,4165.0,0.8367,43.0,0.8368,341.0
1753547129849,16:25:29.849,ADA/USDT:USDT,0.8364,5.0,0.8363,1.0,0.8366,337.0,0.8367,2741.0
1753547130587,16:25:30.587,ADA/USDT:USDT,0.8363,4.0,0.8362,9.0,0.8365,902.0,0.8368,341.0
1753547131068,16:25:31.068,ADA/USDT:USDT,0.8363,4.0,0.8361,302.0,0.8364,66.0,0.8366,1774.0
1753547131468,16:25:31.468,ADA/USDT:USDT,0.8363,4.0,0.8361,302.0,0.8364,66.0,0.8366,1774.0
1753547132471,16:25:32.471,ADA/USDT:USDT,0.8361,309.0,0.836,4.0,0.8364,185.0,0.8367,55.0
1753547133069,16:25:33.069,ADA/USDT:USDT,0.8362,228.0,0.8361,63.0,0.8364,172.0,0.8367,55.0
1753547133473,16:25:33.473,ADA/USDT:USDT,0.8362,228.0,0.8361,63.0,0.8364,172.0,0.8367,55.0
1753547134472,16:25:34.472,ADA/USDT:USDT,0.8362,211.0,0.8361,5630.0,0.8364,193.0,0.8367,2014.0
1753547135071,16:25:35.071,ADA/USDT:USDT,0.8362,227.0,0.8361,3997.0,0.8364,191.0,0.8367,4872.0
1753547135475,16:25:35.475,ADA/USDT:USDT,0.8362,227.0,0.8361,3997.0,0.8364,195.0,0.8367,4872.0
1753547136302,16:25:36.302,ADA/USDT:USDT,0.8361,2.0,0.836,4.0,0.8362,725.0,0.8364,5.0
1753547137075,16:25:37.075,ADA/USDT:USDT,0.836,4.0,0.8359,7.0,0.8362,727.0,0.8365,3111.0
1753547137474,16:25:37.474,ADA/USDT:USDT,0.836,4.0,0.8359,195.0,0.8362,209.0,0.8365,75.0
1753547138075,16:25:38.075,ADA/USDT:USDT,0.836,106.0,0.8359,5.0,0.8362,247.0,0.8365,120.0
1753547139326,16:25:39.326,ADA/USDT:USDT,0.836,5.0,0.8358,4.18,0.8361,361.0,0.8362,3848.0
1753547139979,16:25:39.979,ADA/USDT:USDT,0.836,4.0,0.8358,9.18,0.8361,361.0,0.8362,3848.0
1753547140478,16:25:40.478,ADA/USDT:USDT,0.8358,5.18,0.8357,8.0,0.836,1079.0,0.8362,2.0
1753547141079,16:25:41.079,ADA/USDT:USDT,0.8358,5.18,0.8357,88.0,0.836,834.0,0.8365,323.0
1753547141979,16:25:41.979,ADA/USDT:USDT,0.8358,0.18,0.8357,8.0,0.8359,1064.0,0.836,3.0
1753547142480,16:25:42.480,ADA/USDT:USDT,0.8358,0.18,0.8357,1.0,0.8359,909.0,0.8361,4360.0
1753547143078,16:25:43.078,ADA/USDT:USDT,0.8358,0.18,0.8357,2.0,0.8359,870.0,0.8363,4165.0
1753547143787,16:25:43.787,ADA/USDT:USDT,0.8358,0.18,0.8357,4.0,0.8359,3.0,0.8361,692.0
1753547144485,16:25:44.485,ADA/USDT:USDT,0.8358,0.18,0.8357,4.0,0.8361,5045.0,0.8363,2750.0
1753547145079,16:25:45.079,ADA/USDT:USDT,0.8358,0.18,0.8357,1.0,0.836,1769.0,0.8361,1179.0
1753547145486,16:25:45.486,ADA/USDT:USDT,0.8358,0.18,0.8357,1.0,0.836,1769.0,0.8361,1179.0
1753547146080,16:25:46.080,ADA/USDT:USDT,0.8358,0.18,0.8357,3.0,0.8361,268.0,0.8362,4972.0
1753547147081,16:25:47.081,ADA/USDT:USDT,0.8358,0.18,0.8357,3.0,0.8361,4937.0,0.8362,10.0
1753547147489,16:25:47.489,ADA/USDT:USDT,0.8358,0.18,0.8357,3.0,0.8361,4102.0,0.8362,10.0
1753547148485,16:25:48.485,ADA/USDT:USDT,0.8354,398.0,0.8353,5309.0,0.8358,2991.82,0.8361,5745.0
1753547149083,16:25:49.083,ADA/USDT:USDT,0.8354,5.0,0.8353,351.0,0.8356,115.0,0.8358,3775.0
1753547150489,16:25:50.489,ADA/USDT:USDT,0.8353,322.0,0.8352,869.0,0.8355,150.0,0.8356,3.0
1753547151084,16:25:51.084,ADA/USDT:USDT,0.8353,1.0,0.8352,291.0,0.8355,152.0,0.8356,3.0
1753547151853,16:25:51.853,ADA/USDT:USDT,0.8353,1.0,0.8352,129.0,0.8354,591.0,0.8355,2.0
1753547152491,16:25:52.491,ADA/USDT:USDT,0.8352,6.0,0.8351,5200.0,0.8354,666.0,0.8356,1643.0
1753547153084,16:25:53.084,ADA/USDT:USDT,0.8352,2.0,0.8351,237.0,0.8354,537.0,0.8356,5477.0
1753547153994,16:25:53.994,ADA/USDT:USDT,0.8352,2.0,0.8351,237.0,0.8354,533.0,0.8356,5477.0
1753547154470,16:25:54.470,ADA/USDT:USDT,0.8353,449.0,0.8352,481.0,0.8354,1.0,0.8355,73.0
1753547155089,16:25:55.089,ADA/USDT:USDT,0.8354,218.0,0.8353,4372.0,0.8356,302.0,0.8359,174.0
1753547156086,16:25:56.086,ADA/USDT:USDT,0.8353,274.0,0.8351,6959.0,0.8355,376.0,0.8356,4.0
1753547157102,16:25:57.102,ADA/USDT:USDT,0.8353,278.0,0.8351,6959.0,0.8355,383.0,0.8358,214.0
1753547157501,16:25:57.501,ADA/USDT:USDT,0.8353,2.0,0.8352,303.0,0.8355,311.0,0.8356,148.0
1753547158431,16:25:58.431,ADA/USDT:USDT,0.8353,2.0,0.8352,424.0,0.8355,84.96,0.8356,148.0
1753547159091,16:25:59.091,ADA/USDT:USDT,0.8353,2.0,0.8352,323.0,0.8355,109.0,0.8356,148.0
1753547159507,16:25:59.507,ADA/USDT:USDT,0.8353,2.0,0.8352,323.0,0.8355,107.0,0.8356,148.0
1753547160507,16:26:00.507,ADA/USDT:USDT,0.8353,2.0,0.8352,319.0,0.8355,194.0,0.8356,148.0
1753547161509,16:26:01.509,ADA/USDT:USDT,0.8353,364.0,0.8352,2302.0,0.8355,111.0,0.8356,148.0
1753547162217,16:26:02.217,ADA/USDT:USDT,0.8354,359.0,0.8353,3.0,0.8355,4.0,0.8357,121.0
1753547163091,16:26:03.091,ADA/USDT:USDT,0.8355,348.0,0.8353,2.0,0.8358,289.0,0.8361,106.0
1753547163708,16:26:03.708,ADA/USDT:USDT,0.8355,11.0,0.8354,239.0,0.8358,551.0,0.8359,314.0
1753547164513,16:26:04.513,ADA/USDT:USDT,0.8353,57.0,0.8348,4183.0,0.8356,1142.0,0.8358,215.0
1753547165093,16:26:05.093,ADA/USDT:USDT,0.8353,2.0,0.8352,5.0,0.8355,1084.0,0.8357,3067.0
1753547166095,16:26:06.095,ADA/USDT:USDT,0.8353,2.0,0.8352,4.0,0.8354,120.0,0.8355,2145.0
1753547166516,16:26:06.516,ADA/USDT:USDT,0.8353,2.0,0.8351,386.0,0.8354,120.0,0.8355,2145.0
1753547167098,16:26:07.098,ADA/USDT:USDT,0.8353,2.0,0.8351,388.0,0.8354,122.0,0.8355,2145.0
1753547168009,16:26:08.009,ADA/USDT:USDT,0.8353,800.0,0.8351,4.0,0.8354,3.0,0.8356,74.0
1753547168096,16:26:08.096,ADA/USDT:USDT,0.8353,531.0,0.8352,2414.0,0.8356,130.0,0.8357,160.0
1753547168520,16:26:08.520,ADA/USDT:USDT,0.8353,531.0,0.8352,2414.0,0.8356,12.26,0.8357,160.0
1753547169522,16:26:09.522,ADA/USDT:USDT,0.8353,486.0,0.8352,5447.0,0.8356,155.0,0.8357,160.0
1753547170097,16:26:10.097,ADA/USDT:USDT,0.8357,452.0,0.8356,4.0,0.8358,214.0,0.8359,382.0
1753547170527,16:26:10.527,ADA/USDT:USDT,0.8357,452.0,0.8356,4.0,0.8358,214.0,0.8359,387.0
1753547171362,16:26:11.362,ADA/USDT:USDT,0.8356,377.0,0.8355,5940.0,0.8357,1065.0,0.8358,214.0
1753547172098,16:26:12.098,ADA/USDT:USDT,0.8357,592.0,0.8356,4082.0,0.8358,214.0,0.8359,128.0
1753547172526,16:26:12.526,ADA/USDT:USDT,0.8357,4.0,0.8356,266.0,0.8358,214.0,0.8359,261.0
1753547173528,16:26:13.528,ADA/USDT:USDT,0.8357,271.0,0.8353,2.0,0.8358,214.0,0.836,144.0
1753547174099,16:26:14.099,ADA/USDT:USDT,0.8357,416.0,0.8353,2.0,0.8358,214.0,0.836,21.0
1753547174528,16:26:14.528,ADA/USDT:USDT,0.8357,416.0,0.8353,2.0,0.8358,214.0,0.836,21.0
1753547175100,16:26:15.100,ADA/USDT:USDT,0.8357,270.0,0.8353,5816.0,0.8358,214.0,0.836,363.0
1753547176102,16:26:16.102,ADA/USDT:USDT,0.8358,336.0,0.8357,2802.0,0.836,179.0,0.8363,476.0
1753547176530,16:26:16.530,ADA/USDT:USDT,0.8358,336.0,0.8357,2802.0,0.836,179.0,0.8363,476.0
1753547177109,16:26:17.109,ADA/USDT:USDT,0.8358,337.0,0.8357,2800.0,0.836,178.0,0.8363,476.0
1753547178537,16:26:18.537,ADA/USDT:USDT,0.8358,387.0,0.8357,2221.0,0.836,148.0,0.8362,1555.0
1753547179537,16:26:19.537,ADA/USDT:USDT,0.8359,390.0,0.8358,4670.0,0.8361,157.0,0.8362,3818.0
1753547180105,16:26:20.105,ADA/USDT:USDT,0.8358,60.0,0.8353,316.0,0.8361,357.0,0.8363,580.0
1753547181542,16:26:21.542,ADA/USDT:USDT,0.8359,5.0,0.8358,1126.0,0.8361,449.0,0.8363,580.0
