timestamp,time,exchange,symbol,bid1_price,bid1_volume,bid2_price,bid2_volume,ask1_price,ask1_volume,ask2_price,ask2_volume
1753591883729,04:51:23.729,binance,AERGO/USDT:USDT,0.13298,8515.0,0.13296,4136.0,0.133,187.0,0.13301,313.0
1753591884213,04:51:24.213,binance,AERGO/USDT:USDT,0.13298,8515.0,0.13296,4096.0,0.133,187.0,0.13301,313.0
1753591885120,04:51:25.120,binance,AERGO/USDT:USDT,0.13298,8515.0,0.13296,3971.0,0.133,187.0,0.13301,313.0
1753591885802,04:51:25.802,binance,AERGO/USDT:USDT,0.13298,8515.0,0.13296,3971.0,0.133,187.0,0.13301,313.0
1753591886402,04:51:26.402,binance,AERGO/USDT:USDT,0.13298,8515.0,0.13296,3971.0,0.133,187.0,0.13301,313.0
1753591888668,04:51:28.668,binance,AERGO/USDT:USDT,0.13298,9267.0,0.13296,3971.0,0.133,187.0,0.13301,313.0
1753591888802,04:51:28.802,binance,AERGO/USDT:USDT,0.13298,9267.0,0.13296,3971.0,0.133,187.0,0.13301,313.0
1753591889917,04:51:29.917,binance,AERGO/USDT:USDT,0.13299,8517.0,0.13298,752.0,0.13301,188.0,0.13302,314.0
1753591890102,04:51:30.102,binance,AERGO/USDT:USDT,0.13299,8517.0,0.13298,752.0,0.13301,188.0,0.13302,314.0
1753591890435,04:51:30.435,binance,AERGO/USDT:USDT,0.13299,8517.0,0.13298,752.0,0.13301,188.0,0.13302,314.0
1753591890601,04:51:30.601,binance,AERGO/USDT:USDT,0.13299,8517.0,0.13298,752.0,0.13301,188.0,0.13302,314.0
1753591891002,04:51:31.002,binance,AERGO/USDT:USDT,0.13299,8517.0,0.13298,752.0,0.13301,188.0,0.13302,314.0
1753591891603,04:51:31.603,binance,AERGO/USDT:USDT,0.13299,8517.0,0.13296,4289.0,0.13301,188.0,0.13302,314.0
1753591891875,04:51:31.875,binance,AERGO/USDT:USDT,0.13299,8575.0,0.13296,4241.0,0.13301,188.0,0.13302,314.0
1753591892203,04:51:32.203,binance,AERGO/USDT:USDT,0.13299,8575.0,0.13296,4241.0,0.13301,188.0,0.13302,314.0
1753591892729,04:51:32.729,binance,AERGO/USDT:USDT,0.13299,8575.0,0.13296,4241.0,0.13301,188.0,0.13302,314.0
1753591892832,04:51:32.832,binance,AERGO/USDT:USDT,0.13299,8575.0,0.13296,4241.0,0.13301,188.0,0.13302,314.0
1753591893014,04:51:33.014,binance,AERGO/USDT:USDT,0.13299,8575.0,0.13296,4241.0,0.13301,188.0,0.13302,314.0
1753591893402,04:51:33.402,binance,AERGO/USDT:USDT,0.13299,8575.0,0.13296,4241.0,0.13301,188.0,0.13302,314.0
1753591894488,04:51:34.488,binance,AERGO/USDT:USDT,0.13299,8575.0,0.13296,4241.0,0.13301,188.0,0.13302,314.0
1753591895202,04:51:35.202,binance,AERGO/USDT:USDT,0.13299,8575.0,0.13296,4241.0,0.13301,188.0,0.13302,314.0
1753591897002,04:51:37.002,binance,AERGO/USDT:USDT,0.13299,8644.0,0.13296,4241.0,0.13301,188.0,0.13302,314.0
1753591897726,04:51:37.726,binance,AERGO/USDT:USDT,0.13299,8644.0,0.13296,4241.0,0.13301,188.0,0.13302,314.0
1753591898325,04:51:38.325,binance,AERGO/USDT:USDT,0.133,9238.0,0.13299,127.0,0.13303,189.0,0.13304,368.0
1753591899902,04:51:39.902,binance,AERGO/USDT:USDT,0.133,9238.0,0.13299,127.0,0.13303,189.0,0.13304,368.0
1753591900235,04:51:40.235,binance,AERGO/USDT:USDT,0.133,9238.0,0.13299,127.0,0.13303,189.0,0.13304,368.0
1753591900502,04:51:40.502,binance,AERGO/USDT:USDT,0.133,9238.0,0.13299,127.0,0.13303,189.0,0.13304,368.0
1753591900864,04:51:40.864,binance,AERGO/USDT:USDT,0.133,9238.0,0.13299,127.0,0.13303,189.0,0.13304,368.0
1753591901102,04:51:41.102,binance,AERGO/USDT:USDT,0.133,9238.0,0.13299,127.0,0.13303,189.0,0.13304,368.0
1753591901702,04:51:41.702,binance,AERGO/USDT:USDT,0.133,9238.0,0.13299,127.0,0.13303,189.0,0.13304,368.0
1753591902028,04:51:42.028,binance,AERGO/USDT:USDT,0.133,9238.0,0.13299,127.0,0.13303,189.0,0.13304,368.0
1753591902547,04:51:42.547,binance,AERGO/USDT:USDT,0.133,9238.0,0.13299,127.0,0.13303,189.0,0.13304,368.0
1753591902902,04:51:42.902,binance,AERGO/USDT:USDT,0.133,9238.0,0.13299,127.0,0.13303,189.0,0.13304,368.0
1753591904531,04:51:44.531,binance,AERGO/USDT:USDT,0.133,9238.0,0.13299,127.0,0.13303,189.0,0.13304,368.0
1753591904647,04:51:44.647,binance,AERGO/USDT:USDT,0.133,9238.0,0.13299,127.0,0.13303,189.0,0.13304,368.0
1753591905802,04:51:45.802,binance,AERGO/USDT:USDT,0.133,9238.0,0.13299,127.0,0.13303,189.0,0.13304,368.0
1753591906279,04:51:46.279,binance,AERGO/USDT:USDT,0.13301,9239.0,0.133,53.0,0.13304,190.0,0.13305,3031.0
1753591906382,04:51:46.382,binance,AERGO/USDT:USDT,0.13301,9239.0,0.133,53.0,0.13304,190.0,0.13305,3031.0
1753591906586,04:51:46.586,binance,AERGO/USDT:USDT,0.13301,9239.0,0.133,53.0,0.13304,190.0,0.13305,3031.0
1753591907026,04:51:47.026,binance,AERGO/USDT:USDT,0.13301,9239.0,0.133,53.0,0.13304,190.0,0.13305,3031.0
1753591907251,04:51:47.251,binance,AERGO/USDT:USDT,0.13301,9239.0,0.133,53.0,0.13304,190.0,0.13305,3031.0
1753591907711,04:51:47.711,binance,AERGO/USDT:USDT,0.13301,355.0,0.133,53.0,0.13303,2723.0,0.13304,2315.0
1753591907813,04:51:47.813,binance,AERGO/USDT:USDT,0.13301,355.0,0.133,53.0,0.13303,2723.0,0.13304,2315.0
1753591907921,04:51:47.921,binance,AERGO/USDT:USDT,0.13301,355.0,0.133,53.0,0.13303,2723.0,0.13304,2315.0
1753591908302,04:51:48.302,binance,AERGO/USDT:USDT,0.13301,355.0,0.133,53.0,0.13303,2723.0,0.13304,2315.0
1753591908902,04:51:48.902,binance,AERGO/USDT:USDT,0.13301,355.0,0.133,53.0,0.13303,2723.0,0.13304,2315.0
1753591909150,04:51:49.150,binance,AERGO/USDT:USDT,0.13301,355.0,0.133,53.0,0.13303,2723.0,0.13304,2315.0
1753591909502,04:51:49.502,binance,AERGO/USDT:USDT,0.13301,355.0,0.133,53.0,0.13303,2723.0,0.13304,2315.0
1753591910102,04:51:50.102,binance,AERGO/USDT:USDT,0.13301,355.0,0.133,53.0,0.13303,2723.0,0.13304,2315.0
1753591910205,04:51:50.205,binance,AERGO/USDT:USDT,0.13301,355.0,0.133,53.0,0.13303,2723.0,0.13304,2315.0
1753591910632,04:51:50.632,binance,AERGO/USDT:USDT,0.13301,355.0,0.133,53.0,0.13302,40.0,0.13303,2848.0
1753591910735,04:51:50.735,binance,AERGO/USDT:USDT,0.13301,355.0,0.133,53.0,0.13302,40.0,0.13303,2848.0
1753591911202,04:51:51.202,binance,AERGO/USDT:USDT,0.13301,355.0,0.133,53.0,0.13302,40.0,0.13303,2848.0
1753591911506,04:51:51.506,binance,AERGO/USDT:USDT,0.13301,355.0,0.133,53.0,0.13302,40.0,0.13303,2848.0
1753591911695,04:51:51.695,binance,AERGO/USDT:USDT,0.13301,355.0,0.133,53.0,0.13302,40.0,0.13303,2848.0
1753591912234,04:51:52.234,binance,AERGO/USDT:USDT,0.13301,355.0,0.133,53.0,0.13302,40.0,0.13303,125.0
1753591912337,04:51:52.337,binance,AERGO/USDT:USDT,0.13301,355.0,0.133,53.0,0.13302,40.0,0.13303,125.0
1753591912448,04:51:52.448,binance,AERGO/USDT:USDT,0.13301,466.0,0.133,53.0,0.13302,40.0,0.13303,125.0
1753591912601,04:51:52.601,binance,AERGO/USDT:USDT,0.13301,466.0,0.133,53.0,0.13302,40.0,0.13303,125.0
1753591913002,04:51:53.002,binance,AERGO/USDT:USDT,0.13301,466.0,0.133,53.0,0.13302,40.0,0.13303,125.0
1753591913374,04:51:53.374,binance,AERGO/USDT:USDT,0.13301,466.0,0.133,53.0,0.13302,40.0,0.13303,125.0
1753591913586,04:51:53.586,binance,AERGO/USDT:USDT,0.13301,466.0,0.133,53.0,0.13302,40.0,0.13303,125.0
1753591914202,04:51:54.202,binance,AERGO/USDT:USDT,0.13301,466.0,0.133,53.0,0.13302,40.0,0.13303,125.0
1753591914760,04:51:54.760,binance,AERGO/USDT:USDT,0.13301,466.0,0.133,53.0,0.13302,40.0,0.13303,125.0
1753591915302,04:51:55.302,binance,AERGO/USDT:USDT,0.13301,466.0,0.133,53.0,0.13302,40.0,0.13303,125.0
1753591915902,04:51:55.902,binance,AERGO/USDT:USDT,0.13301,466.0,0.133,53.0,0.13302,40.0,0.13303,125.0
1753591916502,04:51:56.502,binance,AERGO/USDT:USDT,0.13301,466.0,0.133,53.0,0.13302,40.0,0.13303,125.0
1753591916791,04:51:56.791,binance,AERGO/USDT:USDT,0.13301,466.0,0.133,53.0,0.13302,40.0,0.13303,125.0
1753591917067,04:51:57.067,binance,AERGO/USDT:USDT,0.13301,466.0,0.133,53.0,0.13302,40.0,0.13303,125.0
1753591917170,04:51:57.170,binance,AERGO/USDT:USDT,0.13301,466.0,0.133,53.0,0.13302,40.0,0.13303,125.0
1753591917366,04:51:57.366,binance,AERGO/USDT:USDT,0.13301,466.0,0.133,53.0,0.13302,40.0,0.13303,125.0
1753591918302,04:51:58.302,binance,AERGO/USDT:USDT,0.13301,466.0,0.133,53.0,0.13302,40.0,0.13303,125.0
1753591919502,04:51:59.502,binance,AERGO/USDT:USDT,0.13301,466.0,0.133,53.0,0.13302,40.0,0.13303,125.0
1753591919724,04:51:59.724,binance,AERGO/USDT:USDT,0.13301,466.0,0.133,53.0,0.13302,40.0,0.13303,125.0
1753591919865,04:51:59.865,binance,AERGO/USDT:USDT,0.13301,466.0,0.133,53.0,0.13302,40.0,0.13303,125.0
1753591920702,04:52:00.702,binance,AERGO/USDT:USDT,0.13301,466.0,0.133,53.0,0.13302,40.0,0.13303,125.0
1753591921302,04:52:01.302,binance,AERGO/USDT:USDT,0.13301,466.0,0.133,53.0,0.13302,40.0,0.13303,125.0
1753591921739,04:52:01.739,binance,AERGO/USDT:USDT,0.13301,466.0,0.133,53.0,0.13302,40.0,0.13304,190.0
1753591921840,04:52:01.840,binance,AERGO/USDT:USDT,0.13301,466.0,0.133,53.0,0.13302,40.0,0.13303,125.0
1753591921993,04:52:01.993,binance,AERGO/USDT:USDT,0.13301,466.0,0.133,53.0,0.13302,40.0,0.13303,125.0
1753591922126,04:52:02.126,binance,AERGO/USDT:USDT,0.13301,466.0,0.133,53.0,0.13302,40.0,0.13303,125.0
1753591922951,04:52:02.951,binance,AERGO/USDT:USDT,0.13301,466.0,0.133,53.0,0.13302,40.0,0.13303,125.0
1753591923055,04:52:03.055,binance,AERGO/USDT:USDT,0.13301,466.0,0.133,53.0,0.13302,40.0,0.13303,125.0
1753591923158,04:52:03.158,binance,AERGO/USDT:USDT,0.13301,466.0,0.133,53.0,0.13302,40.0,0.13303,125.0
1753591923602,04:52:03.602,binance,AERGO/USDT:USDT,0.13301,466.0,0.133,53.0,0.13302,40.0,0.13303,125.0
1753591924202,04:52:04.202,binance,AERGO/USDT:USDT,0.13301,466.0,0.133,53.0,0.13302,40.0,0.13303,125.0
1753591925402,04:52:05.402,binance,AERGO/USDT:USDT,0.13301,466.0,0.133,53.0,0.13302,40.0,0.13303,125.0
1753591926002,04:52:06.002,binance,AERGO/USDT:USDT,0.13301,466.0,0.133,53.0,0.13302,40.0,0.13303,125.0
1753591927153,04:52:07.153,binance,AERGO/USDT:USDT,0.13301,466.0,0.133,53.0,0.13302,40.0,0.13303,125.0
1753591927274,04:52:07.274,binance,AERGO/USDT:USDT,0.13305,2988.0,0.13304,2941.0,0.13308,479.0,0.13309,4349.0
1753591927376,04:52:07.376,binance,AERGO/USDT:USDT,0.13305,238.0,0.13304,2941.0,0.13308,479.0,0.13309,4349.0
1753591927516,04:52:07.516,binance,AERGO/USDT:USDT,0.13305,238.0,0.13304,191.0,0.13308,479.0,0.13309,4349.0
1753591927664,04:52:07.664,binance,AERGO/USDT:USDT,0.13305,238.0,0.13304,191.0,0.13308,479.0,0.13309,4349.0
1753591927822,04:52:07.822,binance,AERGO/USDT:USDT,0.13305,238.0,0.13304,191.0,0.13308,479.0,0.13309,4349.0
1753591928200,04:52:08.200,binance,AERGO/USDT:USDT,0.13305,238.0,0.13304,191.0,0.13309,124.0,0.1331,737.0
1753591928302,04:52:08.302,binance,AERGO/USDT:USDT,0.13305,238.0,0.13304,191.0,0.13309,2779.0,0.1331,3516.0
1753591928431,04:52:08.431,binance,AERGO/USDT:USDT,0.13305,238.0,0.13304,191.0,0.13309,2779.0,0.1331,737.0
1753591928892,04:52:08.892,binance,AERGO/USDT:USDT,0.13305,238.0,0.13304,191.0,0.13309,4779.0,0.1331,737.0
1753591929202,04:52:09.202,binance,AERGO/USDT:USDT,0.13305,238.0,0.13304,191.0,0.13309,4779.0,0.1331,737.0
1753591929802,04:52:09.802,binance,AERGO/USDT:USDT,0.13305,238.0,0.13304,191.0,0.13309,4779.0,0.1331,737.0
1753591930140,04:52:10.140,binance,AERGO/USDT:USDT,0.13305,238.0,0.13304,191.0,0.13309,4779.0,0.1331,737.0
1753591931002,04:52:11.002,binance,AERGO/USDT:USDT,0.13305,238.0,0.13304,191.0,0.13309,4779.0,0.1331,737.0
1753591931257,04:52:11.257,binance,AERGO/USDT:USDT,0.13305,238.0,0.13304,191.0,0.13309,4779.0,0.1331,737.0
1753591931501,04:52:11.501,binance,AERGO/USDT:USDT,0.13305,238.0,0.13304,191.0,0.13309,4779.0,0.1331,737.0
1753591931602,04:52:11.602,binance,AERGO/USDT:USDT,0.13305,238.0,0.13304,191.0,0.13309,4779.0,0.1331,737.0
1753591932202,04:52:12.202,binance,AERGO/USDT:USDT,0.13305,238.0,0.13304,191.0,0.13309,4779.0,0.1331,737.0
1753591932780,04:52:12.780,binance,AERGO/USDT:USDT,0.13305,238.0,0.13304,191.0,0.13309,4779.0,0.1331,737.0
1753591933154,04:52:13.154,binance,AERGO/USDT:USDT,0.13305,238.0,0.13304,191.0,0.13309,4779.0,0.1331,737.0
1753591933259,04:52:13.259,binance,AERGO/USDT:USDT,0.13305,238.0,0.13304,191.0,0.13309,4779.0,0.1331,737.0
1753591933402,04:52:13.402,binance,AERGO/USDT:USDT,0.13305,238.0,0.13304,191.0,0.13309,4779.0,0.1331,737.0
1753591934002,04:52:14.002,binance,AERGO/USDT:USDT,0.13305,238.0,0.13304,191.0,0.13309,4779.0,0.1331,737.0
1753591934602,04:52:14.602,binance,AERGO/USDT:USDT,0.13305,238.0,0.13304,191.0,0.13309,4779.0,0.1331,737.0
1753591934923,04:52:14.923,binance,AERGO/USDT:USDT,0.13305,238.0,0.13304,191.0,0.13309,4779.0,0.1331,737.0
1753591935130,04:52:15.130,binance,AERGO/USDT:USDT,0.13305,238.0,0.13304,191.0,0.13309,4779.0,0.1331,737.0
1753591935235,04:52:15.235,binance,AERGO/USDT:USDT,0.13305,238.0,0.13304,191.0,0.13309,4779.0,0.1331,737.0
1753591935702,04:52:15.702,binance,AERGO/USDT:USDT,0.13305,238.0,0.13304,191.0,0.13309,4779.0,0.1331,737.0
1753591936302,04:52:16.302,binance,AERGO/USDT:USDT,0.13305,238.0,0.13304,191.0,0.13309,4779.0,0.1331,737.0
1753591936521,04:52:16.521,binance,AERGO/USDT:USDT,0.13305,238.0,0.13304,191.0,0.13309,4779.0,0.1331,737.0
1753591936902,04:52:16.902,binance,AERGO/USDT:USDT,0.13305,238.0,0.13304,191.0,0.13309,4779.0,0.1331,737.0
1753591937502,04:52:17.502,binance,AERGO/USDT:USDT,0.13305,238.0,0.13304,191.0,0.13309,4779.0,0.1331,737.0
1753591938102,04:52:18.102,binance,AERGO/USDT:USDT,0.13305,238.0,0.13304,191.0,0.13309,4779.0,0.1331,737.0
1753591938526,04:52:18.526,binance,AERGO/USDT:USDT,0.13305,238.0,0.13304,191.0,0.13308,2528.0,0.13309,4903.0
1753591938629,04:52:18.629,binance,AERGO/USDT:USDT,0.13305,238.0,0.13304,191.0,0.13308,2528.0,0.13309,4903.0
1753591938817,04:52:18.817,binance,AERGO/USDT:USDT,0.13305,238.0,0.13304,191.0,0.13308,4528.0,0.13309,2903.0
1753591939017,04:52:19.017,binance,AERGO/USDT:USDT,0.13304,191.0,0.13303,191.0,0.13307,3433.0,0.13308,125.0
1753591939122,04:52:19.122,binance,AERGO/USDT:USDT,0.13304,191.0,0.13303,191.0,0.13307,3433.0,0.13308,125.0
1753591939228,04:52:19.228,binance,AERGO/USDT:USDT,0.13304,191.0,0.13303,191.0,0.13307,3433.0,0.13308,125.0
1753591939390,04:52:19.390,binance,AERGO/USDT:USDT,0.13305,354.0,0.13304,191.0,0.13307,3433.0,0.13308,125.0
1753591939544,04:52:19.544,binance,AERGO/USDT:USDT,0.13305,354.0,0.13304,191.0,0.13307,3433.0,0.13308,125.0
1753591939837,04:52:19.837,binance,AERGO/USDT:USDT,0.13303,191.0,0.13302,370.0,0.13305,610.0,0.13306,125.0
1753591939944,04:52:19.944,binance,AERGO/USDT:USDT,0.13303,191.0,0.13302,191.0,0.13305,610.0,0.13306,125.0
1753591940402,04:52:20.402,binance,AERGO/USDT:USDT,0.13303,191.0,0.13302,191.0,0.13305,610.0,0.13306,125.0
1753591940874,04:52:20.874,binance,AERGO/USDT:USDT,0.13303,191.0,0.13302,191.0,0.13305,610.0,0.13306,125.0
1753591941167,04:52:21.167,binance,AERGO/USDT:USDT,0.13303,191.0,0.13302,191.0,0.13305,610.0,0.13306,125.0
1753591942702,04:52:22.702,binance,AERGO/USDT:USDT,0.13303,191.0,0.13302,191.0,0.13305,610.0,0.13306,125.0
1753591943002,04:52:23.002,binance,AERGO/USDT:USDT,0.13303,191.0,0.13302,191.0,0.13305,610.0,0.13306,125.0
1753591943119,04:52:23.119,binance,AERGO/USDT:USDT,0.13302,191.0,0.13301,3856.0,0.13304,38.0,0.13305,125.0
1753591943243,04:52:23.243,binance,AERGO/USDT:USDT,0.13301,3732.0,0.133,1817.0,0.13304,38.0,0.13305,604.0
1753591943347,04:52:23.347,binance,AERGO/USDT:USDT,0.13301,3732.0,0.133,1817.0,0.13304,38.0,0.13305,604.0
1753591943609,04:52:23.609,binance,AERGO/USDT:USDT,0.13301,3237.0,0.133,1817.0,0.13304,38.0,0.13305,604.0
1753591943802,04:52:23.802,binance,AERGO/USDT:USDT,0.13301,3237.0,0.133,1817.0,0.13304,38.0,0.13305,604.0
1753591944014,04:52:24.014,binance,AERGO/USDT:USDT,0.13301,3081.0,0.133,1425.0,0.13304,38.0,0.13305,604.0
1753591944296,04:52:24.296,binance,AERGO/USDT:USDT,0.13301,3081.0,0.133,1425.0,0.13304,38.0,0.13305,125.0
1753591944402,04:52:24.402,binance,AERGO/USDT:USDT,0.13301,3081.0,0.133,1425.0,0.13304,38.0,0.13305,125.0
1753591946114,04:52:26.114,binance,AERGO/USDT:USDT,0.13301,3081.0,0.133,1425.0,0.13304,38.0,0.13305,125.0
1753591946301,04:52:26.301,binance,AERGO/USDT:USDT,0.13301,3081.0,0.133,1425.0,0.13304,38.0,0.13305,125.0
1753591946504,04:52:26.504,binance,AERGO/USDT:USDT,0.13301,3081.0,0.133,1425.0,0.13304,38.0,0.13305,125.0
1753591947653,04:52:27.653,binance,AERGO/USDT:USDT,0.133,244.0,0.13299,247.0,0.13304,2791.0,0.13305,1065.0
1753591947805,04:52:27.805,binance,AERGO/USDT:USDT,0.133,244.0,0.13299,247.0,0.13304,2791.0,0.13305,1065.0
1753591947980,04:52:27.980,binance,AERGO/USDT:USDT,0.133,244.0,0.13299,247.0,0.13304,2791.0,0.13305,1065.0
1753591948502,04:52:28.502,binance,AERGO/USDT:USDT,0.133,244.0,0.13299,247.0,0.13304,2791.0,0.13305,1065.0
1753591948774,04:52:28.774,binance,AERGO/USDT:USDT,0.133,377.0,0.13299,247.0,0.13304,2791.0,0.13305,1065.0
1753591949102,04:52:29.102,binance,AERGO/USDT:USDT,0.133,377.0,0.13299,247.0,0.13304,2791.0,0.13305,1065.0
1753591949702,04:52:29.702,binance,AERGO/USDT:USDT,0.133,377.0,0.13299,247.0,0.13304,2791.0,0.13305,1065.0
1753591950302,04:52:30.302,binance,AERGO/USDT:USDT,0.133,377.0,0.13299,247.0,0.13304,2791.0,0.13305,1065.0
1753591950626,04:52:30.626,binance,AERGO/USDT:USDT,0.13302,131.0,0.133,377.0,0.13304,2791.0,0.13305,314.0
1753591951159,04:52:31.159,binance,AERGO/USDT:USDT,0.13302,131.0,0.13301,276.0,0.13305,189.0,0.13306,2942.0
1753591951262,04:52:31.262,binance,AERGO/USDT:USDT,0.13302,131.0,0.13301,151.0,0.13305,2942.0,0.13306,314.0
1753591951502,04:52:31.502,binance,AERGO/USDT:USDT,0.13302,131.0,0.13301,151.0,0.13305,2942.0,0.13306,314.0
1753591951612,04:52:31.612,binance,AERGO/USDT:USDT,0.13302,131.0,0.13301,151.0,0.13305,2942.0,0.13306,314.0
1753591952102,04:52:32.102,binance,AERGO/USDT:USDT,0.13302,208.0,0.13301,151.0,0.13305,2942.0,0.13306,314.0
1753591952750,04:52:32.750,binance,AERGO/USDT:USDT,0.13302,208.0,0.13301,151.0,0.13305,2942.0,0.13306,314.0
1753591952902,04:52:32.902,binance,AERGO/USDT:USDT,0.13302,208.0,0.13301,151.0,0.13305,2942.0,0.13306,314.0
1753591953302,04:52:33.302,binance,AERGO/USDT:USDT,0.13302,208.0,0.13301,151.0,0.13305,2942.0,0.13306,314.0
1753591953902,04:52:33.902,binance,AERGO/USDT:USDT,0.13302,208.0,0.13301,151.0,0.13305,2942.0,0.13306,314.0
1753591954154,04:52:34.154,binance,AERGO/USDT:USDT,0.13302,208.0,0.13301,151.0,0.13305,2942.0,0.13306,314.0
1753591954502,04:52:34.502,binance,AERGO/USDT:USDT,0.13302,208.0,0.13301,151.0,0.13305,2942.0,0.13306,314.0
1753591955438,04:52:35.438,binance,AERGO/USDT:USDT,0.13302,208.0,0.13301,151.0,0.13305,2942.0,0.13306,314.0
1753591955702,04:52:35.702,binance,AERGO/USDT:USDT,0.13302,208.0,0.13301,151.0,0.13305,2942.0,0.13306,314.0
1753591956302,04:52:36.302,binance,AERGO/USDT:USDT,0.13302,208.0,0.13301,151.0,0.13305,2942.0,0.13306,314.0
1753591956902,04:52:36.902,binance,AERGO/USDT:USDT,0.13302,208.0,0.13301,151.0,0.13305,2942.0,0.13306,314.0
1753591957154,04:52:37.154,binance,AERGO/USDT:USDT,0.13302,208.0,0.13301,151.0,0.13305,2942.0,0.13306,314.0
1753591957460,04:52:37.460,binance,AERGO/USDT:USDT,0.13302,208.0,0.13301,151.0,0.13305,2942.0,0.13306,314.0
1753591958002,04:52:38.002,binance,AERGO/USDT:USDT,0.13302,208.0,0.13301,151.0,0.13305,2942.0,0.13306,314.0
1753591958157,04:52:38.157,binance,AERGO/USDT:USDT,0.13302,208.0,0.13301,151.0,0.13305,2942.0,0.13306,314.0
1753591959402,04:52:39.402,binance,AERGO/USDT:USDT,0.13302,208.0,0.13301,151.0,0.13305,2942.0,0.13306,314.0
1753591959769,04:52:39.769,binance,AERGO/USDT:USDT,0.13302,208.0,0.13301,151.0,0.13305,2942.0,0.13306,314.0
1753591960002,04:52:40.002,binance,AERGO/USDT:USDT,0.13302,208.0,0.13301,151.0,0.13305,2942.0,0.13306,314.0
1753591961756,04:52:41.756,binance,AERGO/USDT:USDT,0.13302,208.0,0.13301,151.0,0.13305,2942.0,0.13306,314.0
1753591961901,04:52:41.901,binance,AERGO/USDT:USDT,0.13302,208.0,0.13301,151.0,0.13305,2942.0,0.13306,314.0
1753591962064,04:52:42.064,binance,AERGO/USDT:USDT,0.13302,208.0,0.13301,151.0,0.13305,2942.0,0.13306,314.0
1753591962246,04:52:42.246,binance,AERGO/USDT:USDT,0.13302,208.0,0.13301,151.0,0.13305,2942.0,0.13306,314.0
1753591962402,04:52:42.402,binance,AERGO/USDT:USDT,0.13302,208.0,0.13301,151.0,0.13305,2942.0,0.13306,314.0
1753591963002,04:52:43.002,binance,AERGO/USDT:USDT,0.13302,208.0,0.13301,151.0,0.13305,2942.0,0.13306,314.0
1753591963602,04:52:43.602,binance,AERGO/USDT:USDT,0.13302,208.0,0.13301,151.0,0.13305,2942.0,0.13306,314.0
1753591964062,04:52:44.062,binance,AERGO/USDT:USDT,0.13302,208.0,0.13301,151.0,0.13305,2942.0,0.13306,314.0
1753591964202,04:52:44.202,binance,AERGO/USDT:USDT,0.13302,208.0,0.13301,151.0,0.13305,2942.0,0.13306,314.0
1753591964802,04:52:44.802,binance,AERGO/USDT:USDT,0.13302,208.0,0.13301,151.0,0.13305,2942.0,0.13306,314.0
1753591965403,04:52:45.403,binance,AERGO/USDT:USDT,0.13302,208.0,0.13301,151.0,0.13305,2942.0,0.13306,314.0
1753591965735,04:52:45.735,binance,AERGO/USDT:USDT,0.13302,208.0,0.13301,151.0,0.13305,2942.0,0.13306,314.0
1753591966002,04:52:46.002,binance,AERGO/USDT:USDT,0.13302,208.0,0.13301,151.0,0.13305,2942.0,0.13306,314.0
1753591968402,04:52:48.402,binance,AERGO/USDT:USDT,0.13302,208.0,0.13301,151.0,0.13305,2942.0,0.13306,314.0
1753591969002,04:52:49.002,binance,AERGO/USDT:USDT,0.13302,208.0,0.13301,151.0,0.13305,2942.0,0.13306,314.0
1753591969580,04:52:49.580,binance,AERGO/USDT:USDT,0.13302,208.0,0.13301,151.0,0.13305,2942.0,0.13306,314.0
1753591969701,04:52:49.701,binance,AERGO/USDT:USDT,0.13302,208.0,0.13301,151.0,0.13305,2942.0,0.13306,314.0
1753591970102,04:52:50.102,binance,AERGO/USDT:USDT,0.13302,208.0,0.13301,151.0,0.13305,2942.0,0.13306,314.0
1753591970702,04:52:50.702,binance,AERGO/USDT:USDT,0.13302,208.0,0.13301,151.0,0.13305,2942.0,0.13306,314.0
1753591971302,04:52:51.302,binance,AERGO/USDT:USDT,0.13302,208.0,0.13301,151.0,0.13305,2942.0,0.13306,314.0
1753591971902,04:52:51.902,binance,AERGO/USDT:USDT,0.13302,208.0,0.13301,151.0,0.13305,2942.0,0.13306,314.0
1753591972046,04:52:52.046,binance,AERGO/USDT:USDT,0.13302,208.0,0.13301,151.0,0.13305,2942.0,0.13306,314.0
1753591973070,04:52:53.070,binance,AERGO/USDT:USDT,0.13302,208.0,0.13301,151.0,0.13305,189.0,0.13306,314.0
1753591973339,04:52:53.339,binance,AERGO/USDT:USDT,0.13302,208.0,0.13301,151.0,0.13305,189.0,0.13306,314.0
1753591974780,04:52:54.780,binance,AERGO/USDT:USDT,0.13302,208.0,0.13301,151.0,0.13305,189.0,0.13306,314.0
1753591974901,04:52:54.901,binance,AERGO/USDT:USDT,0.13302,208.0,0.13301,151.0,0.13305,189.0,0.13306,314.0
1753591975644,04:52:55.644,binance,AERGO/USDT:USDT,0.13302,307.0,0.13301,151.0,0.13305,189.0,0.13306,314.0
1753591975777,04:52:55.777,binance,AERGO/USDT:USDT,0.13302,505.0,0.13301,151.0,0.13305,189.0,0.13306,314.0
1753591976001,04:52:56.001,binance,AERGO/USDT:USDT,0.13302,505.0,0.13301,151.0,0.13305,189.0,0.13306,314.0
1753591976199,04:52:56.199,binance,AERGO/USDT:USDT,0.13302,458.0,0.13301,151.0,0.13305,189.0,0.13306,314.0
1753591976402,04:52:56.402,binance,AERGO/USDT:USDT,0.13302,458.0,0.13301,151.0,0.13305,189.0,0.13306,314.0
1753591977602,04:52:57.602,binance,AERGO/USDT:USDT,0.13302,458.0,0.13301,151.0,0.13305,189.0,0.13306,314.0
1753591978602,04:52:58.602,binance,AERGO/USDT:USDT,0.13302,458.0,0.13301,151.0,0.13305,189.0,0.13306,314.0
1753591978802,04:52:58.802,binance,AERGO/USDT:USDT,0.13302,458.0,0.13301,151.0,0.13305,189.0,0.13306,314.0
1753591980135,04:53:00.135,binance,AERGO/USDT:USDT,0.13302,458.0,0.13301,151.0,0.13305,189.0,0.13306,314.0
1753591980602,04:53:00.602,binance,AERGO/USDT:USDT,0.13302,458.0,0.13301,151.0,0.13305,189.0,0.13306,314.0
1753591981489,04:53:01.489,binance,AERGO/USDT:USDT,0.13302,458.0,0.13301,151.0,0.13305,189.0,0.13306,314.0
1753591982225,04:53:02.225,binance,AERGO/USDT:USDT,0.13302,458.0,0.13301,151.0,0.13305,189.0,0.13306,314.0
1753591982334,04:53:02.334,binance,AERGO/USDT:USDT,0.13302,458.0,0.13301,151.0,0.13305,189.0,0.13306,314.0
1753591982501,04:53:02.501,binance,AERGO/USDT:USDT,0.13302,458.0,0.13301,151.0,0.13304,712.0,0.13305,314.0
1753591982608,04:53:02.608,binance,AERGO/USDT:USDT,0.13302,458.0,0.13301,151.0,0.13303,43.0,0.13304,712.0
1753591982906,04:53:02.906,binance,AERGO/USDT:USDT,0.13302,458.0,0.13301,151.0,0.13303,43.0,0.13304,712.0
1753591983009,04:53:03.009,binance,AERGO/USDT:USDT,0.13302,458.0,0.13301,151.0,0.13303,43.0,0.13304,712.0
1753591984102,04:53:04.102,binance,AERGO/USDT:USDT,0.13302,458.0,0.13301,151.0,0.13303,43.0,0.13304,712.0
1753591984802,04:53:04.802,binance,AERGO/USDT:USDT,0.13302,458.0,0.13301,151.0,0.13303,43.0,0.13304,712.0
1753591985202,04:53:05.202,binance,AERGO/USDT:USDT,0.13302,458.0,0.13301,151.0,0.13303,43.0,0.13304,712.0
1753591986402,04:53:06.402,binance,AERGO/USDT:USDT,0.13302,458.0,0.13301,151.0,0.13303,43.0,0.13304,712.0
1753591987002,04:53:07.002,binance,AERGO/USDT:USDT,0.13302,458.0,0.13301,151.0,0.13303,43.0,0.13304,712.0
1753591987602,04:53:07.602,binance,AERGO/USDT:USDT,0.13302,458.0,0.13301,151.0,0.13303,43.0,0.13304,712.0
1753591988202,04:53:08.202,binance,AERGO/USDT:USDT,0.13302,458.0,0.13301,151.0,0.13303,43.0,0.13304,712.0
1753591990002,04:53:10.002,binance,AERGO/USDT:USDT,0.13302,458.0,0.13301,151.0,0.13303,43.0,0.13304,712.0
1753591990240,04:53:10.240,binance,AERGO/USDT:USDT,0.13302,458.0,0.13301,151.0,0.13303,43.0,0.13304,712.0
1753591990602,04:53:10.602,binance,AERGO/USDT:USDT,0.13302,458.0,0.13301,151.0,0.13303,43.0,0.13304,712.0
1753591991053,04:53:11.053,binance,AERGO/USDT:USDT,0.13302,458.0,0.13301,151.0,0.13303,43.0,0.13304,712.0
1753591991156,04:53:11.156,binance,AERGO/USDT:USDT,0.13302,458.0,0.13301,151.0,0.13303,43.0,0.13304,712.0
1753591991301,04:53:11.301,binance,AERGO/USDT:USDT,0.13302,458.0,0.13301,151.0,0.13303,43.0,0.13304,712.0
1753591991702,04:53:11.702,binance,AERGO/USDT:USDT,0.13302,458.0,0.13301,151.0,0.13303,43.0,0.13304,712.0
1753591991936,04:53:11.936,binance,AERGO/USDT:USDT,0.13302,458.0,0.13301,151.0,0.13303,43.0,0.13304,712.0
1753591992042,04:53:12.042,binance,AERGO/USDT:USDT,0.13302,458.0,0.13301,151.0,0.13303,43.0,0.13304,712.0
1753591992147,04:53:12.147,binance,AERGO/USDT:USDT,0.13302,458.0,0.13301,151.0,0.13303,43.0,0.13304,712.0
1753591992302,04:53:12.302,binance,AERGO/USDT:USDT,0.13302,458.0,0.13301,151.0,0.13303,43.0,0.13304,712.0
1753591992438,04:53:12.438,binance,AERGO/USDT:USDT,0.13302,458.0,0.13301,151.0,0.13303,43.0,0.13304,712.0
1753591992855,04:53:12.855,binance,AERGO/USDT:USDT,0.13302,80.0,0.13301,151.0,0.13303,3265.0,0.13304,712.0
1753591992958,04:53:12.958,binance,AERGO/USDT:USDT,0.13302,80.0,0.13301,151.0,0.13303,3265.0,0.13304,837.0
1753591993082,04:53:13.082,binance,AERGO/USDT:USDT,0.13302,80.0,0.13301,151.0,0.13303,3265.0,0.13304,837.0
1753591993239,04:53:13.239,binance,AERGO/USDT:USDT,0.13302,80.0,0.13301,151.0,0.13303,3265.0,0.13304,837.0
1753591993402,04:53:13.402,binance,AERGO/USDT:USDT,0.13302,80.0,0.13301,151.0,0.13303,3265.0,0.13304,837.0
1753591994120,04:53:14.120,binance,AERGO/USDT:USDT,0.13302,80.0,0.13301,151.0,0.13303,3265.0,0.13304,837.0
1753591994602,04:53:14.602,binance,AERGO/USDT:USDT,0.13302,80.0,0.13301,151.0,0.13303,3265.0,0.13304,837.0
1753591995604,04:53:15.604,binance,AERGO/USDT:USDT,0.13302,168.0,0.13301,151.0,0.13303,3265.0,0.13304,837.0
1753591995802,04:53:15.802,binance,AERGO/USDT:USDT,0.13302,168.0,0.13301,151.0,0.13303,3265.0,0.13304,837.0
1753591996122,04:53:16.122,binance,AERGO/USDT:USDT,0.13302,168.0,0.13301,151.0,0.13303,3265.0,0.13304,837.0
1753591996402,04:53:16.402,binance,AERGO/USDT:USDT,0.13302,168.0,0.13301,151.0,0.13303,3265.0,0.13304,837.0
1753591996961,04:53:16.961,binance,AERGO/USDT:USDT,0.13302,168.0,0.13301,151.0,0.13303,3265.0,0.13304,837.0
1753591999902,04:53:19.902,binance,AERGO/USDT:USDT,0.13302,168.0,0.13301,151.0,0.13303,3265.0,0.13304,712.0
1753592001702,04:53:21.702,binance,AERGO/USDT:USDT,0.13302,168.0,0.13301,151.0,0.13303,43.0,0.13304,712.0
1753592002302,04:53:22.302,binance,AERGO/USDT:USDT,0.13302,168.0,0.13301,151.0,0.13303,43.0,0.13304,712.0
1753592002533,04:53:22.533,binance,AERGO/USDT:USDT,0.13302,168.0,0.13301,151.0,0.13303,43.0,0.13304,712.0
1753592002648,04:53:22.648,binance,AERGO/USDT:USDT,0.13302,168.0,0.13301,151.0,0.13303,43.0,0.13304,837.0
1753592002851,04:53:22.851,binance,AERGO/USDT:USDT,0.13302,168.0,0.13301,151.0,0.13303,43.0,0.13304,837.0
1753592003125,04:53:23.125,binance,AERGO/USDT:USDT,0.13302,168.0,0.13301,151.0,0.13303,43.0,0.13304,837.0
1753592003402,04:53:23.402,binance,AERGO/USDT:USDT,0.13302,168.0,0.13301,151.0,0.13303,43.0,0.13304,837.0
1753592004314,04:53:24.314,binance,AERGO/USDT:USDT,0.13302,168.0,0.13301,151.0,0.13303,43.0,0.13304,837.0
1753592004602,04:53:24.602,binance,AERGO/USDT:USDT,0.13302,168.0,0.13301,151.0,0.13303,43.0,0.13304,837.0
1753592004717,04:53:24.717,binance,AERGO/USDT:USDT,0.13302,168.0,0.13301,151.0,0.13303,43.0,0.13304,837.0
1753592005112,04:53:25.112,binance,AERGO/USDT:USDT,0.13302,168.0,0.13301,151.0,0.13303,43.0,0.13304,837.0
1753592005702,04:53:25.702,binance,AERGO/USDT:USDT,0.13302,168.0,0.13301,151.0,0.13303,43.0,0.13304,837.0
1753592006055,04:53:26.055,binance,AERGO/USDT:USDT,0.13302,168.0,0.13301,151.0,0.13303,43.0,0.13304,837.0
1753592006302,04:53:26.302,binance,AERGO/USDT:USDT,0.13302,168.0,0.13301,151.0,0.13303,148.0,0.13304,837.0
1753592006902,04:53:26.902,binance,AERGO/USDT:USDT,0.13302,168.0,0.13301,151.0,0.13303,148.0,0.13304,837.0
1753592007355,04:53:27.355,binance,AERGO/USDT:USDT,0.133,808.0,0.13299,189.0,0.13302,610.0,0.13303,904.0
1753592007461,04:53:27.461,binance,AERGO/USDT:USDT,0.133,808.0,0.13299,189.0,0.13302,610.0,0.13303,1029.0
1753592007571,04:53:27.571,binance,AERGO/USDT:USDT,0.133,808.0,0.13299,189.0,0.13302,610.0,0.13303,1029.0
1753592007698,04:53:27.698,binance,AERGO/USDT:USDT,0.133,808.0,0.13299,189.0,0.13302,610.0,0.13303,1029.0
1753592007858,04:53:27.858,binance,AERGO/USDT:USDT,0.133,808.0,0.13299,189.0,0.13302,610.0,0.13303,1029.0
1753592007990,04:53:27.990,binance,AERGO/USDT:USDT,0.133,808.0,0.13299,189.0,0.13302,610.0,0.13303,1029.0
1753592008502,04:53:28.502,binance,AERGO/USDT:USDT,0.133,808.0,0.13299,189.0,0.13302,610.0,0.13303,1029.0
1753592009597,04:53:29.597,binance,AERGO/USDT:USDT,0.133,808.0,0.13299,189.0,0.13302,610.0,0.13303,1029.0
1753592009702,04:53:29.702,binance,AERGO/USDT:USDT,0.133,808.0,0.13299,189.0,0.13302,610.0,0.13303,1029.0
1753592009996,04:53:29.996,binance,AERGO/USDT:USDT,0.133,808.0,0.13299,189.0,0.13302,610.0,0.13303,1029.0
1753592010797,04:53:30.797,binance,AERGO/USDT:USDT,0.133,808.0,0.13299,189.0,0.13302,610.0,0.13303,1029.0
1753592011055,04:53:31.055,binance,AERGO/USDT:USDT,0.133,808.0,0.13299,189.0,0.13302,610.0,0.13303,1029.0
1753592011159,04:53:31.159,binance,AERGO/USDT:USDT,0.133,808.0,0.13299,189.0,0.13302,610.0,0.13303,1029.0
1753592011502,04:53:31.502,binance,AERGO/USDT:USDT,0.133,808.0,0.13299,189.0,0.13302,610.0,0.13303,1029.0
1753592012050,04:53:32.050,binance,AERGO/USDT:USDT,0.133,808.0,0.13299,189.0,0.13303,904.0,0.13304,1025.0
1753592012211,04:53:32.211,binance,AERGO/USDT:USDT,0.133,808.0,0.13299,189.0,0.13303,904.0,0.13304,1025.0
1753592013769,04:53:33.769,binance,AERGO/USDT:USDT,0.133,808.0,0.13299,189.0,0.13303,904.0,0.13304,1025.0
1753592013901,04:53:33.901,binance,AERGO/USDT:USDT,0.133,808.0,0.13299,189.0,0.13303,904.0,0.13304,1025.0
1753592014696,04:53:34.696,binance,AERGO/USDT:USDT,0.133,808.0,0.13299,189.0,0.13302,714.0,0.13303,1029.0
1753592015602,04:53:35.602,binance,AERGO/USDT:USDT,0.133,808.0,0.13299,189.0,0.13302,714.0,0.13303,1029.0
1753592016202,04:53:36.202,binance,AERGO/USDT:USDT,0.133,808.0,0.13299,189.0,0.13302,714.0,0.13303,1029.0
1753592016802,04:53:36.802,binance,AERGO/USDT:USDT,0.133,808.0,0.13299,189.0,0.13302,714.0,0.13303,1029.0
1753592018602,04:53:38.602,binance,AERGO/USDT:USDT,0.133,808.0,0.13299,189.0,0.13302,714.0,0.13303,1029.0
1753592019802,04:53:39.802,binance,AERGO/USDT:USDT,0.133,808.0,0.13299,189.0,0.13302,714.0,0.13303,1029.0
1753592020539,04:53:40.539,binance,AERGO/USDT:USDT,0.133,808.0,0.13299,314.0,0.13302,1470.0,0.13303,148.0
1753592021002,04:53:41.002,binance,AERGO/USDT:USDT,0.133,808.0,0.13299,314.0,0.13302,1470.0,0.13303,148.0
1753592021702,04:53:41.702,binance,AERGO/USDT:USDT,0.133,808.0,0.13299,314.0,0.13302,1470.0,0.13303,148.0
1753592022572,04:53:42.572,binance,AERGO/USDT:USDT,0.133,854.0,0.13299,314.0,0.13302,1470.0,0.13303,148.0
1753592023482,04:53:43.482,binance,AERGO/USDT:USDT,0.13301,74.0,0.133,854.0,0.13302,1470.0,0.13303,273.0
1753592023590,04:53:43.590,binance,AERGO/USDT:USDT,0.13301,119.0,0.133,808.0,0.13302,1470.0,0.13303,273.0
1753592023840,04:53:43.840,binance,AERGO/USDT:USDT,0.13301,119.0,0.133,808.0,0.13302,1470.0,0.13303,273.0
1753592024369,04:53:44.369,binance,AERGO/USDT:USDT,0.13301,119.0,0.133,808.0,0.13302,1470.0,0.13303,273.0
1753592025002,04:53:45.002,binance,AERGO/USDT:USDT,0.13301,119.0,0.133,808.0,0.13302,1470.0,0.13303,273.0
1753592025537,04:53:45.537,binance,AERGO/USDT:USDT,0.13301,119.0,0.133,808.0,0.13302,1470.0,0.13303,273.0
1753592025640,04:53:45.640,binance,AERGO/USDT:USDT,0.13301,119.0,0.133,808.0,0.13302,1470.0,0.13303,273.0
1753592026102,04:53:46.102,binance,AERGO/USDT:USDT,0.13301,119.0,0.133,808.0,0.13302,1470.0,0.13303,273.0
1753592026572,04:53:46.572,binance,AERGO/USDT:USDT,0.13301,119.0,0.133,808.0,0.13302,1470.0,0.13303,273.0
1753592026702,04:53:46.702,binance,AERGO/USDT:USDT,0.13301,119.0,0.133,808.0,0.13302,1470.0,0.13303,273.0
1753592026861,04:53:46.861,binance,AERGO/USDT:USDT,0.13301,119.0,0.133,808.0,0.13302,1470.0,0.13303,273.0
1753592027303,04:53:47.303,binance,AERGO/USDT:USDT,0.13301,119.0,0.133,808.0,0.13302,1470.0,0.13303,273.0
1753592027902,04:53:47.902,binance,AERGO/USDT:USDT,0.13301,77.0,0.133,808.0,0.13302,1470.0,0.13303,273.0
1753592028177,04:53:48.177,binance,AERGO/USDT:USDT,0.13301,77.0,0.133,808.0,0.13302,1470.0,0.13303,148.0
1753592028303,04:53:48.303,binance,AERGO/USDT:USDT,0.13301,85.0,0.133,808.0,0.13302,1470.0,0.13303,148.0
1753592028502,04:53:48.502,binance,AERGO/USDT:USDT,0.13301,85.0,0.133,808.0,0.13302,1470.0,0.13303,148.0
1753592028673,04:53:48.673,binance,AERGO/USDT:USDT,0.13301,85.0,0.133,808.0,0.13302,1470.0,0.13303,148.0
1753592029102,04:53:49.102,binance,AERGO/USDT:USDT,0.13301,85.0,0.133,808.0,0.13302,1470.0,0.13303,148.0
1753592031421,04:53:51.421,binance,AERGO/USDT:USDT,0.13301,3958.0,0.133,808.0,0.13302,1470.0,0.13303,148.0
1753592031527,04:53:51.527,binance,AERGO/USDT:USDT,0.13301,3958.0,0.133,808.0,0.13302,1470.0,0.13303,273.0
1753592031980,04:53:51.980,binance,AERGO/USDT:USDT,0.13301,3958.0,0.133,808.0,0.13302,1470.0,0.13303,273.0
1753592032192,04:53:52.192,binance,AERGO/USDT:USDT,0.13301,3958.0,0.133,808.0,0.13302,1470.0,0.13303,273.0
1753592032502,04:53:52.502,binance,AERGO/USDT:USDT,0.13301,3958.0,0.133,808.0,0.13302,1470.0,0.13303,273.0
1753592033939,04:53:53.939,binance,AERGO/USDT:USDT,0.13301,3958.0,0.133,808.0,0.13302,1470.0,0.13303,273.0
1753592034302,04:53:54.302,binance,AERGO/USDT:USDT,0.13301,3958.0,0.133,808.0,0.13302,1470.0,0.13303,273.0
1753592034813,04:53:54.813,binance,AERGO/USDT:USDT,0.13301,3958.0,0.133,808.0,0.13302,1470.0,0.13303,273.0
1753592036002,04:53:56.002,binance,AERGO/USDT:USDT,0.13301,3958.0,0.133,808.0,0.13302,1470.0,0.13303,273.0
1753592036560,04:53:56.560,binance,AERGO/USDT:USDT,0.13301,3958.0,0.133,808.0,0.13302,1470.0,0.13303,273.0
1753592037102,04:53:57.102,binance,AERGO/USDT:USDT,0.13301,3958.0,0.133,808.0,0.13302,1470.0,0.13303,273.0
1753592038133,04:53:58.133,binance,AERGO/USDT:USDT,0.13301,3958.0,0.133,808.0,0.13302,1470.0,0.13303,273.0
1753592038302,04:53:58.302,binance,AERGO/USDT:USDT,0.13301,3958.0,0.133,808.0,0.13302,1470.0,0.13303,273.0
1753592038824,04:53:58.824,binance,AERGO/USDT:USDT,0.13301,3958.0,0.133,808.0,0.13302,1470.0,0.13303,273.0
1753592039402,04:53:59.402,binance,AERGO/USDT:USDT,0.13301,3958.0,0.133,808.0,0.13302,1470.0,0.13303,273.0
1753592039567,04:53:59.567,binance,AERGO/USDT:USDT,0.13301,4057.0,0.133,808.0,0.13302,1264.0,0.13303,273.0
1753592039715,04:53:59.715,binance,AERGO/USDT:USDT,0.13301,4156.0,0.133,808.0,0.13302,1264.0,0.13303,273.0
1753592039848,04:53:59.848,binance,AERGO/USDT:USDT,0.13301,4255.0,0.133,808.0,0.13302,1264.0,0.13303,273.0
1753592040002,04:54:00.002,binance,AERGO/USDT:USDT,0.13301,4255.0,0.133,808.0,0.13302,1264.0,0.13303,273.0
1753592040105,04:54:00.105,binance,AERGO/USDT:USDT,0.13301,4255.0,0.133,770.0,0.13302,1264.0,0.13303,273.0
1753592040228,04:54:00.228,binance,AERGO/USDT:USDT,0.13301,4255.0,0.133,732.0,0.13302,1264.0,0.13303,273.0
1753592040916,04:54:00.916,binance,AERGO/USDT:USDT,0.13301,4255.0,0.133,732.0,0.13302,1264.0,0.13303,273.0
1753592041026,04:54:01.026,binance,AERGO/USDT:USDT,0.13301,4255.0,0.133,732.0,0.13302,1264.0,0.13303,273.0
1753592041329,04:54:01.329,binance,AERGO/USDT:USDT,0.13301,4255.0,0.133,732.0,0.13302,1264.0,0.13303,273.0
1753592041584,04:54:01.584,binance,AERGO/USDT:USDT,0.13301,4255.0,0.133,732.0,0.13302,1264.0,0.13303,273.0
1753592041713,04:54:01.713,binance,AERGO/USDT:USDT,0.13301,4255.0,0.133,732.0,0.13302,1264.0,0.13303,273.0
1753592041847,04:54:01.847,binance,AERGO/USDT:USDT,0.13301,4255.0,0.133,732.0,0.13302,1264.0,0.13303,273.0
1753592041971,04:54:01.971,binance,AERGO/USDT:USDT,0.13301,4255.0,0.133,732.0,0.13302,1264.0,0.13303,273.0
1753592042290,04:54:02.290,binance,AERGO/USDT:USDT,0.13301,4255.0,0.133,732.0,0.13302,1264.0,0.13303,273.0
1753592042902,04:54:02.902,binance,AERGO/USDT:USDT,0.13301,4255.0,0.133,732.0,0.13302,1264.0,0.13303,273.0
1753592043012,04:54:03.012,binance,AERGO/USDT:USDT,0.13301,4255.0,0.133,732.0,0.13302,1264.0,0.13303,273.0
1753592044102,04:54:04.102,binance,AERGO/USDT:USDT,0.13301,4255.0,0.133,732.0,0.13302,1264.0,0.13303,273.0
1753592044330,04:54:04.330,binance,AERGO/USDT:USDT,0.13301,4255.0,0.133,732.0,0.13302,1264.0,0.13303,273.0
1753592044702,04:54:04.702,binance,AERGO/USDT:USDT,0.13301,4255.0,0.133,732.0,0.13302,1264.0,0.13303,273.0
1753592045302,04:54:05.302,binance,AERGO/USDT:USDT,0.13301,4255.0,0.133,732.0,0.13302,1264.0,0.13303,273.0
1753592045902,04:54:05.902,binance,AERGO/USDT:USDT,0.13301,4255.0,0.133,732.0,0.13302,1264.0,0.13303,273.0
1753592046502,04:54:06.502,binance,AERGO/USDT:USDT,0.13301,4255.0,0.133,732.0,0.13302,1264.0,0.13303,273.0
1753592048140,04:54:08.140,binance,AERGO/USDT:USDT,0.13301,4153.0,0.133,732.0,0.13302,1264.0,0.13303,273.0
1753592048293,04:54:08.293,binance,AERGO/USDT:USDT,0.13301,4153.0,0.133,732.0,0.13302,1264.0,0.13303,273.0
1753592048902,04:54:08.902,binance,AERGO/USDT:USDT,0.13301,4153.0,0.133,732.0,0.13302,1264.0,0.13303,273.0
1753592049224,04:54:09.224,binance,AERGO/USDT:USDT,0.13301,4153.0,0.133,732.0,0.13302,1264.0,0.13303,273.0
1753592050116,04:54:10.116,binance,AERGO/USDT:USDT,0.13301,4153.0,0.133,732.0,0.13302,1264.0,0.13303,273.0
1753592050243,04:54:10.243,binance,AERGO/USDT:USDT,0.13301,4153.0,0.133,732.0,0.13302,1264.0,0.13303,273.0
1753592050602,04:54:10.602,binance,AERGO/USDT:USDT,0.13301,4153.0,0.133,732.0,0.13302,1264.0,0.13303,148.0
1753592050710,04:54:10.710,binance,AERGO/USDT:USDT,0.13301,4153.0,0.133,732.0,0.13302,1264.0,0.13303,148.0
1753592050857,04:54:10.857,binance,AERGO/USDT:USDT,0.13301,4153.0,0.133,732.0,0.13302,1264.0,0.13303,148.0
1753592050958,04:54:10.958,binance,AERGO/USDT:USDT,0.13301,4153.0,0.133,732.0,0.13302,1264.0,0.13303,148.0
1753592051300,04:54:11.300,binance,AERGO/USDT:USDT,0.13301,4153.0,0.133,732.0,0.13302,1265.0,0.13303,148.0
1753592051541,04:54:11.541,binance,AERGO/USDT:USDT,0.13301,4253.0,0.133,732.0,0.13302,1265.0,0.13303,148.0
1753592051902,04:54:11.902,binance,AERGO/USDT:USDT,0.13301,4253.0,0.133,732.0,0.13302,1265.0,0.13303,148.0
1753592053226,04:54:13.226,binance,AERGO/USDT:USDT,0.13301,4253.0,0.133,732.0,0.13302,1265.0,0.13303,273.0
1753592053954,04:54:13.954,binance,AERGO/USDT:USDT,0.13301,4253.0,0.133,732.0,0.13302,1265.0,0.13303,273.0
1753592054902,04:54:14.902,binance,AERGO/USDT:USDT,0.13301,4253.0,0.133,732.0,0.13302,1265.0,0.13303,273.0
1753592055502,04:54:15.502,binance,AERGO/USDT:USDT,0.13301,4253.0,0.133,732.0,0.13302,1265.0,0.13303,273.0
1753592056102,04:54:16.102,binance,AERGO/USDT:USDT,0.13301,4253.0,0.133,732.0,0.13302,1265.0,0.13303,273.0
1753592056239,04:54:16.239,binance,AERGO/USDT:USDT,0.13301,4253.0,0.133,732.0,0.13302,1265.0,0.13303,273.0
1753592056703,04:54:16.703,binance,AERGO/USDT:USDT,0.13301,4253.0,0.133,732.0,0.13302,1265.0,0.13303,273.0
1753592056910,04:54:16.910,binance,AERGO/USDT:USDT,0.13301,4253.0,0.133,732.0,0.13302,1265.0,0.13303,273.0
1753592057180,04:54:17.180,binance,AERGO/USDT:USDT,0.13301,4253.0,0.133,732.0,0.13302,1265.0,0.13303,273.0
1753592057302,04:54:17.302,binance,AERGO/USDT:USDT,0.13301,4253.0,0.133,732.0,0.13302,1265.0,0.13303,273.0
1753592057426,04:54:17.426,binance,AERGO/USDT:USDT,0.13301,4253.0,0.133,732.0,0.13302,1265.0,0.13303,273.0
1753592058378,04:54:18.378,binance,AERGO/USDT:USDT,0.13301,4253.0,0.133,732.0,0.13302,1265.0,0.13303,273.0
1753592058481,04:54:18.481,binance,AERGO/USDT:USDT,0.13301,4253.0,0.133,732.0,0.13302,1265.0,0.13303,273.0
1753592059002,04:54:19.002,binance,AERGO/USDT:USDT,0.13301,4253.0,0.133,732.0,0.13302,1265.0,0.13303,273.0
1753592059602,04:54:19.602,binance,AERGO/USDT:USDT,0.13301,4253.0,0.133,732.0,0.13302,1265.0,0.13303,273.0
1753592060202,04:54:20.202,binance,AERGO/USDT:USDT,0.13301,4253.0,0.133,732.0,0.13302,1265.0,0.13303,273.0
1753592060354,04:54:20.354,binance,AERGO/USDT:USDT,0.13301,4251.0,0.133,732.0,0.13302,1265.0,0.13303,273.0
1753592060747,04:54:20.747,binance,AERGO/USDT:USDT,0.13301,4251.0,0.133,732.0,0.13302,1265.0,0.13303,273.0
1753592060850,04:54:20.850,binance,AERGO/USDT:USDT,0.13301,4251.0,0.133,732.0,0.13302,1265.0,0.13303,273.0
1753592061302,04:54:21.302,binance,AERGO/USDT:USDT,0.13301,4251.0,0.133,732.0,0.13302,1265.0,0.13303,273.0
1753592061588,04:54:21.588,binance,AERGO/USDT:USDT,0.13301,4251.0,0.133,732.0,0.13302,1265.0,0.13303,273.0
1753592061902,04:54:21.902,binance,AERGO/USDT:USDT,0.13301,4251.0,0.133,732.0,0.13302,1265.0,0.13303,273.0
1753592062125,04:54:22.125,binance,AERGO/USDT:USDT,0.13301,4251.0,0.133,732.0,0.13302,1265.0,0.13303,273.0
1753592062239,04:54:22.239,binance,AERGO/USDT:USDT,0.13301,4251.0,0.133,732.0,0.13302,1265.0,0.13303,273.0
1753592062501,04:54:22.501,binance,AERGO/USDT:USDT,0.13301,4251.0,0.133,732.0,0.13302,1265.0,0.13303,273.0
1753592063102,04:54:23.102,binance,AERGO/USDT:USDT,0.13301,4251.0,0.133,732.0,0.13302,1265.0,0.13303,273.0
1753592063407,04:54:23.407,binance,AERGO/USDT:USDT,0.13301,4251.0,0.133,732.0,0.13302,1265.0,0.13303,273.0
1753592063702,04:54:23.702,binance,AERGO/USDT:USDT,0.13301,4251.0,0.133,732.0,0.13302,1265.0,0.13303,273.0
1753592064063,04:54:24.063,binance,AERGO/USDT:USDT,0.13301,4251.0,0.133,732.0,0.13302,1265.0,0.13303,148.0
1753592064302,04:54:24.302,binance,AERGO/USDT:USDT,0.13301,4251.0,0.133,732.0,0.13302,1265.0,0.13303,148.0
1753592064538,04:54:24.538,binance,AERGO/USDT:USDT,0.13301,4251.0,0.133,732.0,0.13302,1265.0,0.13303,148.0
1753592064902,04:54:24.902,binance,AERGO/USDT:USDT,0.13301,4251.0,0.133,732.0,0.13302,1265.0,0.13303,148.0
1753592065048,04:54:25.048,binance,AERGO/USDT:USDT,0.13301,4251.0,0.133,732.0,0.13302,1265.0,0.13303,148.0
1753592065502,04:54:25.502,binance,AERGO/USDT:USDT,0.13301,4251.0,0.133,732.0,0.13302,1265.0,0.13303,148.0
1753592066102,04:54:26.102,binance,AERGO/USDT:USDT,0.13301,4251.0,0.133,732.0,0.13302,1265.0,0.13303,148.0
1753592066456,04:54:26.456,binance,AERGO/USDT:USDT,0.13301,4251.0,0.133,732.0,0.13302,1265.0,0.13303,148.0
1753592066651,04:54:26.651,binance,AERGO/USDT:USDT,0.13301,4251.0,0.133,732.0,0.13302,1265.0,0.13303,148.0
1753592067202,04:54:27.202,binance,AERGO/USDT:USDT,0.13301,4251.0,0.133,732.0,0.13302,1265.0,0.13303,148.0
1753592067761,04:54:27.761,binance,AERGO/USDT:USDT,0.13301,4251.0,0.133,732.0,0.13302,509.0,0.13303,148.0
1753592067863,04:54:27.863,binance,AERGO/USDT:USDT,0.13301,4251.0,0.133,732.0,0.13302,509.0,0.13303,273.0
1753592068147,04:54:28.147,binance,AERGO/USDT:USDT,0.13301,4779.0,0.133,732.0,0.13302,509.0,0.13303,273.0
1753592068902,04:54:28.902,binance,AERGO/USDT:USDT,0.13301,4779.0,0.133,732.0,0.13302,509.0,0.13303,273.0
1753592069502,04:54:29.502,binance,AERGO/USDT:USDT,0.13301,4779.0,0.133,732.0,0.13302,509.0,0.13303,273.0
1753592070102,04:54:30.102,binance,AERGO/USDT:USDT,0.13301,4779.0,0.133,732.0,0.13302,509.0,0.13303,273.0
1753592070273,04:54:30.273,binance,AERGO/USDT:USDT,0.13301,4851.0,0.133,732.0,0.13302,509.0,0.13303,273.0
1753592070702,04:54:30.702,binance,AERGO/USDT:USDT,0.13301,4851.0,0.133,732.0,0.13302,509.0,0.13303,273.0
1753592071902,04:54:31.902,binance,AERGO/USDT:USDT,0.13301,4851.0,0.133,732.0,0.13302,509.0,0.13303,273.0
1753592072502,04:54:32.502,binance,AERGO/USDT:USDT,0.13301,4851.0,0.133,732.0,0.13302,509.0,0.13303,273.0
1753592073102,04:54:33.102,binance,AERGO/USDT:USDT,0.13301,4851.0,0.133,732.0,0.13302,509.0,0.13303,273.0
1753592073702,04:54:33.702,binance,AERGO/USDT:USDT,0.13301,4851.0,0.133,732.0,0.13302,509.0,0.13303,273.0
1753592074047,04:54:34.047,binance,AERGO/USDT:USDT,0.13301,4851.0,0.133,732.0,0.13302,509.0,0.13303,273.0
1753592074239,04:54:34.239,binance,AERGO/USDT:USDT,0.13301,4851.0,0.133,732.0,0.13302,509.0,0.13303,273.0
1753592074401,04:54:34.401,binance,AERGO/USDT:USDT,0.13301,4851.0,0.133,732.0,0.13302,509.0,0.13303,273.0
1753592074715,04:54:34.715,binance,AERGO/USDT:USDT,0.13301,4851.0,0.133,732.0,0.13302,509.0,0.13303,273.0
1753592074902,04:54:34.902,binance,AERGO/USDT:USDT,0.13301,4851.0,0.133,732.0,0.13302,509.0,0.13303,273.0
1753592076156,04:54:36.156,binance,AERGO/USDT:USDT,0.13301,4851.0,0.133,732.0,0.13302,509.0,0.13303,273.0
1753592076740,04:54:36.740,binance,AERGO/USDT:USDT,0.13301,4851.0,0.133,732.0,0.13302,509.0,0.13303,273.0
1753592077202,04:54:37.202,binance,AERGO/USDT:USDT,0.13301,4851.0,0.133,732.0,0.13302,509.0,0.13303,273.0
1753592077458,04:54:37.458,binance,AERGO/USDT:USDT,0.13301,4891.0,0.133,732.0,0.13302,509.0,0.13303,273.0
1753592078226,04:54:38.226,binance,AERGO/USDT:USDT,0.13301,4891.0,0.133,732.0,0.13302,509.0,0.13303,273.0
1753592078615,04:54:38.615,binance,AERGO/USDT:USDT,0.13302,2084.0,0.13301,4891.0,0.13303,148.0,0.13304,313.0
1753592078759,04:54:38.759,binance,AERGO/USDT:USDT,0.13302,2084.0,0.13301,4891.0,0.13303,148.0,0.13304,313.0
1753592078921,04:54:38.921,binance,AERGO/USDT:USDT,0.13302,2084.0,0.13301,4891.0,0.13303,148.0,0.13304,313.0
1753592079817,04:54:39.817,binance,AERGO/USDT:USDT,0.13302,2084.0,0.13301,4891.0,0.13303,148.0,0.13304,313.0
1753592080265,04:54:40.265,binance,AERGO/USDT:USDT,0.13302,2084.0,0.13301,4891.0,0.13303,148.0,0.13304,313.0
1753592080700,04:54:40.700,binance,AERGO/USDT:USDT,0.13302,2084.0,0.13301,4891.0,0.13303,148.0,0.13304,313.0
1753592082202,04:54:42.202,binance,AERGO/USDT:USDT,0.13302,2084.0,0.13301,4891.0,0.13303,148.0,0.13304,313.0
1753592082502,04:54:42.502,binance,AERGO/USDT:USDT,0.13302,2084.0,0.13301,4891.0,0.13303,148.0,0.13304,313.0
1753592083102,04:54:43.102,binance,AERGO/USDT:USDT,0.13302,2084.0,0.13301,4891.0,0.13303,148.0,0.13304,313.0
1753592083645,04:54:43.645,binance,AERGO/USDT:USDT,0.13302,2084.0,0.13301,4891.0,0.13303,148.0,0.13304,313.0
1753592083801,04:54:43.801,binance,AERGO/USDT:USDT,0.13302,2084.0,0.13301,4891.0,0.13303,148.0,0.13304,313.0
1753592084202,04:54:44.202,binance,AERGO/USDT:USDT,0.13302,2084.0,0.13301,4891.0,0.13303,148.0,0.13304,313.0
1753592084382,04:54:44.382,binance,AERGO/USDT:USDT,0.13302,2084.0,0.13301,4891.0,0.13303,148.0,0.13304,313.0
1753592084664,04:54:44.664,binance,AERGO/USDT:USDT,0.13302,2084.0,0.13301,4891.0,0.13303,140.0,0.13304,313.0
1753592085044,04:54:45.044,binance,AERGO/USDT:USDT,0.13302,2084.0,0.13301,4891.0,0.13303,140.0,0.13304,313.0
1753592085556,04:54:45.556,binance,AERGO/USDT:USDT,0.13302,2084.0,0.13301,4891.0,0.13303,140.0,0.13304,313.0
1753592086602,04:54:46.602,binance,AERGO/USDT:USDT,0.13302,2084.0,0.13301,4891.0,0.13303,140.0,0.13304,313.0
1753592086808,04:54:46.808,binance,AERGO/USDT:USDT,0.13302,2084.0,0.13301,4891.0,0.13303,140.0,0.13304,313.0
1753592087039,04:54:47.039,binance,AERGO/USDT:USDT,0.13302,2835.0,0.13301,4891.0,0.13306,189.0,0.13307,3747.0
1753592087150,04:54:47.150,binance,AERGO/USDT:USDT,0.13302,2835.0,0.13301,4891.0,0.13306,189.0,0.13307,3747.0
1753592087267,04:54:47.267,binance,AERGO/USDT:USDT,0.13302,2835.0,0.13301,4891.0,0.13306,189.0,0.13307,3747.0
1753592087447,04:54:47.447,binance,AERGO/USDT:USDT,0.13302,2835.0,0.13301,4891.0,0.13306,189.0,0.13307,3747.0
1753592087582,04:54:47.582,binance,AERGO/USDT:USDT,0.13302,2835.0,0.13301,4891.0,0.13306,189.0,0.13307,3747.0
1753592087685,04:54:47.685,binance,AERGO/USDT:USDT,0.13302,2835.0,0.13301,4891.0,0.13306,189.0,0.13307,3747.0
1753592087802,04:54:47.802,binance,AERGO/USDT:USDT,0.13302,2835.0,0.13301,4891.0,0.13306,189.0,0.13307,3747.0
1753592088116,04:54:48.116,binance,AERGO/USDT:USDT,0.13302,2835.0,0.13301,4891.0,0.13306,189.0,0.13307,3747.0
1753592088302,04:54:48.302,binance,AERGO/USDT:USDT,0.13302,2084.0,0.13301,4891.0,0.13306,189.0,0.13307,3747.0
1753592089157,04:54:49.157,binance,AERGO/USDT:USDT,0.13302,2084.0,0.13301,4891.0,0.13306,189.0,0.13307,3747.0
1753592089385,04:54:49.385,binance,AERGO/USDT:USDT,0.13304,2083.0,0.13302,2802.0,0.13306,189.0,0.13307,3747.0
1753592089902,04:54:49.902,binance,AERGO/USDT:USDT,0.13304,2083.0,0.13302,2802.0,0.13306,189.0,0.13307,3747.0
1753592090234,04:54:50.234,binance,AERGO/USDT:USDT,0.13304,2083.0,0.13302,2802.0,0.13306,189.0,0.13307,3747.0
1753592091102,04:54:51.102,binance,AERGO/USDT:USDT,0.13304,2083.0,0.13302,2802.0,0.13306,189.0,0.13307,3747.0
1753592091690,04:54:51.690,binance,AERGO/USDT:USDT,0.13304,2083.0,0.13302,2802.0,0.13306,189.0,0.13307,3747.0
1753592091793,04:54:51.793,binance,AERGO/USDT:USDT,0.13304,2083.0,0.13302,2802.0,0.13306,189.0,0.13307,3747.0
1753592092032,04:54:52.032,binance,AERGO/USDT:USDT,0.13304,2083.0,0.13302,2802.0,0.13306,189.0,0.13307,3747.0
1753592092202,04:54:52.202,binance,AERGO/USDT:USDT,0.13304,2083.0,0.13302,2802.0,0.13306,189.0,0.13307,3747.0
1753592092802,04:54:52.802,binance,AERGO/USDT:USDT,0.13304,2083.0,0.13302,2802.0,0.13306,189.0,0.13307,3747.0
1753592094382,04:54:54.382,binance,AERGO/USDT:USDT,0.13304,2083.0,0.13302,2802.0,0.13306,189.0,0.13307,3747.0
1753592095348,04:54:55.348,binance,AERGO/USDT:USDT,0.13304,2083.0,0.13302,2802.0,0.13306,189.0,0.13307,3747.0
1753592095803,04:54:55.803,binance,AERGO/USDT:USDT,0.13304,2083.0,0.13302,2802.0,0.13306,189.0,0.13307,3747.0
1753592096190,04:54:56.190,binance,AERGO/USDT:USDT,0.13304,2083.0,0.13302,2802.0,0.13306,189.0,0.13307,3747.0
1753592096402,04:54:56.402,binance,AERGO/USDT:USDT,0.13304,2083.0,0.13302,2802.0,0.13306,189.0,0.13307,3747.0
1753592097003,04:54:57.003,binance,AERGO/USDT:USDT,0.13304,2083.0,0.13302,2802.0,0.13306,189.0,0.13307,3747.0
1753592097207,04:54:57.207,binance,AERGO/USDT:USDT,0.13304,2083.0,0.13302,2802.0,0.13306,189.0,0.13307,3747.0
1753592097349,04:54:57.349,binance,AERGO/USDT:USDT,0.13304,2083.0,0.13302,2802.0,0.13306,189.0,0.13307,3747.0
1753592097488,04:54:57.488,binance,AERGO/USDT:USDT,0.13304,2083.0,0.13302,2802.0,0.13306,189.0,0.13307,3747.0
1753592097602,04:54:57.602,binance,AERGO/USDT:USDT,0.13304,2083.0,0.13302,2802.0,0.13306,189.0,0.13307,3747.0
1753592098034,04:54:58.034,binance,AERGO/USDT:USDT,0.13304,2083.0,0.13302,2802.0,0.13306,189.0,0.13307,3747.0
1753592098202,04:54:58.202,binance,AERGO/USDT:USDT,0.13304,2083.0,0.13302,2802.0,0.13306,189.0,0.13307,3747.0
1753592098421,04:54:58.421,binance,AERGO/USDT:USDT,0.13305,177.0,0.13304,2136.0,0.13307,3476.0,0.13308,367.0
1753592098525,04:54:58.525,binance,AERGO/USDT:USDT,0.13305,177.0,0.13304,2136.0,0.13306,82.0,0.13307,3558.0
1753592098747,04:54:58.747,binance,AERGO/USDT:USDT,0.13305,177.0,0.13304,2136.0,0.13306,82.0,0.13307,3558.0
1753592098948,04:54:58.948,binance,AERGO/USDT:USDT,0.13305,177.0,0.13304,2136.0,0.13306,82.0,0.13307,3558.0
1753592099079,04:54:59.079,binance,AERGO/USDT:USDT,0.13305,177.0,0.13304,2136.0,0.13306,82.0,0.13307,3433.0
1753592099438,04:54:59.438,binance,AERGO/USDT:USDT,0.13305,177.0,0.13304,2136.0,0.13306,82.0,0.13307,3433.0
1753592099602,04:54:59.602,binance,AERGO/USDT:USDT,0.13305,177.0,0.13304,2136.0,0.13306,82.0,0.13307,3433.0
1753592100002,04:55:00.002,binance,AERGO/USDT:USDT,0.13305,177.0,0.13304,2136.0,0.13306,82.0,0.13307,3433.0
1753592100105,04:55:00.105,binance,AERGO/USDT:USDT,0.13305,177.0,0.13304,2136.0,0.13306,82.0,0.13307,3433.0
1753592100357,04:55:00.357,binance,AERGO/USDT:USDT,0.13305,177.0,0.13304,2136.0,0.13306,82.0,0.13307,3433.0
1753592100602,04:55:00.602,binance,AERGO/USDT:USDT,0.13305,177.0,0.13304,2136.0,0.13306,82.0,0.13307,3433.0
1753592101092,04:55:01.092,binance,AERGO/USDT:USDT,0.13305,177.0,0.13304,2136.0,0.13306,82.0,0.13307,3433.0
1753592101202,04:55:01.202,binance,AERGO/USDT:USDT,0.13305,177.0,0.13304,2136.0,0.13306,82.0,0.13307,3433.0
1753592101447,04:55:01.447,binance,AERGO/USDT:USDT,0.13305,177.0,0.13304,2136.0,0.13306,82.0,0.13307,3433.0
1753592101802,04:55:01.802,binance,AERGO/USDT:USDT,0.13305,177.0,0.13304,2136.0,0.13306,82.0,0.13307,3433.0
1753592102107,04:55:02.107,binance,AERGO/USDT:USDT,0.13306,2759.0,0.13305,225.0,0.13309,125.0,0.1331,313.0
1753592102310,04:55:02.310,binance,AERGO/USDT:USDT,0.13306,3719.0,0.13305,413.0,0.13311,787.0,0.13312,4773.0
1753592102558,04:55:02.558,binance,AERGO/USDT:USDT,0.13306,3719.0,0.13305,413.0,0.13311,787.0,0.13312,4773.0
1753592102802,04:55:02.802,binance,AERGO/USDT:USDT,0.13306,3719.0,0.13305,413.0,0.13311,787.0,0.13312,4773.0
1753592102970,04:55:02.970,binance,AERGO/USDT:USDT,0.13306,3719.0,0.13305,413.0,0.13311,787.0,0.13312,4773.0
1753592103077,04:55:03.077,binance,AERGO/USDT:USDT,0.13306,3719.0,0.13305,413.0,0.13311,787.0,0.13312,4773.0
1753592103246,04:55:03.246,binance,AERGO/USDT:USDT,0.13306,3719.0,0.13305,413.0,0.13311,314.0,0.13312,368.0
1753592103352,04:55:03.352,binance,AERGO/USDT:USDT,0.13306,3719.0,0.13305,413.0,0.13311,314.0,0.13312,368.0
1753592103454,04:55:03.454,binance,AERGO/USDT:USDT,0.13306,3719.0,0.13305,413.0,0.13309,743.0,0.1331,124.0
1753592103560,04:55:03.560,binance,AERGO/USDT:USDT,0.13306,3719.0,0.13305,413.0,0.13309,743.0,0.1331,124.0
1753592103860,04:55:03.860,binance,AERGO/USDT:USDT,0.13306,2947.0,0.13305,413.0,0.13309,743.0,0.1331,124.0
1753592104402,04:55:04.402,binance,AERGO/USDT:USDT,0.13306,2947.0,0.13305,413.0,0.13309,743.0,0.1331,124.0
1753592105002,04:55:05.002,binance,AERGO/USDT:USDT,0.13306,2947.0,0.13305,413.0,0.13309,743.0,0.1331,124.0
1753592105230,04:55:05.230,binance,AERGO/USDT:USDT,0.13306,2947.0,0.13305,413.0,0.13309,705.0,0.1331,124.0
1753592105437,04:55:05.437,binance,AERGO/USDT:USDT,0.13306,2947.0,0.13305,413.0,0.13309,705.0,0.1331,124.0
1753592105602,04:55:05.602,binance,AERGO/USDT:USDT,0.13306,2947.0,0.13305,413.0,0.13309,705.0,0.1331,124.0
1753592105755,04:55:05.755,binance,AERGO/USDT:USDT,0.13306,2993.0,0.13305,413.0,0.13309,705.0,0.1331,124.0
1753592106016,04:55:06.016,binance,AERGO/USDT:USDT,0.13306,2993.0,0.13305,413.0,0.13309,705.0,0.1331,124.0
1753592107612,04:55:07.612,binance,AERGO/USDT:USDT,0.13312,2759.0,0.13311,2883.0,0.13316,4338.0,0.13317,28923.0
1753592107720,04:55:07.720,binance,AERGO/USDT:USDT,0.13312,2759.0,0.13311,124.0,0.13316,4338.0,0.13317,28923.0
1753592107836,04:55:07.836,binance,AERGO/USDT:USDT,0.13312,2759.0,0.13311,312.0,0.13317,6063.0,0.13318,1375.0
1753592107937,04:55:07.937,binance,AERGO/USDT:USDT,0.13312,2759.0,0.13311,312.0,0.13317,6063.0,0.13318,1375.0
1753592108222,04:55:08.222,binance,AERGO/USDT:USDT,0.13312,2759.0,0.13311,312.0,0.13317,8063.0,0.13318,1375.0
1753592108402,04:55:08.402,binance,AERGO/USDT:USDT,0.13312,2759.0,0.13311,312.0,0.13317,8063.0,0.13318,1375.0
1753592108535,04:55:08.535,binance,AERGO/USDT:USDT,0.13312,2759.0,0.13311,312.0,0.13317,2125.0,0.13318,1375.0
1753592108651,04:55:08.651,binance,AERGO/USDT:USDT,0.13312,2759.0,0.13311,312.0,0.13317,2125.0,0.13318,1375.0
1753592109002,04:55:09.002,binance,AERGO/USDT:USDT,0.13312,2759.0,0.13311,312.0,0.13317,2125.0,0.13318,1375.0
1753592109271,04:55:09.271,binance,AERGO/USDT:USDT,0.13312,2759.0,0.13311,312.0,0.13317,2125.0,0.13318,1375.0
1753592109602,04:55:09.602,binance,AERGO/USDT:USDT,0.13312,2759.0,0.13311,312.0,0.13317,2125.0,0.13318,1375.0
1753592110202,04:55:10.202,binance,AERGO/USDT:USDT,0.13312,2759.0,0.13311,312.0,0.13317,2125.0,0.13318,1375.0
1753592111402,04:55:11.402,binance,AERGO/USDT:USDT,0.13312,2759.0,0.13311,312.0,0.13317,2125.0,0.13318,1375.0
1753592111674,04:55:11.674,binance,AERGO/USDT:USDT,0.13312,3788.0,0.13311,312.0,0.13317,2125.0,0.13318,1375.0
1753592112002,04:55:12.002,binance,AERGO/USDT:USDT,0.13312,3788.0,0.13311,312.0,0.13317,2125.0,0.13318,1375.0
1753592112602,04:55:12.602,binance,AERGO/USDT:USDT,0.13312,3788.0,0.13311,312.0,0.13317,2125.0,0.13318,1375.0
1753592113307,04:55:13.307,binance,AERGO/USDT:USDT,0.13312,3788.0,0.13311,312.0,0.13317,2125.0,0.13318,248.0
1753592114402,04:55:14.402,binance,AERGO/USDT:USDT,0.13312,3788.0,0.13311,312.0,0.13317,2125.0,0.13318,248.0
1753592114687,04:55:14.687,binance,AERGO/USDT:USDT,0.13314,2087.0,0.13312,3788.0,0.13317,2125.0,0.13318,721.0
1753592114814,04:55:14.814,binance,AERGO/USDT:USDT,0.13314,2087.0,0.13312,3788.0,0.13317,2125.0,0.13318,721.0
1753592115000,04:55:15.000,binance,AERGO/USDT:USDT,0.13314,2087.0,0.13312,3788.0,0.13317,2125.0,0.13318,721.0
1753592115195,04:55:15.195,binance,AERGO/USDT:USDT,0.13314,2087.0,0.13312,3788.0,0.13317,2125.0,0.13318,721.0
1753592115300,04:55:15.300,binance,AERGO/USDT:USDT,0.13314,2087.0,0.13312,3788.0,0.13317,2125.0,0.13318,721.0
1753592115767,04:55:15.767,binance,AERGO/USDT:USDT,0.13314,2087.0,0.13312,3788.0,0.13317,2125.0,0.13318,248.0
1753592116402,04:55:16.402,binance,AERGO/USDT:USDT,0.13314,2087.0,0.13312,3788.0,0.13317,2125.0,0.13318,248.0
1753592116981,04:55:16.981,binance,AERGO/USDT:USDT,0.13314,2087.0,0.13312,3788.0,0.13317,2125.0,0.13318,248.0
1753592117502,04:55:17.502,binance,AERGO/USDT:USDT,0.13314,2087.0,0.13312,3788.0,0.13317,2125.0,0.13318,248.0
1753592118064,04:55:18.064,binance,AERGO/USDT:USDT,0.13314,2087.0,0.13312,3788.0,0.13317,2125.0,0.13318,248.0
1753592118314,04:55:18.314,binance,AERGO/USDT:USDT,0.13314,2087.0,0.13312,3788.0,0.13317,2125.0,0.13318,248.0
1753592118702,04:55:18.702,binance,AERGO/USDT:USDT,0.13314,2087.0,0.13312,3788.0,0.13317,2125.0,0.13318,248.0
1753592119017,04:55:19.017,binance,AERGO/USDT:USDT,0.13314,2087.0,0.13312,3788.0,0.13317,2125.0,0.13318,248.0
1753592119239,04:55:19.239,binance,AERGO/USDT:USDT,0.13314,2087.0,0.13312,3788.0,0.13317,2125.0,0.13318,248.0
1753592119342,04:55:19.342,binance,AERGO/USDT:USDT,0.13314,2087.0,0.13312,3788.0,0.13317,2125.0,0.13318,248.0
1753592119802,04:55:19.802,binance,AERGO/USDT:USDT,0.13314,2087.0,0.13312,3788.0,0.13317,2125.0,0.13318,248.0
1753592120302,04:55:20.302,binance,AERGO/USDT:USDT,0.13314,2087.0,0.13312,3788.0,0.13317,2125.0,0.13318,248.0
1753592121602,04:55:21.602,binance,AERGO/USDT:USDT,0.13314,2087.0,0.13312,3788.0,0.13317,2125.0,0.13318,248.0
1753592122202,04:55:22.202,binance,AERGO/USDT:USDT,0.13314,2087.0,0.13312,3788.0,0.13317,2125.0,0.13318,248.0
1753592122767,04:55:22.767,binance,AERGO/USDT:USDT,0.13314,2087.0,0.13312,3788.0,0.13317,2125.0,0.13318,248.0
1753592122902,04:55:22.902,binance,AERGO/USDT:USDT,0.13314,2087.0,0.13312,3788.0,0.13317,2125.0,0.13318,248.0
1753592123134,04:55:23.134,binance,AERGO/USDT:USDT,0.13314,2087.0,0.13312,3788.0,0.13317,2125.0,0.13318,248.0
1753592123250,04:55:23.250,binance,AERGO/USDT:USDT,0.13314,2087.0,0.13312,3788.0,0.13317,2125.0,0.13318,248.0
1753592123402,04:55:23.402,binance,AERGO/USDT:USDT,0.13314,2087.0,0.13312,3788.0,0.13317,2125.0,0.13318,248.0
1753592123643,04:55:23.643,binance,AERGO/USDT:USDT,0.13314,2087.0,0.13312,1029.0,0.13317,2125.0,0.13318,248.0
1753592124202,04:55:24.202,binance,AERGO/USDT:USDT,0.13314,2087.0,0.13312,1029.0,0.13317,2125.0,0.13318,248.0
1753592124402,04:55:24.402,binance,AERGO/USDT:USDT,0.13314,2186.0,0.13312,1029.0,0.13317,2125.0,0.13318,248.0
1753592124504,04:55:24.504,binance,AERGO/USDT:USDT,0.13314,2186.0,0.13312,1029.0,0.13317,2125.0,0.13318,248.0
1753592125225,04:55:25.225,binance,AERGO/USDT:USDT,0.13314,2186.0,0.13312,1029.0,0.13317,2125.0,0.13318,248.0
1753592125399,04:55:25.399,binance,AERGO/USDT:USDT,0.13314,2186.0,0.13312,1029.0,0.13317,2125.0,0.13318,248.0
1753592125702,04:55:25.702,binance,AERGO/USDT:USDT,0.13314,2186.0,0.13312,1029.0,0.13317,2125.0,0.13318,248.0
1753592126302,04:55:26.302,binance,AERGO/USDT:USDT,0.13314,2186.0,0.13312,1029.0,0.13317,2125.0,0.13318,248.0
1753592126840,04:55:26.840,binance,AERGO/USDT:USDT,0.13314,2712.0,0.13312,1029.0,0.13317,2125.0,0.13318,248.0
1753592127001,04:55:27.001,binance,AERGO/USDT:USDT,0.13314,2712.0,0.13312,1029.0,0.13317,2125.0,0.13318,248.0
1753592128120,04:55:28.120,binance,AERGO/USDT:USDT,0.13314,2712.0,0.13312,1029.0,0.13317,2501.0,0.13318,248.0
1753592128602,04:55:28.602,binance,AERGO/USDT:USDT,0.13314,2712.0,0.13312,1029.0,0.13317,2501.0,0.13318,248.0
1753592129202,04:55:29.202,binance,AERGO/USDT:USDT,0.13314,2712.0,0.13312,1029.0,0.13317,2501.0,0.13318,248.0
1753592129462,04:55:29.462,binance,AERGO/USDT:USDT,0.13314,2712.0,0.13312,1029.0,0.13317,2125.0,0.13318,248.0
1753592129565,04:55:29.565,binance,AERGO/USDT:USDT,0.13314,2712.0,0.13312,1029.0,0.13317,2125.0,0.13318,248.0
1753592129802,04:55:29.802,binance,AERGO/USDT:USDT,0.13314,2712.0,0.13312,1029.0,0.13317,2125.0,0.13318,248.0
1753592130402,04:55:30.402,binance,AERGO/USDT:USDT,0.13314,2712.0,0.13312,1029.0,0.13317,2125.0,0.13318,248.0
1753592131381,04:55:31.381,binance,AERGO/USDT:USDT,0.13314,2712.0,0.13312,1029.0,0.13317,2125.0,0.13318,248.0
1753592131602,04:55:31.602,binance,AERGO/USDT:USDT,0.13314,2712.0,0.13312,1029.0,0.13317,2125.0,0.13318,248.0
1753592131998,04:55:31.998,binance,AERGO/USDT:USDT,0.13314,2769.0,0.13312,1029.0,0.13317,2125.0,0.13318,248.0
1753592132509,04:55:32.509,binance,AERGO/USDT:USDT,0.13314,2769.0,0.13312,1029.0,0.13317,2125.0,0.13318,248.0
1753592134102,04:55:34.102,binance,AERGO/USDT:USDT,0.13314,2769.0,0.13312,1029.0,0.13317,2125.0,0.13318,248.0
1753592134450,04:55:34.450,binance,AERGO/USDT:USDT,0.13314,2769.0,0.13312,1029.0,0.13317,2125.0,0.13318,248.0
1753592134702,04:55:34.702,binance,AERGO/USDT:USDT,0.13314,2769.0,0.13312,1029.0,0.13317,2125.0,0.13318,248.0
1753592135302,04:55:35.302,binance,AERGO/USDT:USDT,0.13314,2769.0,0.13312,1029.0,0.13317,2125.0,0.13318,248.0
1753592135566,04:55:35.566,binance,AERGO/USDT:USDT,0.13314,2771.0,0.13312,1029.0,0.13317,2125.0,0.13318,248.0
1753592136602,04:55:36.602,binance,AERGO/USDT:USDT,0.13314,2771.0,0.13312,1029.0,0.13317,2125.0,0.13318,248.0
1753592137141,04:55:37.141,binance,AERGO/USDT:USDT,0.13314,2771.0,0.13312,1029.0,0.13317,2125.0,0.13318,248.0
1753592137702,04:55:37.702,binance,AERGO/USDT:USDT,0.13314,2771.0,0.13312,1029.0,0.13317,2125.0,0.13318,248.0
1753592138190,04:55:38.190,binance,AERGO/USDT:USDT,0.13314,2771.0,0.13312,1029.0,0.13317,2125.0,0.13318,248.0
1753592138302,04:55:38.302,binance,AERGO/USDT:USDT,0.13314,2771.0,0.13312,1029.0,0.13317,2125.0,0.13318,248.0
1753592138483,04:55:38.483,binance,AERGO/USDT:USDT,0.13314,2771.0,0.13312,1029.0,0.13317,2501.0,0.13318,248.0
1753592139002,04:55:39.002,binance,AERGO/USDT:USDT,0.13314,2771.0,0.13312,1029.0,0.13317,2501.0,0.13318,248.0
1753592139603,04:55:39.603,binance,AERGO/USDT:USDT,0.13314,2771.0,0.13312,1029.0,0.13317,2546.0,0.13318,248.0
1753592139802,04:55:39.802,binance,AERGO/USDT:USDT,0.13314,2771.0,0.13312,1029.0,0.13317,2546.0,0.13318,248.0
1753592140403,04:55:40.403,binance,AERGO/USDT:USDT,0.13314,2771.0,0.13312,1029.0,0.13317,2546.0,0.13318,248.0
1753592140899,04:55:40.899,binance,AERGO/USDT:USDT,0.13314,2771.0,0.13312,1029.0,0.13317,2546.0,0.13318,248.0
1753592141050,04:55:41.050,binance,AERGO/USDT:USDT,0.13314,2771.0,0.13312,1029.0,0.13317,2546.0,0.13318,248.0
1753592142702,04:55:42.702,binance,AERGO/USDT:USDT,0.13314,2771.0,0.13312,1029.0,0.13317,2546.0,0.13318,248.0
1753592144502,04:55:44.502,binance,AERGO/USDT:USDT,0.13314,2771.0,0.13312,1029.0,0.13317,2546.0,0.13318,248.0
1753592145285,04:55:45.285,binance,AERGO/USDT:USDT,0.13315,148.0,0.13314,2771.0,0.13317,2546.0,0.13318,248.0
1753592145388,04:55:45.388,binance,AERGO/USDT:USDT,0.13315,148.0,0.13314,2771.0,0.13317,2546.0,0.13318,248.0
1753592145602,04:55:45.602,binance,AERGO/USDT:USDT,0.13314,2771.0,0.13312,1215.0,0.13315,381.0,0.13317,501.0
1753592145707,04:55:45.707,binance,AERGO/USDT:USDT,0.13314,2771.0,0.13312,1029.0,0.13315,381.0,0.13316,124.0
1753592145828,04:55:45.828,binance,AERGO/USDT:USDT,0.13314,2771.0,0.13312,1029.0,0.13315,381.0,0.13316,124.0
1753592145983,04:55:45.983,binance,AERGO/USDT:USDT,0.13314,2771.0,0.13312,1029.0,0.13315,381.0,0.13316,124.0
1753592146149,04:55:46.149,binance,AERGO/USDT:USDT,0.13314,2771.0,0.13312,1029.0,0.13315,381.0,0.13316,124.0
1753592146252,04:55:46.252,binance,AERGO/USDT:USDT,0.13314,2771.0,0.13312,1029.0,0.13315,381.0,0.13316,124.0
1753592146497,04:55:46.497,binance,AERGO/USDT:USDT,0.13314,2771.0,0.13312,1029.0,0.13315,381.0,0.13316,124.0
1753592146638,04:55:46.638,binance,AERGO/USDT:USDT,0.13314,2771.0,0.13312,1029.0,0.13315,45.0,0.13316,124.0
1753592146761,04:55:46.761,binance,AERGO/USDT:USDT,0.13314,2771.0,0.13312,1029.0,0.13315,45.0,0.13316,124.0
1753592146869,04:55:46.869,binance,AERGO/USDT:USDT,0.13314,2771.0,0.13312,1029.0,0.13315,45.0,0.13316,124.0
1753592147302,04:55:47.302,binance,AERGO/USDT:USDT,0.13314,2771.0,0.13312,1029.0,0.13315,45.0,0.13316,124.0
1753592147902,04:55:47.902,binance,AERGO/USDT:USDT,0.13314,44190.0,0.13312,1029.0,0.13315,45.0,0.13316,124.0
1753592148006,04:55:48.006,binance,AERGO/USDT:USDT,0.13314,44190.0,0.13312,1029.0,0.13315,45.0,0.13316,124.0
1753592148404,04:55:48.404,binance,AERGO/USDT:USDT,0.13314,44190.0,0.13312,1029.0,0.13315,45.0,0.13316,124.0
1753592148601,04:55:48.601,binance,AERGO/USDT:USDT,0.13314,44190.0,0.13312,1029.0,0.13315,45.0,0.13316,124.0
1753592148712,04:55:48.712,binance,AERGO/USDT:USDT,0.13314,44190.0,0.13312,1029.0,0.13315,45.0,0.13316,124.0
1753592149060,04:55:49.060,binance,AERGO/USDT:USDT,0.13314,44190.0,0.13312,1029.0,0.13315,45.0,0.13316,124.0
1753592149602,04:55:49.602,binance,AERGO/USDT:USDT,0.13314,44190.0,0.13312,1029.0,0.13315,45.0,0.13316,124.0
1753592150190,04:55:50.190,binance,AERGO/USDT:USDT,0.13314,44190.0,0.13312,1029.0,0.13315,45.0,0.13316,124.0
1753592150537,04:55:50.537,binance,AERGO/USDT:USDT,0.13314,44190.0,0.13312,1029.0,0.13315,45.0,0.13316,124.0
1753592150702,04:55:50.702,binance,AERGO/USDT:USDT,0.13314,44190.0,0.13312,1029.0,0.13315,45.0,0.13316,124.0
1753592152056,04:55:52.056,binance,AERGO/USDT:USDT,0.13314,44190.0,0.13312,1029.0,0.13315,45.0,0.13316,124.0
1753592153468,04:55:53.468,binance,AERGO/USDT:USDT,0.13314,44190.0,0.13312,1029.0,0.13315,45.0,0.13316,124.0
1753592153702,04:55:53.702,binance,AERGO/USDT:USDT,0.13314,44190.0,0.13312,1029.0,0.13315,45.0,0.13316,124.0
1753592153972,04:55:53.972,binance,AERGO/USDT:USDT,0.13314,44313.0,0.13312,1029.0,0.13315,45.0,0.13316,124.0
1753592154302,04:55:54.302,binance,AERGO/USDT:USDT,0.13314,44313.0,0.13312,1029.0,0.13315,45.0,0.13316,124.0
1753592155503,04:55:55.503,binance,AERGO/USDT:USDT,0.13314,44313.0,0.13312,1029.0,0.13315,45.0,0.13316,124.0
1753592155610,04:55:55.610,binance,AERGO/USDT:USDT,0.13314,44313.0,0.13312,1029.0,0.13315,45.0,0.13316,124.0
1753592156080,04:55:56.080,binance,AERGO/USDT:USDT,0.13314,44313.0,0.13312,1029.0,0.13315,45.0,0.13316,124.0
1753592156389,04:55:56.389,binance,AERGO/USDT:USDT,0.13314,44313.0,0.13312,1029.0,0.13315,45.0,0.13316,124.0
1753592157589,04:55:57.589,binance,AERGO/USDT:USDT,0.13314,44309.0,0.13312,1029.0,0.13315,45.0,0.13316,124.0
1753592158193,04:55:58.193,binance,AERGO/USDT:USDT,0.13314,44309.0,0.13312,1029.0,0.13315,45.0,0.13316,124.0
1753592158373,04:55:58.373,binance,AERGO/USDT:USDT,0.13314,44309.0,0.13312,1029.0,0.13315,4578.0,0.13316,124.0
1753592158517,04:55:58.517,binance,AERGO/USDT:USDT,0.13314,44309.0,0.13312,1029.0,0.13315,4578.0,0.13316,124.0
1753592158902,04:55:58.902,binance,AERGO/USDT:USDT,0.13314,44309.0,0.13312,1029.0,0.13315,4578.0,0.13316,124.0
1753592159339,04:55:59.339,binance,AERGO/USDT:USDT,0.13314,44309.0,0.13312,1029.0,0.13315,4578.0,0.13316,124.0
1753592159441,04:55:59.441,binance,AERGO/USDT:USDT,0.13314,44309.0,0.13312,1029.0,0.13315,4578.0,0.13316,124.0
1753592159803,04:55:59.803,binance,AERGO/USDT:USDT,0.13314,44412.0,0.13312,1029.0,0.13315,4578.0,0.13316,124.0
1753592159904,04:55:59.904,binance,AERGO/USDT:USDT,0.13315,3243.0,0.13314,44412.0,0.13316,124.0,0.13317,125.0
1753592160109,04:56:00.109,binance,AERGO/USDT:USDT,0.13314,44412.0,0.13312,5902.0,0.13316,124.0,0.13317,178.0
1753592160302,04:56:00.302,binance,AERGO/USDT:USDT,0.13314,44412.0,0.13312,5902.0,0.13316,124.0,0.13317,178.0
1753592160902,04:56:00.902,binance,AERGO/USDT:USDT,0.13314,44412.0,0.13312,5902.0,0.13316,124.0,0.13317,178.0
1753592161096,04:56:01.096,binance,AERGO/USDT:USDT,0.13314,44412.0,0.13312,5902.0,0.13316,124.0,0.13317,178.0
1753592161373,04:56:01.373,binance,AERGO/USDT:USDT,0.13314,44412.0,0.13312,5902.0,0.13316,124.0,0.13317,178.0
1753592161502,04:56:01.502,binance,AERGO/USDT:USDT,0.13314,44412.0,0.13312,5902.0,0.13316,124.0,0.13317,178.0
1753592162007,04:56:02.007,binance,AERGO/USDT:USDT,0.13314,44412.0,0.13313,124.0,0.13317,178.0,0.13318,248.0
1753592162311,04:56:02.311,binance,AERGO/USDT:USDT,0.13315,1270.0,0.13314,42329.0,0.13317,2178.0,0.13318,248.0
1753592162445,04:56:02.445,binance,AERGO/USDT:USDT,0.13315,1270.0,0.13314,42329.0,0.13317,2178.0,0.13318,248.0
1753592162602,04:56:02.602,binance,AERGO/USDT:USDT,0.13315,1270.0,0.13314,42329.0,0.13317,2178.0,0.13318,248.0
1753592163002,04:56:03.002,binance,AERGO/USDT:USDT,0.13315,1270.0,0.13314,42329.0,0.13317,2178.0,0.13318,248.0
1753592163417,04:56:03.417,binance,AERGO/USDT:USDT,0.13315,1269.0,0.13314,42329.0,0.13317,2178.0,0.13318,248.0
1753592163702,04:56:03.702,binance,AERGO/USDT:USDT,0.13315,1269.0,0.13314,42329.0,0.13317,2178.0,0.13318,248.0
1753592163848,04:56:03.848,binance,AERGO/USDT:USDT,0.13315,1269.0,0.13314,42329.0,0.13317,2178.0,0.13318,248.0
1753592164058,04:56:04.058,binance,AERGO/USDT:USDT,0.13315,1269.0,0.13314,42329.0,0.13317,2178.0,0.13318,248.0
1753592164260,04:56:04.260,binance,AERGO/USDT:USDT,0.13315,1269.0,0.13314,42329.0,0.13317,2178.0,0.13318,248.0
1753592164402,04:56:04.402,binance,AERGO/USDT:USDT,0.13315,1268.0,0.13314,42329.0,0.13317,2178.0,0.13318,248.0
1753592164532,04:56:04.532,binance,AERGO/USDT:USDT,0.13315,1268.0,0.13314,42329.0,0.13317,2178.0,0.13318,248.0
1753592164800,04:56:04.800,binance,AERGO/USDT:USDT,0.13315,1268.0,0.13314,42329.0,0.13317,2178.0,0.13318,248.0
1753592164930,04:56:04.930,binance,AERGO/USDT:USDT,0.13315,1268.0,0.13314,42329.0,0.13317,2178.0,0.13318,248.0
1753592165073,04:56:05.073,binance,AERGO/USDT:USDT,0.13315,1268.0,0.13314,42329.0,0.13317,2178.0,0.13318,248.0
1753592165341,04:56:05.341,binance,AERGO/USDT:USDT,0.13315,1268.0,0.13314,42329.0,0.13317,2178.0,0.13318,248.0
1753592165501,04:56:05.501,binance,AERGO/USDT:USDT,0.13315,1268.0,0.13314,42329.0,0.13317,2178.0,0.13318,248.0
1753592165617,04:56:05.617,binance,AERGO/USDT:USDT,0.13315,1268.0,0.13314,42329.0,0.13317,2178.0,0.13318,248.0
1753592165886,04:56:05.886,binance,AERGO/USDT:USDT,0.13315,1268.0,0.13314,42329.0,0.13317,2178.0,0.13318,248.0
1753592166001,04:56:06.001,binance,AERGO/USDT:USDT,0.13315,1268.0,0.13314,42329.0,0.13317,2178.0,0.13318,248.0
1753592166157,04:56:06.157,binance,AERGO/USDT:USDT,0.13315,1268.0,0.13314,42329.0,0.13317,2178.0,0.13318,248.0
1753592166300,04:56:06.300,binance,AERGO/USDT:USDT,0.13315,1268.0,0.13314,42329.0,0.13317,2178.0,0.13318,248.0
1753592166426,04:56:06.426,binance,AERGO/USDT:USDT,0.13315,1268.0,0.13314,42329.0,0.13317,2178.0,0.13318,248.0
1753592166602,04:56:06.602,binance,AERGO/USDT:USDT,0.13315,1268.0,0.13314,42329.0,0.13317,2178.0,0.13318,248.0
1753592167214,04:56:07.214,binance,AERGO/USDT:USDT,0.13315,1268.0,0.13314,42329.0,0.13317,2178.0,0.13318,248.0
1753592168749,04:56:08.749,binance,AERGO/USDT:USDT,0.13315,1268.0,0.13314,42329.0,0.13317,2178.0,0.13318,248.0
1753592169402,04:56:09.402,binance,AERGO/USDT:USDT,0.13315,1268.0,0.13314,42329.0,0.13317,2178.0,0.13318,248.0
1753592170002,04:56:10.002,binance,AERGO/USDT:USDT,0.13315,1268.0,0.13314,42329.0,0.13317,2178.0,0.13318,248.0
1753592171202,04:56:11.202,binance,AERGO/USDT:USDT,0.13315,1268.0,0.13314,42329.0,0.13317,2178.0,0.13318,248.0
1753592171308,04:56:11.308,binance,AERGO/USDT:USDT,0.13315,1268.0,0.13314,42329.0,0.13317,2178.0,0.13318,248.0
1753592172369,04:56:12.369,binance,AERGO/USDT:USDT,0.13315,1268.0,0.13314,42329.0,0.13317,2178.0,0.13318,248.0
1753592172501,04:56:12.501,binance,AERGO/USDT:USDT,0.13315,1268.0,0.13314,42329.0,0.13317,2178.0,0.13318,248.0
1753592173570,04:56:13.570,binance,AERGO/USDT:USDT,0.13316,119.0,0.13315,1268.0,0.13317,2178.0,0.13318,248.0
1753592174009,04:56:14.009,binance,AERGO/USDT:USDT,0.13316,119.0,0.13315,1268.0,0.13317,2178.0,0.13318,248.0
1753592174201,04:56:14.201,binance,AERGO/USDT:USDT,0.13316,119.0,0.13315,1268.0,0.13317,2178.0,0.13318,248.0
1753592174314,04:56:14.314,binance,AERGO/USDT:USDT,0.13316,119.0,0.13315,1268.0,0.13317,2178.0,0.13318,248.0
1753592174424,04:56:14.424,binance,AERGO/USDT:USDT,0.13316,119.0,0.13315,1268.0,0.13317,2178.0,0.13318,248.0
1753592174558,04:56:14.558,binance,AERGO/USDT:USDT,0.13316,119.0,0.13315,1268.0,0.13317,2178.0,0.13318,248.0
1753592174702,04:56:14.702,binance,AERGO/USDT:USDT,0.13316,119.0,0.13315,1268.0,0.13317,2178.0,0.13318,248.0
1753592174991,04:56:14.991,binance,AERGO/USDT:USDT,0.13316,119.0,0.13315,1268.0,0.13317,2178.0,0.13318,248.0
1753592175270,04:56:15.270,binance,AERGO/USDT:USDT,0.13316,119.0,0.13315,1268.0,0.13317,2178.0,0.13318,248.0
1753592175802,04:56:15.802,binance,AERGO/USDT:USDT,0.13316,119.0,0.13315,1268.0,0.13317,2178.0,0.13318,248.0
1753592175953,04:56:15.953,binance,AERGO/USDT:USDT,0.13316,119.0,0.13315,1268.0,0.13317,2178.0,0.13318,248.0
1753592176246,04:56:16.246,binance,AERGO/USDT:USDT,0.13316,119.0,0.13315,1268.0,0.13317,2178.0,0.13318,248.0
1753592176402,04:56:16.402,binance,AERGO/USDT:USDT,0.13316,119.0,0.13315,1268.0,0.13317,2178.0,0.13318,248.0
1753592177602,04:56:17.602,binance,AERGO/USDT:USDT,0.13316,119.0,0.13315,1268.0,0.13317,2178.0,0.13318,248.0
1753592178705,04:56:18.705,binance,AERGO/USDT:USDT,0.13316,119.0,0.13315,1268.0,0.13317,2178.0,0.13318,248.0
1753592178901,04:56:18.901,binance,AERGO/USDT:USDT,0.13316,119.0,0.13315,1268.0,0.13317,2178.0,0.13318,248.0
1753592179402,04:56:19.402,binance,AERGO/USDT:USDT,0.13316,119.0,0.13315,1268.0,0.13317,2178.0,0.13318,248.0
1753592180003,04:56:20.003,binance,AERGO/USDT:USDT,0.13316,119.0,0.13315,1268.0,0.13317,2178.0,0.13318,248.0
1753592181202,04:56:21.202,binance,AERGO/USDT:USDT,0.13316,119.0,0.13315,1268.0,0.13317,2178.0,0.13318,248.0
1753592182069,04:56:22.069,binance,AERGO/USDT:USDT,0.13316,119.0,0.13315,1268.0,0.13317,2178.0,0.13318,248.0
1753592182402,04:56:22.402,binance,AERGO/USDT:USDT,0.13316,119.0,0.13315,1268.0,0.13317,2178.0,0.13318,248.0
1753592182812,04:56:22.812,binance,AERGO/USDT:USDT,0.13316,119.0,0.13315,1268.0,0.13317,2053.0,0.13319,2885.0
1753592182951,04:56:22.951,binance,AERGO/USDT:USDT,0.13316,119.0,0.13315,1268.0,0.13317,2053.0,0.13319,2885.0
1753592183608,04:56:23.608,binance,AERGO/USDT:USDT,0.13316,119.0,0.13315,1268.0,0.13317,2053.0,0.13318,124.0
1753592183746,04:56:23.746,binance,AERGO/USDT:USDT,0.13316,951.0,0.13315,1268.0,0.13317,2053.0,0.13318,124.0
1753592183879,04:56:23.879,binance,AERGO/USDT:USDT,0.13316,1148.0,0.13315,1268.0,0.13318,124.0,0.13319,124.0
1753592183982,04:56:23.982,binance,AERGO/USDT:USDT,0.13316,1148.0,0.13315,1268.0,0.13318,124.0,0.13319,124.0
1753592184234,04:56:24.234,binance,AERGO/USDT:USDT,0.13316,1148.0,0.13315,1268.0,0.13318,124.0,0.13319,124.0
1753592184811,04:56:24.811,binance,AERGO/USDT:USDT,0.13316,1148.0,0.13315,4258.0,0.13318,124.0,0.13319,124.0
1753592185111,04:56:25.111,binance,AERGO/USDT:USDT,0.13316,1148.0,0.13315,4258.0,0.13318,124.0,0.13319,124.0
1753592185234,04:56:25.234,binance,AERGO/USDT:USDT,0.13316,1148.0,0.13315,1268.0,0.13318,2124.0,0.13319,124.0
1753592185339,04:56:25.339,binance,AERGO/USDT:USDT,0.13316,1148.0,0.13315,1268.0,0.13318,2124.0,0.13319,124.0
1753592185902,04:56:25.902,binance,AERGO/USDT:USDT,0.13316,1148.0,0.13315,1268.0,0.13318,2172.0,0.13319,124.0
1753592186491,04:56:26.491,binance,AERGO/USDT:USDT,0.13316,1148.0,0.13315,1392.0,0.13318,2048.0,0.13319,124.0
1753592186602,04:56:26.602,binance,AERGO/USDT:USDT,0.13316,1148.0,0.13315,1392.0,0.13318,2048.0,0.13319,124.0
1753592186709,04:56:26.709,binance,AERGO/USDT:USDT,0.13316,1148.0,0.13315,1392.0,0.13318,2048.0,0.13319,124.0
1753592187002,04:56:27.002,binance,AERGO/USDT:USDT,0.13316,1148.0,0.13315,1392.0,0.13318,2048.0,0.13319,124.0
1753592187602,04:56:27.602,binance,AERGO/USDT:USDT,0.13316,1148.0,0.13315,1392.0,0.13318,2048.0,0.13319,124.0
1753592188202,04:56:28.202,binance,AERGO/USDT:USDT,0.13316,1148.0,0.13315,1392.0,0.13318,2048.0,0.13319,124.0
1753592189226,04:56:29.226,binance,AERGO/USDT:USDT,0.13317,1274.0,0.13316,1148.0,0.13318,2048.0,0.13319,124.0
1753592189402,04:56:29.402,binance,AERGO/USDT:USDT,0.13317,1274.0,0.13316,1148.0,0.13318,2048.0,0.13319,124.0
1753592190003,04:56:30.003,binance,AERGO/USDT:USDT,0.13317,1274.0,0.13316,1148.0,0.13318,2048.0,0.13319,124.0
1753592190612,04:56:30.612,binance,AERGO/USDT:USDT,0.13317,1274.0,0.13316,1148.0,0.13318,849.0,0.13319,124.0
1753592190714,04:56:30.714,binance,AERGO/USDT:USDT,0.13318,3211.0,0.13317,1460.0,0.13322,302.0,0.13323,5533.0
1753592190816,04:56:30.816,binance,AERGO/USDT:USDT,0.13319,2732.0,0.13318,479.0,0.13322,124.0,0.13323,5533.0
1753592190917,04:56:30.917,binance,AERGO/USDT:USDT,0.13319,2732.0,0.13318,479.0,0.13322,124.0,0.13323,5533.0
1753592191047,04:56:31.047,binance,AERGO/USDT:USDT,0.13319,2732.0,0.13318,479.0,0.13322,124.0,0.13323,5533.0
1753592191198,04:56:31.198,binance,AERGO/USDT:USDT,0.13319,2732.0,0.13318,479.0,0.13322,124.0,0.13323,5533.0
1753592191600,04:56:31.600,binance,AERGO/USDT:USDT,0.13319,2732.0,0.13318,479.0,0.13322,124.0,0.13323,5533.0
1753592191706,04:56:31.706,binance,AERGO/USDT:USDT,0.13319,2732.0,0.13318,479.0,0.13322,124.0,0.13323,124.0
1753592191809,04:56:31.809,binance,AERGO/USDT:USDT,0.13319,2732.0,0.13318,479.0,0.13322,124.0,0.13323,124.0
1753592191967,04:56:31.967,binance,AERGO/USDT:USDT,0.13319,2732.0,0.13318,479.0,0.13322,124.0,0.13323,124.0
1753592192178,04:56:32.178,binance,AERGO/USDT:USDT,0.13319,2732.0,0.13318,479.0,0.13322,124.0,0.13323,124.0
1753592192537,04:56:32.537,binance,AERGO/USDT:USDT,0.13319,2732.0,0.13318,479.0,0.13322,124.0,0.13323,124.0
1753592192677,04:56:32.677,binance,AERGO/USDT:USDT,0.13319,2732.0,0.13318,479.0,0.13322,124.0,0.13323,124.0
1753592192907,04:56:32.907,binance,AERGO/USDT:USDT,0.13319,2732.0,0.13318,479.0,0.13322,124.0,0.13323,124.0
1753592193102,04:56:33.102,binance,AERGO/USDT:USDT,0.13319,2732.0,0.13318,186.0,0.13322,124.0,0.13323,124.0
1753592193278,04:56:33.278,binance,AERGO/USDT:USDT,0.13319,2732.0,0.13318,186.0,0.13322,124.0,0.13323,124.0
1753592193457,04:56:33.457,binance,AERGO/USDT:USDT,0.13319,2732.0,0.13318,186.0,0.13322,124.0,0.13323,124.0
1753592193811,04:56:33.811,binance,AERGO/USDT:USDT,0.13319,2732.0,0.13318,186.0,0.13322,124.0,0.13323,124.0
1753592193955,04:56:33.955,binance,AERGO/USDT:USDT,0.13319,2732.0,0.13318,186.0,0.13322,124.0,0.13323,124.0
1753592194058,04:56:34.058,binance,AERGO/USDT:USDT,0.13319,2732.0,0.13318,186.0,0.13322,124.0,0.13323,124.0
1753592194248,04:56:34.248,binance,AERGO/USDT:USDT,0.13319,2732.0,0.13318,186.0,0.13322,124.0,0.13323,124.0
1753592194518,04:56:34.518,binance,AERGO/USDT:USDT,0.13319,2732.0,0.13318,186.0,0.13322,124.0,0.13323,124.0
1753592194667,04:56:34.667,binance,AERGO/USDT:USDT,0.13319,2732.0,0.13318,186.0,0.13322,124.0,0.13323,124.0
1753592194978,04:56:34.978,binance,AERGO/USDT:USDT,0.13319,2732.0,0.13318,186.0,0.13322,124.0,0.13323,124.0
1753592195268,04:56:35.268,binance,AERGO/USDT:USDT,0.13319,2732.0,0.13318,186.0,0.13322,124.0,0.13323,124.0
1753592196302,04:56:36.302,binance,AERGO/USDT:USDT,0.13319,2732.0,0.13318,186.0,0.13322,124.0,0.13323,124.0
1753592196657,04:56:36.657,binance,AERGO/USDT:USDT,0.13319,2732.0,0.13318,186.0,0.13322,124.0,0.13323,124.0
1753592196902,04:56:36.902,binance,AERGO/USDT:USDT,0.13319,2732.0,0.13318,186.0,0.13322,124.0,0.13323,124.0
1753592197102,04:56:37.102,binance,AERGO/USDT:USDT,0.13319,2732.0,0.13318,186.0,0.13322,124.0,0.13323,124.0
1753592197240,04:56:37.240,binance,AERGO/USDT:USDT,0.13319,2732.0,0.13318,186.0,0.13322,124.0,0.13323,124.0
1753592197346,04:56:37.346,binance,AERGO/USDT:USDT,0.13319,2732.0,0.13318,186.0,0.13322,124.0,0.13323,124.0
1753592197502,04:56:37.502,binance,AERGO/USDT:USDT,0.13319,2732.0,0.13318,186.0,0.13322,124.0,0.13323,124.0
1753592197702,04:56:37.702,binance,AERGO/USDT:USDT,0.13319,2732.0,0.13318,186.0,0.13322,124.0,0.13323,124.0
1753592198102,04:56:38.102,binance,AERGO/USDT:USDT,0.13319,2732.0,0.13318,186.0,0.13322,124.0,0.13323,124.0
1753592198702,04:56:38.702,binance,AERGO/USDT:USDT,0.13327,610.0,0.13324,882.0,0.13328,313.0,0.13329,177.0
1753592198806,04:56:38.806,binance,AERGO/USDT:USDT,0.13324,188.0,0.13323,238.0,0.13326,3520.0,0.13327,124.0
1753592198909,04:56:38.909,binance,AERGO/USDT:USDT,0.13323,238.0,0.13322,1275.0,0.13327,2931.0,0.13328,2931.0
1753592199010,04:56:39.010,binance,AERGO/USDT:USDT,0.13323,238.0,0.13322,1151.0,0.13327,2931.0,0.13328,2931.0
1753592199116,04:56:39.116,binance,AERGO/USDT:USDT,0.13323,238.0,0.13322,1151.0,0.13327,2931.0,0.13328,124.0
1753592199218,04:56:39.218,binance,AERGO/USDT:USDT,0.13323,238.0,0.13322,1151.0,0.13327,2931.0,0.13328,124.0
1753592199330,04:56:39.330,binance,AERGO/USDT:USDT,0.13323,238.0,0.13322,1151.0,0.13327,2931.0,0.13328,124.0
1753592199568,04:56:39.568,binance,AERGO/USDT:USDT,0.13323,238.0,0.13322,1151.0,0.13327,2931.0,0.13328,124.0
1753592199790,04:56:39.790,binance,AERGO/USDT:USDT,0.13323,238.0,0.13322,1275.0,0.13327,2555.0,0.13328,124.0
1753592199905,04:56:39.905,binance,AERGO/USDT:USDT,0.13323,238.0,0.13322,1275.0,0.13327,2555.0,0.13328,124.0
1753592200014,04:56:40.014,binance,AERGO/USDT:USDT,0.13323,238.0,0.13322,1275.0,0.13327,2555.0,0.13328,124.0
1753592200123,04:56:40.123,binance,AERGO/USDT:USDT,0.13323,238.0,0.13322,1275.0,0.13327,2881.0,0.13328,124.0
1753592200293,04:56:40.293,binance,AERGO/USDT:USDT,0.13323,238.0,0.13322,1275.0,0.13327,2881.0,0.13328,124.0
1753592200401,04:56:40.401,binance,AERGO/USDT:USDT,0.13323,238.0,0.13322,1275.0,0.13327,2881.0,0.13328,124.0
1753592200802,04:56:40.802,binance,AERGO/USDT:USDT,0.13323,238.0,0.13322,1275.0,0.13327,2881.0,0.13328,124.0
1753592200962,04:56:40.962,binance,AERGO/USDT:USDT,0.13322,185.0,0.13321,4112.0,0.13327,2881.0,0.13328,1228.0
1753592201321,04:56:41.321,binance,AERGO/USDT:USDT,0.13322,185.0,0.13321,3988.0,0.13327,2881.0,0.13328,1228.0
1753592201723,04:56:41.723,binance,AERGO/USDT:USDT,0.13322,185.0,0.13321,3988.0,0.13327,2881.0,0.13328,1228.0
1753592202160,04:56:42.160,binance,AERGO/USDT:USDT,0.13322,185.0,0.13321,3988.0,0.13327,2881.0,0.13328,1228.0
1753592202710,04:56:42.710,binance,AERGO/USDT:USDT,0.13322,185.0,0.13321,3988.0,0.13327,2881.0,0.13328,1228.0
1753592203240,04:56:43.240,binance,AERGO/USDT:USDT,0.13322,185.0,0.13321,3988.0,0.13327,2881.0,0.13328,1228.0
1753592203494,04:56:43.494,binance,AERGO/USDT:USDT,0.13322,185.0,0.13321,3988.0,0.13327,2881.0,0.13328,1228.0
1753592203790,04:56:43.790,binance,AERGO/USDT:USDT,0.13321,3988.0,0.1332,41999.0,0.13327,2881.0,0.13328,1388.0
1753592203897,04:56:43.897,binance,AERGO/USDT:USDT,0.13321,3988.0,0.1332,41999.0,0.13327,2881.0,0.13328,1388.0
1753592204064,04:56:44.064,binance,AERGO/USDT:USDT,0.13321,3988.0,0.1332,41999.0,0.13327,2881.0,0.13328,1388.0
1753592204351,04:56:44.351,binance,AERGO/USDT:USDT,0.13321,3988.0,0.1332,41999.0,0.13327,2881.0,0.13328,1388.0
1753592204902,04:56:44.902,binance,AERGO/USDT:USDT,0.13321,3988.0,0.1332,41999.0,0.13327,2881.0,0.13328,1388.0
1753592205606,04:56:45.606,binance,AERGO/USDT:USDT,0.13324,42946.0,0.13321,3803.0,0.13327,2881.0,0.13328,124.0
1753592205708,04:56:45.708,binance,AERGO/USDT:USDT,0.13324,42946.0,0.13321,3803.0,0.13327,2881.0,0.13328,124.0
1753592205826,04:56:45.826,binance,AERGO/USDT:USDT,0.13324,42946.0,0.13321,3803.0,0.13327,2881.0,0.13329,2984.0
1753592206000,04:56:46.000,binance,AERGO/USDT:USDT,0.13324,42946.0,0.13321,3803.0,0.13327,2881.0,0.13329,2984.0
1753592206651,04:56:46.651,binance,AERGO/USDT:USDT,0.13324,42546.0,0.13321,3803.0,0.13327,2881.0,0.13329,2984.0
1753592207144,04:56:47.144,binance,AERGO/USDT:USDT,0.1332,184.0,0.13319,2931.0,0.13326,3395.0,0.13327,1759.0
1753592207245,04:56:47.245,binance,AERGO/USDT:USDT,0.13319,2807.0,0.13318,307.0,0.13326,3254.0,0.13327,1759.0
1753592207348,04:56:47.348,binance,AERGO/USDT:USDT,0.13319,2807.0,0.13318,2089.0,0.13326,2807.0,0.13327,1759.0
1753592207469,04:56:47.469,binance,AERGO/USDT:USDT,0.13319,2807.0,0.13318,2089.0,0.13326,2807.0,0.13327,1759.0
1753592207651,04:56:47.651,binance,AERGO/USDT:USDT,0.13319,2807.0,0.13318,2089.0,0.13326,2807.0,0.13327,1759.0
1753592207764,04:56:47.764,binance,AERGO/USDT:USDT,0.13321,1032.0,0.1332,967.0,0.13326,2807.0,0.13327,1576.0
1753592207880,04:56:47.880,binance,AERGO/USDT:USDT,0.13321,1132.0,0.1332,967.0,0.13326,2807.0,0.13327,450.0
1753592207999,04:56:47.999,binance,AERGO/USDT:USDT,0.13321,1132.0,0.1332,967.0,0.13326,2807.0,0.13327,450.0
1753592208124,04:56:48.124,binance,AERGO/USDT:USDT,0.13321,1132.0,0.1332,967.0,0.13326,3133.0,0.13327,124.0
1753592208902,04:56:48.902,binance,AERGO/USDT:USDT,0.13321,1132.0,0.1332,967.0,0.13326,3133.0,0.13327,124.0
1753592209237,04:56:49.237,binance,AERGO/USDT:USDT,0.13321,1132.0,0.1332,967.0,0.13326,3133.0,0.13327,124.0
1753592209602,04:56:49.602,binance,AERGO/USDT:USDT,0.13321,1132.0,0.1332,967.0,0.13326,3133.0,0.13327,124.0
1753592210002,04:56:50.002,binance,AERGO/USDT:USDT,0.13321,1132.0,0.1332,967.0,0.13326,3133.0,0.13327,124.0
1753592210551,04:56:50.551,binance,AERGO/USDT:USDT,0.13321,1132.0,0.1332,967.0,0.13326,3133.0,0.13327,124.0
1753592210803,04:56:50.803,binance,AERGO/USDT:USDT,0.13321,1132.0,0.1332,183.0,0.13326,3133.0,0.13327,124.0
1753592211002,04:56:51.002,binance,AERGO/USDT:USDT,0.13321,1132.0,0.1332,183.0,0.13326,3133.0,0.13327,124.0
1753592211140,04:56:51.140,binance,AERGO/USDT:USDT,0.13321,1132.0,0.1332,183.0,0.13326,3133.0,0.13327,124.0
1753592211396,04:56:51.396,binance,AERGO/USDT:USDT,0.13321,1132.0,0.1332,183.0,0.13326,3133.0,0.13327,124.0
1753592211501,04:56:51.501,binance,AERGO/USDT:USDT,0.13321,1509.0,0.1332,1151.0,0.13326,3133.0,0.13327,124.0
1753592211724,04:56:51.724,binance,AERGO/USDT:USDT,0.13321,1509.0,0.1332,1151.0,0.13326,3133.0,0.13327,124.0
1753592212102,04:56:52.102,binance,AERGO/USDT:USDT,0.13321,1509.0,0.1332,1151.0,0.13326,3133.0,0.13327,124.0
1753592212320,04:56:52.320,binance,AERGO/USDT:USDT,0.13321,1509.0,0.1332,1151.0,0.13326,3133.0,0.13327,124.0
1753592212533,04:56:52.533,binance,AERGO/USDT:USDT,0.13321,1542.0,0.1332,1151.0,0.13326,3133.0,0.13327,124.0
1753592212702,04:56:52.702,binance,AERGO/USDT:USDT,0.13321,1542.0,0.1332,1151.0,0.13326,3133.0,0.13327,124.0
1753592213302,04:56:53.302,binance,AERGO/USDT:USDT,0.13321,1542.0,0.1332,1151.0,0.13326,3133.0,0.13327,124.0
1753592213902,04:56:53.902,binance,AERGO/USDT:USDT,0.13321,1542.0,0.1332,1151.0,0.13326,3133.0,0.13327,124.0
1753592214502,04:56:54.502,binance,AERGO/USDT:USDT,0.13321,1542.0,0.1332,1151.0,0.13326,3133.0,0.13327,124.0
1753592215060,04:56:55.060,binance,AERGO/USDT:USDT,0.13321,1542.0,0.1332,1151.0,0.13326,3133.0,0.13327,124.0
1753592215602,04:56:55.602,binance,AERGO/USDT:USDT,0.13321,1542.0,0.1332,1151.0,0.13326,3133.0,0.13327,124.0
1753592215887,04:56:55.887,binance,AERGO/USDT:USDT,0.13321,1542.0,0.1332,1151.0,0.13326,3133.0,0.13327,124.0
1753592216017,04:56:56.017,binance,AERGO/USDT:USDT,0.13321,1643.0,0.1332,1151.0,0.13326,3133.0,0.13327,124.0
1753592216780,04:56:56.780,binance,AERGO/USDT:USDT,0.13321,1643.0,0.1332,1151.0,0.13326,3133.0,0.13327,124.0
1753592216883,04:56:56.883,binance,AERGO/USDT:USDT,0.13321,1643.0,0.1332,1151.0,0.13326,3133.0,0.13327,124.0
1753592217018,04:56:57.018,binance,AERGO/USDT:USDT,0.13321,1643.0,0.1332,1151.0,0.13326,3133.0,0.13327,124.0
1753592217594,04:56:57.594,binance,AERGO/USDT:USDT,0.13321,1643.0,0.1332,183.0,0.13326,3133.0,0.13327,124.0
1753592218002,04:56:58.002,binance,AERGO/USDT:USDT,0.13321,1643.0,0.1332,183.0,0.13326,3133.0,0.13327,124.0
1753592218339,04:56:58.339,binance,AERGO/USDT:USDT,0.13321,1643.0,0.1332,307.0,0.13326,3133.0,0.13327,124.0
1753592218539,04:56:58.539,binance,AERGO/USDT:USDT,0.13321,1643.0,0.1332,307.0,0.13326,3133.0,0.13327,124.0
1753592218702,04:56:58.702,binance,AERGO/USDT:USDT,0.13321,1643.0,0.1332,307.0,0.13326,3133.0,0.13327,124.0
1753592219478,04:56:59.478,binance,AERGO/USDT:USDT,0.13323,1654.0,0.13321,1643.0,0.13326,3133.0,0.13327,124.0
1753592219666,04:56:59.666,binance,AERGO/USDT:USDT,0.13323,1654.0,0.13321,1643.0,0.13326,3133.0,0.13327,124.0
1753592219769,04:56:59.769,binance,AERGO/USDT:USDT,0.13323,1654.0,0.13321,1643.0,0.13326,3133.0,0.13327,124.0
1753592220036,04:57:00.036,binance,AERGO/USDT:USDT,0.13323,1654.0,0.13321,1643.0,0.13326,3133.0,0.13327,124.0
1753592220140,04:57:00.140,binance,AERGO/USDT:USDT,0.13323,1654.0,0.13321,1643.0,0.13326,3133.0,0.13327,124.0
1753592220494,04:57:00.494,binance,AERGO/USDT:USDT,0.13324,184.0,0.13323,1654.0,0.13326,3133.0,0.13327,124.0
1753592220609,04:57:00.609,binance,AERGO/USDT:USDT,0.13324,184.0,0.13323,1654.0,0.13326,3133.0,0.13327,124.0
1753592220840,04:57:00.840,binance,AERGO/USDT:USDT,0.13324,184.0,0.13323,1654.0,0.13326,3133.0,0.13327,124.0
1753592220948,04:57:00.948,binance,AERGO/USDT:USDT,0.13324,184.0,0.13323,1654.0,0.13326,3133.0,0.13327,124.0
1753592221094,04:57:01.094,binance,AERGO/USDT:USDT,0.13324,184.0,0.13323,1654.0,0.13326,3133.0,0.13327,124.0
1753592221302,04:57:01.302,binance,AERGO/USDT:USDT,0.13324,184.0,0.13323,1654.0,0.13326,3133.0,0.13327,124.0
1753592221436,04:57:01.436,binance,AERGO/USDT:USDT,0.13324,184.0,0.13323,1654.0,0.13326,3133.0,0.13327,124.0
1753592221810,04:57:01.810,binance,AERGO/USDT:USDT,0.13324,184.0,0.13323,1654.0,0.13326,3133.0,0.13327,124.0
1753592221914,04:57:01.914,binance,AERGO/USDT:USDT,0.13324,184.0,0.13323,1654.0,0.13326,3133.0,0.13327,124.0
1753592222027,04:57:02.027,binance,AERGO/USDT:USDT,0.13324,270.0,0.13323,1654.0,0.13326,3133.0,0.13327,124.0
1753592222149,04:57:02.149,binance,AERGO/USDT:USDT,0.13324,270.0,0.13323,1654.0,0.13326,3133.0,0.13327,124.0
1753592222500,04:57:02.500,binance,AERGO/USDT:USDT,0.13324,270.0,0.13323,1654.0,0.13326,3133.0,0.13327,124.0
1753592222648,04:57:02.648,binance,AERGO/USDT:USDT,0.13324,270.0,0.13323,1654.0,0.13326,3133.0,0.13327,124.0
1753592222994,04:57:02.994,binance,AERGO/USDT:USDT,0.13324,270.0,0.13323,1654.0,0.13326,3133.0,0.13327,124.0
1753592223100,04:57:03.100,binance,AERGO/USDT:USDT,0.13324,270.0,0.13323,1654.0,0.13326,3133.0,0.13327,124.0
1753592223231,04:57:03.231,binance,AERGO/USDT:USDT,0.13324,270.0,0.13323,1654.0,0.13326,3133.0,0.13327,124.0
1753592223586,04:57:03.586,binance,AERGO/USDT:USDT,0.13321,1643.0,0.1332,307.0,0.13323,3185.0,0.13324,124.0
1753592223687,04:57:03.687,binance,AERGO/USDT:USDT,0.13321,1643.0,0.1332,183.0,0.13323,3185.0,0.13324,124.0
1753592223838,04:57:03.838,binance,AERGO/USDT:USDT,0.13321,1643.0,0.1332,183.0,0.13323,3185.0,0.13324,124.0
1753592223957,04:57:03.957,binance,AERGO/USDT:USDT,0.13321,1643.0,0.1332,183.0,0.13323,3185.0,0.13324,124.0
1753592224120,04:57:04.120,binance,AERGO/USDT:USDT,0.13321,1643.0,0.1332,183.0,0.13323,3511.0,0.13324,124.0
1753592224241,04:57:04.241,binance,AERGO/USDT:USDT,0.13321,1643.0,0.1332,183.0,0.13323,3511.0,0.13324,124.0
1753592224448,04:57:04.448,binance,AERGO/USDT:USDT,0.13321,1643.0,0.1332,183.0,0.13323,3511.0,0.13324,124.0
1753592224585,04:57:04.585,binance,AERGO/USDT:USDT,0.13321,1643.0,0.1332,183.0,0.13323,3511.0,0.13324,124.0
1753592224701,04:57:04.701,binance,AERGO/USDT:USDT,0.13321,1643.0,0.1332,183.0,0.13323,3511.0,0.13324,124.0
1753592225302,04:57:05.302,binance,AERGO/USDT:USDT,0.13321,1643.0,0.1332,183.0,0.13323,3511.0,0.13324,124.0
1753592225902,04:57:05.902,binance,AERGO/USDT:USDT,0.13321,1643.0,0.1332,183.0,0.13323,3511.0,0.13324,124.0
1753592226048,04:57:06.048,binance,AERGO/USDT:USDT,0.13321,1643.0,0.1332,183.0,0.13323,3511.0,0.13324,124.0
1753592226422,04:57:06.422,binance,AERGO/USDT:USDT,0.13321,1643.0,0.1332,183.0,0.13323,3056.0,0.13324,124.0
1753592226601,04:57:06.601,binance,AERGO/USDT:USDT,0.13321,1643.0,0.1332,183.0,0.13323,3056.0,0.13324,124.0
1753592227002,04:57:07.002,binance,AERGO/USDT:USDT,0.13321,1643.0,0.1332,183.0,0.13323,3056.0,0.13324,124.0
1753592227240,04:57:07.240,binance,AERGO/USDT:USDT,0.13321,1643.0,0.1332,183.0,0.13323,3056.0,0.13324,124.0
1753592227786,04:57:07.786,binance,AERGO/USDT:USDT,0.13321,1643.0,0.1332,183.0,0.13323,3056.0,0.13324,124.0
1753592228100,04:57:08.100,binance,AERGO/USDT:USDT,0.13321,1643.0,0.1332,183.0,0.13323,3056.0,0.13324,124.0
1753592230402,04:57:10.402,binance,AERGO/USDT:USDT,0.13321,1643.0,0.1332,183.0,0.13323,3056.0,0.13324,124.0
1753592231002,04:57:11.002,binance,AERGO/USDT:USDT,0.13321,1643.0,0.1332,183.0,0.13323,3056.0,0.13324,124.0
1753592231109,04:57:11.109,binance,AERGO/USDT:USDT,0.13321,1643.0,0.1332,183.0,0.13323,3056.0,0.13324,124.0
1753592232802,04:57:12.802,binance,AERGO/USDT:USDT,0.13321,1643.0,0.1332,183.0,0.13323,3110.0,0.13324,124.0
1753592234002,04:57:14.002,binance,AERGO/USDT:USDT,0.13321,1643.0,0.1332,183.0,0.13323,3110.0,0.13324,124.0
1753592234602,04:57:14.602,binance,AERGO/USDT:USDT,0.13321,1643.0,0.1332,183.0,0.13323,3110.0,0.13324,124.0
1753592235154,04:57:15.154,binance,AERGO/USDT:USDT,0.13321,1643.0,0.1332,183.0,0.13323,3110.0,0.13324,124.0
1753592235802,04:57:15.802,binance,AERGO/USDT:USDT,0.13321,1643.0,0.1332,183.0,0.13323,3110.0,0.13324,124.0
1753592236240,04:57:16.240,binance,AERGO/USDT:USDT,0.13321,1643.0,0.1332,183.0,0.13323,3110.0,0.13324,124.0
1753592236347,04:57:16.347,binance,AERGO/USDT:USDT,0.13321,1643.0,0.1332,183.0,0.13323,3110.0,0.13324,124.0
1753592236849,04:57:16.849,binance,AERGO/USDT:USDT,0.13321,1643.0,0.1332,183.0,0.13323,3110.0,0.13324,124.0
1753592236952,04:57:16.952,binance,AERGO/USDT:USDT,0.13321,1643.0,0.1332,183.0,0.13323,3110.0,0.13324,124.0
1753592238102,04:57:18.102,binance,AERGO/USDT:USDT,0.13321,1643.0,0.1332,183.0,0.13323,3110.0,0.13324,124.0
1753592238702,04:57:18.702,binance,AERGO/USDT:USDT,0.13321,1643.0,0.1332,183.0,0.13323,3110.0,0.13324,124.0
1753592239784,04:57:19.784,binance,AERGO/USDT:USDT,0.13321,1643.0,0.1332,183.0,0.13323,3110.0,0.13324,124.0
1753592240112,04:57:20.112,binance,AERGO/USDT:USDT,0.13321,1643.0,0.1332,183.0,0.13323,3110.0,0.13324,124.0
1753592240437,04:57:20.437,binance,AERGO/USDT:USDT,0.13321,1643.0,0.1332,183.0,0.13323,3110.0,0.13324,124.0
1753592240541,04:57:20.541,binance,AERGO/USDT:USDT,0.13321,1643.0,0.1332,183.0,0.13323,3110.0,0.13324,124.0
1753592240914,04:57:20.914,binance,AERGO/USDT:USDT,0.13321,1643.0,0.1332,183.0,0.13323,3110.0,0.13324,124.0
1753592241100,04:57:21.100,binance,AERGO/USDT:USDT,0.13321,1643.0,0.1332,183.0,0.13323,3110.0,0.13324,124.0
1753592241602,04:57:21.602,binance,AERGO/USDT:USDT,0.13321,1643.0,0.1332,183.0,0.13323,3110.0,0.13324,124.0
1753592241807,04:57:21.807,binance,AERGO/USDT:USDT,0.13321,1643.0,0.1332,183.0,0.13323,3110.0,0.13324,124.0
1753592242049,04:57:22.049,binance,AERGO/USDT:USDT,0.13321,1643.0,0.1332,183.0,0.13323,3110.0,0.13324,124.0
1753592242152,04:57:22.152,binance,AERGO/USDT:USDT,0.13321,1643.0,0.1332,183.0,0.13323,3110.0,0.13324,124.0
1753592242302,04:57:22.302,binance,AERGO/USDT:USDT,0.13321,1643.0,0.1332,183.0,0.13323,3110.0,0.13324,124.0
1753592243111,04:57:23.111,binance,AERGO/USDT:USDT,0.13322,38.0,0.13321,1643.0,0.13323,3110.0,0.13324,124.0
1753592243215,04:57:23.215,binance,AERGO/USDT:USDT,0.13318,183.0,0.13317,307.0,0.13322,2802.0,0.13323,576.0
1753592243318,04:57:23.318,binance,AERGO/USDT:USDT,0.13318,183.0,0.13317,307.0,0.13322,2802.0,0.13323,450.0
1753592243437,04:57:23.437,binance,AERGO/USDT:USDT,0.13318,183.0,0.13317,307.0,0.13322,2802.0,0.13323,450.0
1753592243800,04:57:23.800,binance,AERGO/USDT:USDT,0.13318,183.0,0.13317,307.0,0.13322,2802.0,0.13323,450.0
1753592244015,04:57:24.015,binance,AERGO/USDT:USDT,0.13318,183.0,0.13317,307.0,0.13322,2802.0,0.13323,450.0
1753592244130,04:57:24.130,binance,AERGO/USDT:USDT,0.13318,183.0,0.13317,307.0,0.13322,3128.0,0.13323,124.0
1753592244233,04:57:24.233,binance,AERGO/USDT:USDT,0.13318,183.0,0.13317,307.0,0.13322,3128.0,0.13323,124.0
1753592244335,04:57:24.335,binance,AERGO/USDT:USDT,0.13318,183.0,0.13317,307.0,0.13322,3128.0,0.13323,124.0
1753592244488,04:57:24.488,binance,AERGO/USDT:USDT,0.13318,183.0,0.13317,307.0,0.13322,3128.0,0.13323,124.0
1753592244658,04:57:24.658,binance,AERGO/USDT:USDT,0.13318,183.0,0.13317,307.0,0.13322,3128.0,0.13323,124.0
1753592245318,04:57:25.318,binance,AERGO/USDT:USDT,0.13318,183.0,0.13317,307.0,0.13322,3128.0,0.13323,124.0
1753592245450,04:57:25.450,binance,AERGO/USDT:USDT,0.13318,183.0,0.13317,307.0,0.13322,3128.0,0.13323,124.0
1753592246324,04:57:26.324,binance,AERGO/USDT:USDT,0.13319,8515.0,0.13318,183.0,0.13322,3128.0,0.13323,124.0
1753592246426,04:57:26.426,binance,AERGO/USDT:USDT,0.13319,8515.0,0.13318,183.0,0.13322,3128.0,0.13323,124.0
1753592247102,04:57:27.102,binance,AERGO/USDT:USDT,0.13319,8515.0,0.13318,183.0,0.13322,3128.0,0.13323,124.0
1753592247229,04:57:27.229,binance,AERGO/USDT:USDT,0.13319,8515.0,0.13318,183.0,0.13322,3128.0,0.13323,124.0
1753592247378,04:57:27.378,binance,AERGO/USDT:USDT,0.13319,8515.0,0.13318,183.0,0.13322,3128.0,0.13323,124.0
1753592247733,04:57:27.733,binance,AERGO/USDT:USDT,0.13319,8515.0,0.13318,183.0,0.13322,422.0,0.13323,124.0
1753592247836,04:57:27.836,binance,AERGO/USDT:USDT,0.13319,8515.0,0.13318,307.0,0.13322,422.0,0.13323,124.0
1753592248039,04:57:28.039,binance,AERGO/USDT:USDT,0.13319,8515.0,0.13318,307.0,0.13322,422.0,0.13323,124.0
1753592248728,04:57:28.728,binance,AERGO/USDT:USDT,0.1332,117.0,0.13319,8515.0,0.13322,422.0,0.13323,124.0
1753592248830,04:57:28.830,binance,AERGO/USDT:USDT,0.1332,117.0,0.13319,8515.0,0.13322,422.0,0.13323,124.0
1753592249048,04:57:29.048,binance,AERGO/USDT:USDT,0.1332,117.0,0.13319,8515.0,0.13322,422.0,0.13323,124.0
1753592249215,04:57:29.215,binance,AERGO/USDT:USDT,0.1332,117.0,0.13319,8515.0,0.13322,422.0,0.13323,124.0
1753592250002,04:57:30.002,binance,AERGO/USDT:USDT,0.1332,117.0,0.13319,8515.0,0.13322,422.0,0.13323,124.0
1753592250113,04:57:30.113,binance,AERGO/USDT:USDT,0.13316,246.0,0.13315,3982.0,0.13321,3541.0,0.13322,2356.0
1753592250215,04:57:30.215,binance,AERGO/USDT:USDT,0.13316,53.0,0.13315,2856.0,0.13321,3364.0,0.13322,2480.0
1753592250320,04:57:30.320,binance,AERGO/USDT:USDT,0.13316,53.0,0.13315,2856.0,0.13321,3364.0,0.13322,2480.0
1753592250448,04:57:30.448,binance,AERGO/USDT:USDT,0.13308,235.0,0.13307,430.0,0.13315,3041.0,0.13316,362.0
1753592250549,04:57:30.549,binance,AERGO/USDT:USDT,0.13309,2749.0,0.13308,359.0,0.13315,2803.0,0.13316,306.0
1753592250651,04:57:30.651,binance,AERGO/USDT:USDT,0.13308,305.0,0.13307,430.0,0.13313,2749.0,0.13314,182.0
1753592250753,04:57:30.753,binance,AERGO/USDT:USDT,0.13308,305.0,0.13307,430.0,0.13313,2749.0,0.13314,306.0
1753592250858,04:57:30.858,binance,AERGO/USDT:USDT,0.13308,305.0,0.13307,430.0,0.13313,2749.0,0.13314,306.0
1753592251068,04:57:31.068,binance,AERGO/USDT:USDT,0.13308,305.0,0.13307,430.0,0.13312,2749.0,0.13313,450.0
1753592251170,04:57:31.170,binance,AERGO/USDT:USDT,0.13308,305.0,0.13307,430.0,0.13312,2749.0,0.13313,450.0
1753592251702,04:57:31.702,binance,AERGO/USDT:USDT,0.13308,305.0,0.13307,430.0,0.13312,2749.0,0.13313,450.0
1753592251805,04:57:31.805,binance,AERGO/USDT:USDT,0.13308,305.0,0.13307,430.0,0.13312,2749.0,0.13313,450.0
