timestamp,time,symbol,bid1_price,bid1_volume,bid2_price,bid2_volume,ask1_price,ask1_volume,ask2_price,ask2_volume
1753546954905,16:22:34.905,ADA/USDT:USDT,0.8356,224.3,0.8355,661.7,0.8357,61.0,0.8358,317.1
1753546955205,16:22:35.205,ADA/USDT:USDT,0.8356,183.6,0.8355,621.0,0.8357,131.6,0.8358,402.3
1753546955305,16:22:35.305,ADA/USDT:USDT,0.8356,184.4,0.8355,495.9,0.8357,131.6,0.8358,369.3
1753546955705,16:22:35.705,ADA/USDT:USDT,0.8356,216.8,0.8355,621.9,0.8357,131.6,0.8358,369.5
1753546955905,16:22:35.905,ADA/USDT:USDT,0.8356,342.5,0.8355,655.4,0.8357,11.9,0.8358,161.8
1753546956005,16:22:36.005,ADA/USDT:USDT,0.8356,342.5,0.8355,656.7,0.8357,46.8,0.8358,124.1
1753546956505,16:22:36.505,ADA/USDT:USDT,0.8356,135.4,0.8355,474.7,0.8357,130.7,0.8358,440.7
1753546957005,16:22:37.005,ADA/USDT:USDT,0.8356,115.8,0.8355,493.7,0.8357,130.7,0.8358,421.5
1753546957405,16:22:37.405,ADA/USDT:USDT,0.8356,151.6,0.8355,491.6,0.8357,86.9,0.8358,410.1
1753546957705,16:22:37.705,ADA/USDT:USDT,0.8356,121.2,0.8355,491.4,0.8357,106.8,0.8358,440.5
1753546957805,16:22:37.805,ADA/USDT:USDT,0.8356,121.2,0.8355,491.3,0.8357,106.8,0.8358,440.5
1753546958005,16:22:38.005,ADA/USDT:USDT,0.8356,132.6,0.8355,491.7,0.8357,106.8,0.8358,410.1
1753546958205,16:22:38.205,ADA/USDT:USDT,0.8356,133.6,0.8355,490.6,0.8357,105.8,0.8358,410.1
1753546958305,16:22:38.305,ADA/USDT:USDT,0.8356,133.3,0.8355,490.6,0.8357,86.8,0.8358,410.1
1753546958405,16:22:38.405,ADA/USDT:USDT,0.8356,133.3,0.8355,490.6,0.8357,82.1,0.8358,410.1
1753546958905,16:22:38.905,ADA/USDT:USDT,0.8356,132.4,0.8355,459.9,0.8357,146.6,0.8358,440.1
1753546959305,16:22:39.305,ADA/USDT:USDT,0.8356,162.1,0.8355,489.9,0.8357,124.6,0.8358,410.1
1753546959605,16:22:39.605,ADA/USDT:USDT,0.8356,133.2,0.8355,484.4,0.8357,125.2,0.8358,428.7
1753546959705,16:22:39.705,ADA/USDT:USDT,0.8356,133.2,0.8355,484.4,0.8357,125.2,0.8358,428.7
1753546960005,16:22:40.005,ADA/USDT:USDT,0.8356,293.2,0.8355,521.3,0.8357,34.5,0.8358,58.8
1753546960105,16:22:40.105,ADA/USDT:USDT,0.8356,305.9,0.8355,521.0,0.8357,61.8,0.8358,147.4
1753546960205,16:22:40.205,ADA/USDT:USDT,0.8356,305.8,0.8355,627.4,0.8357,32.7,0.8358,250.7
1753546960305,16:22:40.305,ADA/USDT:USDT,0.8356,198.1,0.8355,616.3,0.8357,74.4,0.8358,384.3
1753546960405,16:22:40.405,ADA/USDT:USDT,0.8356,140.1,0.8355,616.7,0.8357,83.3,0.8358,395.4
1753546960505,16:22:40.505,ADA/USDT:USDT,0.8356,115.9,0.8355,484.4,0.8357,123.4,0.8358,377.0
1753546960705,16:22:40.705,ADA/USDT:USDT,0.8356,53.6,0.8355,99.5,0.8357,192.1,0.8358,355.8
1753546961405,16:22:41.405,ADA/USDT:USDT,0.8357,269.3,0.8356,795.9,0.8358,29.1,0.8359,145.1
1753546962005,16:22:42.005,ADA/USDT:USDT,0.8358,146.6,0.8357,525.5,0.8359,186.4,0.836,444.1
1753546962105,16:22:42.105,ADA/USDT:USDT,0.8358,146.6,0.8357,525.5,0.8359,186.4,0.836,444.1
1753546962205,16:22:42.205,ADA/USDT:USDT,0.8358,126.6,0.8357,525.5,0.8359,186.4,0.836,454.4
1753546962305,16:22:42.305,ADA/USDT:USDT,0.8358,149.3,0.8357,525.5,0.8359,151.2,0.836,312.1
1753546962505,16:22:42.505,ADA/USDT:USDT,0.8358,149.4,0.8357,525.5,0.8359,155.3,0.836,379.5
1753546963005,16:22:43.005,ADA/USDT:USDT,0.8358,149.3,0.8357,524.8,0.8359,133.0,0.836,329.3
1753546963205,16:22:43.205,ADA/USDT:USDT,0.8358,176.8,0.8357,524.8,0.8359,133.0,0.836,312.1
1753546963405,16:22:43.405,ADA/USDT:USDT,0.8358,156.4,0.8357,524.8,0.8359,153.7,0.836,454.3
1753546963605,16:22:43.605,ADA/USDT:USDT,0.8358,156.4,0.8357,524.8,0.8359,154.9,0.836,454.3
1753546963905,16:22:43.905,ADA/USDT:USDT,0.8359,485.9,0.8358,401.1,0.836,46.7,0.8361,320.1
1753546964105,16:22:44.105,ADA/USDT:USDT,0.8359,544.2,0.8358,400.1,0.836,46.9,0.8361,413.1
1753546964405,16:22:44.405,ADA/USDT:USDT,0.8359,484.4,0.8358,509.9,0.836,67.6,0.8361,413.1
1753546964505,16:22:44.505,ADA/USDT:USDT,0.8359,544.5,0.8358,350.5,0.836,17.0,0.8361,328.4
1753546965005,16:22:45.005,ADA/USDT:USDT,0.8359,483.7,0.8358,392.7,0.836,67.6,0.8361,434.7
1753546965305,16:22:45.305,ADA/USDT:USDT,0.836,473.6,0.8359,689.1,0.8361,221.8,0.8362,354.9
1753546965405,16:22:45.405,ADA/USDT:USDT,0.836,350.3,0.8359,688.0,0.8361,244.5,0.8362,410.2
1753546965505,16:22:45.505,ADA/USDT:USDT,0.836,350.3,0.8359,691.4,0.8361,244.5,0.8362,484.9
1753546965905,16:22:45.905,ADA/USDT:USDT,0.836,364.6,0.8359,685.3,0.8361,221.2,0.8362,354.8
1753546966005,16:22:46.005,ADA/USDT:USDT,0.836,364.6,0.8359,685.3,0.8361,221.2,0.8362,354.8
1753546966305,16:22:46.305,ADA/USDT:USDT,0.836,365.2,0.8359,678.9,0.8361,106.2,0.8362,354.7
1753546966405,16:22:46.405,ADA/USDT:USDT,0.836,340.8,0.8359,685.5,0.8361,216.6,0.8362,484.0
1753546966505,16:22:46.505,ADA/USDT:USDT,0.836,340.8,0.8359,674.7,0.8361,216.8,0.8362,484.0
1753546967005,16:22:47.005,ADA/USDT:USDT,0.836,370.3,0.8359,712.1,0.8361,84.7,0.8362,282.1
1753546967105,16:22:47.105,ADA/USDT:USDT,0.836,370.3,0.8359,712.1,0.8361,84.7,0.8362,282.1
1753546967405,16:22:47.405,ADA/USDT:USDT,0.836,349.0,0.8359,682.3,0.8361,106.2,0.8362,379.6
1753546967505,16:22:47.505,ADA/USDT:USDT,0.836,347.3,0.8359,659.1,0.8361,160.7,0.8362,379.9
1753546967705,16:22:47.705,ADA/USDT:USDT,0.836,341.5,0.8359,673.6,0.8361,167.3,0.8362,379.9
1753546968105,16:22:48.105,ADA/USDT:USDT,0.836,116.9,0.8359,615.5,0.8361,189.4,0.8362,419.2
1753546968405,16:22:48.405,ADA/USDT:USDT,0.836,302.1,0.8359,686.8,0.8361,165.8,0.8362,379.8
1753546968505,16:22:48.505,ADA/USDT:USDT,0.836,296.3,0.8359,599.9,0.8361,165.0,0.8362,412.9
1753546968605,16:22:48.605,ADA/USDT:USDT,0.836,310.1,0.8359,690.6,0.8361,151.5,0.8362,412.9
1753546969005,16:22:49.005,ADA/USDT:USDT,0.836,429.6,0.8359,726.6,0.8361,58.3,0.8362,172.0
1753546969505,16:22:49.505,ADA/USDT:USDT,0.836,458.6,0.8359,727.7,0.8361,50.1,0.8362,33.5
1753546969705,16:22:49.705,ADA/USDT:USDT,0.8362,382.7,0.8361,730.4,0.8363,222.3,0.8364,235.9
1753546969805,16:22:49.805,ADA/USDT:USDT,0.8362,397.1,0.8361,744.8,0.8363,221.5,0.8364,222.6
1753546969905,16:22:49.905,ADA/USDT:USDT,0.8362,375.4,0.8361,704.3,0.8363,221.5,0.8364,235.6
1753546970305,16:22:50.305,ADA/USDT:USDT,0.836,459.3,0.8359,748.6,0.8361,27.5,0.8362,514.9
1753546970505,16:22:50.505,ADA/USDT:USDT,0.836,494.2,0.8359,751.6,0.8361,56.6,0.8362,514.9
1753546970905,16:22:50.905,ADA/USDT:USDT,0.836,506.9,0.8359,730.8,0.8361,30.2,0.8362,508.4
1753546971105,16:22:51.105,ADA/USDT:USDT,0.836,434.4,0.8359,731.5,0.8361,59.3,0.8362,520.9
1753546971405,16:22:51.405,ADA/USDT:USDT,0.836,415.2,0.8359,734.1,0.8361,56.4,0.8362,330.2
1753546971505,16:22:51.505,ADA/USDT:USDT,0.836,394.1,0.8359,734.0,0.8361,56.6,0.8362,423.4
1753546971705,16:22:51.705,ADA/USDT:USDT,0.836,413.8,0.8359,734.0,0.8361,55.8,0.8362,423.5
1753546972105,16:22:52.105,ADA/USDT:USDT,0.836,402.4,0.8359,734.0,0.8361,56.6,0.8362,423.5
1753546972405,16:22:52.405,ADA/USDT:USDT,0.8361,190.4,0.836,577.8,0.8362,102.8,0.8363,596.3
1753546972505,16:22:52.505,ADA/USDT:USDT,0.8361,184.0,0.836,583.6,0.8362,39.4,0.8363,469.7
1753546972905,16:22:52.905,ADA/USDT:USDT,0.8361,177.7,0.836,693.2,0.8362,79.7,0.8363,469.7
1753546973005,16:22:53.005,ADA/USDT:USDT,0.8361,177.7,0.836,692.9,0.8362,79.7,0.8363,481.7
1753546973105,16:22:53.105,ADA/USDT:USDT,0.8361,177.7,0.836,692.9,0.8362,79.7,0.8363,481.7
1753546973205,16:22:53.205,ADA/USDT:USDT,0.8361,172.0,0.836,693.3,0.8362,79.6,0.8363,481.7
1753546973405,16:22:53.405,ADA/USDT:USDT,0.8361,190.8,0.836,687.0,0.8362,60.8,0.8363,469.7
1753546973505,16:22:53.505,ADA/USDT:USDT,0.8361,190.8,0.836,687.0,0.8362,39.3,0.8363,469.7
1753546973705,16:22:53.705,ADA/USDT:USDT,0.8361,190.8,0.836,687.0,0.8362,60.8,0.8363,469.7
1753546973805,16:22:53.805,ADA/USDT:USDT,0.8361,191.5,0.836,693.2,0.8362,60.0,0.8363,469.7
1753546973905,16:22:53.905,ADA/USDT:USDT,0.8361,191.5,0.836,693.2,0.8362,60.0,0.8363,469.7
1753546974005,16:22:54.005,ADA/USDT:USDT,0.8361,191.5,0.836,693.2,0.8362,60.0,0.8363,469.7
1753546974205,16:22:54.205,ADA/USDT:USDT,0.8363,430.4,0.8362,704.8,0.8364,145.6,0.8365,350.7
1753546974405,16:22:54.405,ADA/USDT:USDT,0.8363,239.4,0.8362,841.6,0.8364,126.5,0.8365,789.9
1753546974505,16:22:54.505,ADA/USDT:USDT,0.8363,281.7,0.8362,784.7,0.8364,76.6,0.8365,649.3
1753546974605,16:22:54.605,ADA/USDT:USDT,0.8363,258.9,0.8362,784.7,0.8364,76.6,0.8365,649.3
1753546974805,16:22:54.805,ADA/USDT:USDT,0.8363,281.7,0.8362,788.6,0.8364,76.6,0.8365,649.3
1753546975005,16:22:55.005,ADA/USDT:USDT,0.8363,281.7,0.8362,788.6,0.8364,76.6,0.8365,649.3
1753546975505,16:22:55.505,ADA/USDT:USDT,0.8363,281.9,0.8362,788.6,0.8364,76.6,0.8365,582.0
1753546975605,16:22:55.605,ADA/USDT:USDT,0.8363,283.1,0.8362,788.6,0.8364,56.6,0.8365,582.0
1753546975805,16:22:55.805,ADA/USDT:USDT,0.8363,283.1,0.8362,788.6,0.8364,55.7,0.8365,582.0
1753546975905,16:22:55.905,ADA/USDT:USDT,0.8363,283.9,0.8362,788.6,0.8364,55.7,0.8365,582.0
1753546976105,16:22:56.105,ADA/USDT:USDT,0.8363,284.2,0.8362,788.6,0.8364,55.7,0.8365,582.0
1753546976205,16:22:56.205,ADA/USDT:USDT,0.8363,291.1,0.8362,788.6,0.8364,77.9,0.8365,582.1
1753546976305,16:22:56.305,ADA/USDT:USDT,0.8363,291.1,0.8362,788.6,0.8364,77.9,0.8365,582.1
1753546976405,16:22:56.405,ADA/USDT:USDT,0.8363,291.7,0.8362,788.6,0.8364,55.0,0.8365,517.3
1753546976805,16:22:56.805,ADA/USDT:USDT,0.8363,256.0,0.8362,786.9,0.8364,103.1,0.8365,684.0
1753546977005,16:22:57.005,ADA/USDT:USDT,0.8363,289.9,0.8362,787.2,0.8364,51.5,0.8365,475.2
1753546977205,16:22:57.205,ADA/USDT:USDT,0.8363,322.6,0.8362,788.3,0.8364,53.5,0.8365,347.6
1753546977405,16:22:57.405,ADA/USDT:USDT,0.8364,329.6,0.8363,600.5,0.8365,78.7,0.8366,517.0
1753546977505,16:22:57.505,ADA/USDT:USDT,0.8364,329.6,0.8363,567.2,0.8365,78.7,0.8366,571.0
1753546977805,16:22:57.805,ADA/USDT:USDT,0.8364,279.9,0.8363,578.9,0.8365,150.8,0.8366,539.9
1753546977905,16:22:57.905,ADA/USDT:USDT,0.8364,279.9,0.8363,578.9,0.8365,150.6,0.8366,539.9
1753546978405,16:22:58.405,ADA/USDT:USDT,0.8364,228.1,0.8363,547.9,0.8365,149.8,0.8366,568.4
1753546978505,16:22:58.505,ADA/USDT:USDT,0.8364,228.4,0.8363,565.5,0.8365,149.8,0.8366,569.5
1753546978705,16:22:58.705,ADA/USDT:USDT,0.8364,228.4,0.8363,547.3,0.8365,149.8,0.8366,569.5
1753546978805,16:22:58.805,ADA/USDT:USDT,0.8364,228.4,0.8363,565.5,0.8365,149.8,0.8366,551.7
1753546979005,16:22:59.005,ADA/USDT:USDT,0.8364,228.4,0.8363,547.7,0.8365,150.9,0.8366,558.8
1753546979205,16:22:59.205,ADA/USDT:USDT,0.8364,228.4,0.8363,565.5,0.8365,150.9,0.8366,558.8
1753546979605,16:22:59.605,ADA/USDT:USDT,0.8364,228.4,0.8363,565.5,0.8365,150.9,0.8366,539.8
1753546979905,16:22:59.905,ADA/USDT:USDT,0.8364,247.4,0.8363,565.8,0.8365,149.0,0.8366,539.8
1753546980005,16:23:00.005,ADA/USDT:USDT,0.8364,229.6,0.8363,565.8,0.8365,149.0,0.8366,539.8
1753546980205,16:23:00.205,ADA/USDT:USDT,0.8364,18.1,0.8363,249.9,0.8365,280.5,0.8366,555.5
1753546980305,16:23:00.305,ADA/USDT:USDT,0.8364,18.1,0.8363,233.0,0.8365,280.5,0.8366,564.8
1753546980405,16:23:00.405,ADA/USDT:USDT,0.8364,18.3,0.8363,233.0,0.8365,253.4,0.8366,564.8
1753546980505,16:23:00.505,ADA/USDT:USDT,0.8364,18.3,0.8363,213.0,0.8365,253.4,0.8366,564.8
1753546980605,16:23:00.605,ADA/USDT:USDT,0.8364,18.6,0.8363,212.6,0.8365,260.6,0.8366,564.8
1753546980705,16:23:00.705,ADA/USDT:USDT,0.8364,18.6,0.8363,212.6,0.8365,288.1,0.8366,568.4
1753546980905,16:23:00.905,ADA/USDT:USDT,0.8362,219.4,0.8361,625.1,0.8363,155.8,0.8364,767.8
1753546981005,16:23:01.005,ADA/USDT:USDT,0.8362,326.1,0.8361,636.1,0.8363,1.3,0.8364,305.1
1753546981105,16:23:01.105,ADA/USDT:USDT,0.8362,293.8,0.8361,518.1,0.8363,76.6,0.8364,409.8
1753546981305,16:23:01.305,ADA/USDT:USDT,0.8363,99.9,0.8362,512.1,0.8364,154.8,0.8365,608.3
1753546981705,16:23:01.705,ADA/USDT:USDT,0.8363,13.6,0.8362,283.6,0.8364,267.5,0.8365,608.6
1753546981805,16:23:01.805,ADA/USDT:USDT,0.8363,64.9,0.8362,476.2,0.8364,222.4,0.8365,608.6
1753546982205,16:23:02.205,ADA/USDT:USDT,0.8359,21.5,0.8358,50.6,0.836,407.6,0.8361,1071.9
1753546982405,16:23:02.405,ADA/USDT:USDT,0.8359,161.8,0.8358,274.5,0.836,223.0,0.8361,735.6
1753546982605,16:23:02.605,ADA/USDT:USDT,0.8359,161.9,0.8358,241.5,0.836,195.4,0.8361,768.5
1753546982805,16:23:02.805,ADA/USDT:USDT,0.8359,161.9,0.8358,295.3,0.836,188.5,0.8361,714.7
1753546982905,16:23:02.905,ADA/USDT:USDT,0.836,173.7,0.8359,434.9,0.8361,101.6,0.8362,883.2
1753546983105,16:23:03.105,ADA/USDT:USDT,0.836,261.9,0.8359,408.2,0.8361,35.1,0.8362,405.5
1753546983205,16:23:03.205,ADA/USDT:USDT,0.836,241.7,0.8359,535.8,0.8361,56.6,0.8362,779.0
1753546983405,16:23:03.405,ADA/USDT:USDT,0.836,303.2,0.8359,569.4,0.8361,35.1,0.8362,412.4
1753546983505,16:23:03.505,ADA/USDT:USDT,0.836,243.4,0.8359,535.8,0.8361,56.6,0.8362,622.5
1753546983605,16:23:03.605,ADA/USDT:USDT,0.836,12.4,0.8359,206.3,0.8361,221.9,0.8362,771.9
1753546983705,16:23:03.705,ADA/USDT:USDT,0.836,12.4,0.8359,185.6,0.8361,221.9,0.8362,771.9
1753546983805,16:23:03.805,ADA/USDT:USDT,0.836,0.2,0.8359,91.3,0.8361,255.5,0.8362,779.1
1753546984305,16:23:04.305,ADA/USDT:USDT,0.8358,29.3,0.8357,288.4,0.8359,770.0,0.836,804.4
1753546984405,16:23:04.405,ADA/USDT:USDT,0.8358,29.3,0.8357,335.2,0.8359,769.4,0.836,836.8
1753546984505,16:23:04.505,ADA/USDT:USDT,0.8358,433.8,0.8357,387.0,0.8359,38.1,0.836,240.8
1753546984605,16:23:04.605,ADA/USDT:USDT,0.8358,433.8,0.8357,474.0,0.8359,31.2,0.836,290.7
1753546984705,16:23:04.705,ADA/USDT:USDT,0.8359,362.7,0.8358,494.3,0.836,76.7,0.8361,582.6
1753546985305,16:23:05.305,ADA/USDT:USDT,0.8359,361.1,0.8358,493.9,0.836,56.6,0.8361,676.1
1753546985505,16:23:05.505,ADA/USDT:USDT,0.8359,289.0,0.8358,474.5,0.836,79.8,0.8361,723.6
1753546985905,16:23:05.905,ADA/USDT:USDT,0.8359,200.6,0.8358,474.1,0.836,151.0,0.8361,723.9
1753546986005,16:23:06.005,ADA/USDT:USDT,0.8359,200.3,0.8358,474.1,0.836,151.0,0.8361,723.9
1753546986105,16:23:06.105,ADA/USDT:USDT,0.8359,260.7,0.8358,513.8,0.836,60.2,0.8361,676.2
1753546986205,16:23:06.205,ADA/USDT:USDT,0.836,121.4,0.8359,364.0,0.8361,57.0,0.8362,366.1
1753546986605,16:23:06.605,ADA/USDT:USDT,0.8361,459.6,0.836,522.6,0.8362,0.4,0.8363,417.2
1753546987305,16:23:07.305,ADA/USDT:USDT,0.8362,293.7,0.8361,549.7,0.8363,34.4,0.8364,614.0
1753546987805,16:23:07.805,ADA/USDT:USDT,0.8363,546.8,0.8362,495.7,0.8364,43.7,0.8365,300.5
1753546987905,16:23:07.905,ADA/USDT:USDT,0.8363,527.1,0.8362,495.7,0.8364,39.5,0.8365,300.5
1753546988305,16:23:08.305,ADA/USDT:USDT,0.8363,219.9,0.8362,494.3,0.8364,45.3,0.8365,665.7
1753546988405,16:23:08.405,ADA/USDT:USDT,0.8363,225.6,0.8362,494.3,0.8364,71.7,0.8365,350.7
1753546988505,16:23:08.505,ADA/USDT:USDT,0.8363,225.6,0.8362,493.9,0.8364,71.7,0.8365,397.5
1753546988805,16:23:08.805,ADA/USDT:USDT,0.8363,226.6,0.8362,502.1,0.8364,70.3,0.8365,350.7
1753546988905,16:23:08.905,ADA/USDT:USDT,0.8363,226.6,0.8362,481.3,0.8364,70.3,0.8365,397.5
1753546989305,16:23:09.305,ADA/USDT:USDT,0.8363,231.0,0.8362,503.6,0.8364,10.3,0.8365,350.7
1753546989405,16:23:09.405,ADA/USDT:USDT,0.8363,264.6,0.8362,503.6,0.8364,10.3,0.8365,350.7
1753546989805,16:23:09.805,ADA/USDT:USDT,0.8363,225.0,0.8362,479.3,0.8364,86.7,0.8365,430.0
1753546989905,16:23:09.905,ADA/USDT:USDT,0.8363,225.0,0.8362,500.1,0.8364,86.7,0.8365,735.7
1753546990005,16:23:10.005,ADA/USDT:USDT,0.8363,225.0,0.8362,466.8,0.8364,109.8,0.8365,735.7
1753546990405,16:23:10.405,ADA/USDT:USDT,0.8363,324.5,0.8362,502.5,0.8364,10.3,0.8365,58.1
1753546991005,16:23:11.005,ADA/USDT:USDT,0.8364,577.0,0.8363,436.5,0.8365,29.5,0.8366,226.8
1753546991205,16:23:11.205,ADA/USDT:USDT,0.8364,474.5,0.8363,414.0,0.8365,64.4,0.8366,507.3
1753546991505,16:23:11.505,ADA/USDT:USDT,0.8364,513.0,0.8363,434.5,0.8365,42.5,0.8366,326.9
1753546991705,16:23:11.705,ADA/USDT:USDT,0.8364,573.4,0.8363,435.8,0.8365,7.6,0.8366,326.9
1753546992205,16:23:12.205,ADA/USDT:USDT,0.8364,415.8,0.8363,434.7,0.8365,67.0,0.8366,614.8
1753546992305,16:23:12.305,ADA/USDT:USDT,0.8364,249.8,0.8363,415.0,0.8365,133.2,0.8366,568.8
1753546992905,16:23:12.905,ADA/USDT:USDT,0.8364,137.4,0.8363,355.9,0.8365,121.7,0.8366,557.9
1753546993205,16:23:13.205,ADA/USDT:USDT,0.8364,206.7,0.8363,410.6,0.8365,61.4,0.8366,418.9
1753546993905,16:23:13.905,ADA/USDT:USDT,0.8364,292.3,0.8363,410.2,0.8365,39.9,0.8366,556.8
1753546994005,16:23:14.005,ADA/USDT:USDT,0.8364,232.9,0.8363,410.2,0.8365,39.7,0.8366,557.2
1753546994205,16:23:14.205,ADA/USDT:USDT,0.8364,159.4,0.8363,389.8,0.8365,121.6,0.8366,597.6
1753546994305,16:23:14.305,ADA/USDT:USDT,0.8364,159.4,0.8363,410.2,0.8365,121.6,0.8366,577.2
1753546994405,16:23:14.405,ADA/USDT:USDT,0.8364,161.8,0.8363,410.2,0.8365,121.6,0.8366,577.2
1753546994505,16:23:14.505,ADA/USDT:USDT,0.8364,163.9,0.8363,410.2,0.8365,121.6,0.8366,577.2
1753546995005,16:23:15.005,ADA/USDT:USDT,0.8364,233.8,0.8363,410.5,0.8365,39.9,0.8366,261.1
1753546995205,16:23:15.205,ADA/USDT:USDT,0.8364,201.1,0.8363,410.6,0.8365,39.9,0.8366,613.7
1753546995505,16:23:15.505,ADA/USDT:USDT,0.8364,202.3,0.8363,422.5,0.8365,41.8,0.8366,589.2
1753546995805,16:23:15.805,ADA/USDT:USDT,0.8364,202.3,0.8363,402.1,0.8365,41.8,0.8366,609.6
1753546995905,16:23:15.905,ADA/USDT:USDT,0.8364,198.8,0.8363,422.5,0.8365,63.3,0.8366,578.0
1753546996005,16:23:16.005,ADA/USDT:USDT,0.8364,196.5,0.8363,422.5,0.8365,63.3,0.8366,578.0
1753546996105,16:23:16.105,ADA/USDT:USDT,0.8364,197.1,0.8363,429.7,0.8365,40.5,0.8366,600.6
1753546996205,16:23:16.205,ADA/USDT:USDT,0.8364,233.2,0.8363,430.0,0.8365,40.5,0.8366,600.6
1753546996305,16:23:16.305,ADA/USDT:USDT,0.8364,205.5,0.8363,409.3,0.8365,73.9,0.8366,612.3
1753546996505,16:23:16.505,ADA/USDT:USDT,0.8364,204.9,0.8363,428.8,0.8365,62.0,0.8366,612.3
1753546996605,16:23:16.605,ADA/USDT:USDT,0.8363,0.2,0.8362,234.3,0.8364,747.4,0.8365,731.9
1753546996805,16:23:16.805,ADA/USDT:USDT,0.8362,73.9,0.8361,417.8,0.8363,189.0,0.8364,1014.8
1753546996905,16:23:16.905,ADA/USDT:USDT,0.8362,460.3,0.8361,476.6,0.8363,67.3,0.8364,628.6
1753546997305,16:23:17.305,ADA/USDT:USDT,0.8364,237.0,0.8363,500.3,0.8365,175.5,0.8366,567.1
1753546997405,16:23:17.405,ADA/USDT:USDT,0.8364,180.2,0.8363,426.7,0.8365,185.5,0.8366,586.2
1753546998005,16:23:18.005,ADA/USDT:USDT,0.8364,212.2,0.8363,457.6,0.8365,197.4,0.8366,567.1
1753546998305,16:23:18.305,ADA/USDT:USDT,0.8364,197.0,0.8363,457.9,0.8365,124.0,0.8366,387.4
1753546998405,16:23:18.405,ADA/USDT:USDT,0.8364,177.3,0.8363,457.9,0.8365,145.6,0.8366,566.3
1753546998505,16:23:18.505,ADA/USDT:USDT,0.8364,177.3,0.8363,457.9,0.8365,145.6,0.8366,639.2
1753546998605,16:23:18.605,ADA/USDT:USDT,0.8364,177.3,0.8363,458.0,0.8365,77.4,0.8366,594.4
1753546998905,16:23:18.905,ADA/USDT:USDT,0.8364,138.7,0.8363,415.2,0.8365,147.6,0.8366,628.5
1753546999005,16:23:19.005,ADA/USDT:USDT,0.8364,166.3,0.8363,448.9,0.8365,99.4,0.8366,594.8
1753546999605,16:23:19.605,ADA/USDT:USDT,0.8364,134.9,0.8363,449.2,0.8365,98.5,0.8366,594.4
1753546999805,16:23:19.805,ADA/USDT:USDT,0.8364,137.4,0.8363,449.2,0.8365,76.5,0.8366,594.8
1753546999905,16:23:19.905,ADA/USDT:USDT,0.8364,171.1,0.8363,449.2,0.8365,76.5,0.8366,594.8
1753547000505,16:23:20.505,ADA/USDT:USDT,0.8364,271.5,0.8363,467.2,0.8365,66.1,0.8366,614.1
1753547000605,16:23:20.605,ADA/USDT:USDT,0.8364,271.5,0.8363,467.2,0.8365,46.2,0.8366,574.5
1753547001105,16:23:21.105,ADA/USDT:USDT,0.8364,271.5,0.8363,466.1,0.8365,75.3,0.8366,574.9
1753547001205,16:23:21.205,ADA/USDT:USDT,0.8364,270.9,0.8363,466.1,0.8365,75.3,0.8366,596.0
1753547001305,16:23:21.305,ADA/USDT:USDT,0.8364,276.1,0.8363,466.1,0.8365,75.3,0.8366,628.6
1753547001505,16:23:21.505,ADA/USDT:USDT,0.8364,160.6,0.8363,430.3,0.8365,197.3,0.8366,628.9
1753547002005,16:23:22.005,ADA/USDT:USDT,0.8364,206.7,0.8363,471.0,0.8365,73.6,0.8366,159.3
1753547002305,16:23:22.305,ADA/USDT:USDT,0.8364,208.1,0.8363,470.7,0.8365,73.6,0.8366,608.9
1753547002505,16:23:22.505,ADA/USDT:USDT,0.8364,205.6,0.8363,469.7,0.8365,73.6,0.8366,608.9
1753547002705,16:23:22.705,ADA/USDT:USDT,0.8365,216.3,0.8364,422.8,0.8366,120.6,0.8367,596.7
1753547003305,16:23:23.305,ADA/USDT:USDT,0.8364,106.3,0.8363,441.0,0.8365,553.5,0.8366,831.9
1753547003405,16:23:23.405,ADA/USDT:USDT,0.8364,419.3,0.8363,455.9,0.8365,1.2,0.8366,170.8
1753547003705,16:23:23.705,ADA/USDT:USDT,0.8364,432.3,0.8363,467.7,0.8365,57.8,0.8366,581.1
1753547004005,16:23:24.005,ADA/USDT:USDT,0.8364,433.0,0.8363,468.7,0.8365,30.5,0.8366,356.0
1753547005105,16:23:25.105,ADA/USDT:USDT,0.8364,101.9,0.8363,418.6,0.8365,170.6,0.8366,655.2
1753547005305,16:23:25.305,ADA/USDT:USDT,0.8364,89.8,0.8363,418.6,0.8365,159.5,0.8366,655.2
1753547005605,16:23:25.605,ADA/USDT:USDT,0.8364,13.1,0.8363,144.0,0.8365,256.1,0.8366,663.3
1753547006205,16:23:26.205,ADA/USDT:USDT,0.8363,37.9,0.8362,424.4,0.8364,707.7,0.8365,767.0
1753547006805,16:23:26.805,ADA/USDT:USDT,0.8363,418.8,0.8362,507.5,0.8364,0.2,0.8365,214.5
1753547006905,16:23:26.905,ADA/USDT:USDT,0.8364,56.6,0.8363,573.8,0.8365,195.2,0.8366,595.4
1753547007005,16:23:27.005,ADA/USDT:USDT,0.8364,171.8,0.8363,596.1,0.8365,145.5,0.8366,595.4
1753547007205,16:23:27.205,ADA/USDT:USDT,0.8364,136.1,0.8363,590.0,0.8365,145.5,0.8366,619.5
1753547007305,16:23:27.305,ADA/USDT:USDT,0.8364,99.5,0.8363,590.0,0.8365,145.5,0.8366,655.2
1753547007505,16:23:27.505,ADA/USDT:USDT,0.8364,99.5,0.8363,590.0,0.8365,145.6,0.8366,655.2
1753547007705,16:23:27.705,ADA/USDT:USDT,0.8364,119.5,0.8363,590.0,0.8365,100.9,0.8366,654.8
1753547008005,16:23:28.005,ADA/USDT:USDT,0.8364,100.9,0.8363,590.0,0.8365,120.1,0.8366,632.5
1753547008105,16:23:28.105,ADA/USDT:USDT,0.8364,100.9,0.8363,590.0,0.8365,120.1,0.8366,654.8
1753547008205,16:23:28.205,ADA/USDT:USDT,0.8364,100.9,0.8363,590.0,0.8365,132.0,0.8366,654.8
1753547008705,16:23:28.705,ADA/USDT:USDT,0.8364,100.9,0.8363,554.3,0.8365,132.0,0.8366,654.8
1753547008805,16:23:28.805,ADA/USDT:USDT,0.8364,123.2,0.8363,590.3,0.8365,131.6,0.8366,619.1
1753547009205,16:23:29.205,ADA/USDT:USDT,0.8364,120.9,0.8363,590.0,0.8365,132.0,0.8366,654.8
1753547009705,16:23:29.705,ADA/USDT:USDT,0.8362,0.4,0.8361,240.0,0.8363,314.5,0.8364,898.8
1753547010105,16:23:30.105,ADA/USDT:USDT,0.8362,41.2,0.8361,363.0,0.8363,218.7,0.8364,876.8
1753547010405,16:23:30.405,ADA/USDT:USDT,0.8362,63.3,0.8361,362.7,0.8363,199.2,0.8364,897.7
1753547010605,16:23:30.605,ADA/USDT:USDT,0.8362,63.3,0.8361,362.7,0.8363,199.2,0.8364,897.7
1753547010705,16:23:30.705,ADA/USDT:USDT,0.8362,4.0,0.8361,228.0,0.8363,271.6,0.8364,898.0
1753547010905,16:23:30.905,ADA/USDT:USDT,0.8362,160.1,0.8361,384.5,0.8363,177.6,0.8364,864.1
1753547011005,16:23:31.005,ADA/USDT:USDT,0.8362,166.2,0.8361,384.5,0.8363,104.5,0.8364,864.1
1753547011405,16:23:31.405,ADA/USDT:USDT,0.8362,138.7,0.8361,384.2,0.8363,104.5,0.8364,897.7
1753547011705,16:23:31.705,ADA/USDT:USDT,0.8362,264.0,0.8361,385.6,0.8363,56.6,0.8364,678.1
1753547012005,16:23:32.005,ADA/USDT:USDT,0.8362,265.3,0.8361,385.6,0.8363,35.0,0.8364,825.5
1753547012105,16:23:32.105,ADA/USDT:USDT,0.8362,265.3,0.8361,385.6,0.8363,35.0,0.8364,825.5
1753547012505,16:23:32.505,ADA/USDT:USDT,0.8362,141.1,0.8361,385.3,0.8363,56.5,0.8364,859.1
1753547012705,16:23:32.705,ADA/USDT:USDT,0.8362,141.1,0.8361,351.7,0.8363,78.8,0.8364,858.7
1753547013205,16:23:33.205,ADA/USDT:USDT,0.8362,140.0,0.8361,385.3,0.8363,127.9,0.8364,858.4
1753547013705,16:23:33.705,ADA/USDT:USDT,0.8361,6.3,0.836,375.6,0.8362,656.9,0.8363,568.7
1753547014805,16:23:34.805,ADA/USDT:USDT,0.8361,251.9,0.836,543.8,0.8362,80.3,0.8363,570.1
1753547015005,16:23:35.005,ADA/USDT:USDT,0.8361,253.0,0.836,544.9,0.8362,59.0,0.8363,529.4
1753547015105,16:23:35.105,ADA/USDT:USDT,0.8361,253.0,0.836,544.9,0.8362,63.1,0.8363,529.4
1753547015205,16:23:35.205,ADA/USDT:USDT,0.8361,253.0,0.836,544.9,0.8362,63.1,0.8363,570.1
1753547015505,16:23:35.505,ADA/USDT:USDT,0.8361,218.2,0.836,524.4,0.8362,63.2,0.8363,603.1
1753547015705,16:23:35.705,ADA/USDT:USDT,0.8361,164.8,0.836,551.3,0.8362,54.6,0.8363,602.8
1753547016105,16:23:36.105,ADA/USDT:USDT,0.8361,199.1,0.836,544.8,0.8362,103.7,0.8363,570.1
1753547016305,16:23:36.305,ADA/USDT:USDT,0.8361,199.1,0.836,544.8,0.8362,103.7,0.8363,570.1
1753547017005,16:23:37.005,ADA/USDT:USDT,0.8361,212.4,0.836,544.8,0.8362,83.8,0.8363,570.1
1753547017305,16:23:37.305,ADA/USDT:USDT,0.8361,245.3,0.836,543.7,0.8362,61.9,0.8363,570.1
1753547017405,16:23:37.405,ADA/USDT:USDT,0.8361,251.6,0.836,576.4,0.8362,6.0,0.8363,46.7
1753547017705,16:23:37.705,ADA/USDT:USDT,0.8361,165.2,0.836,563.0,0.8362,75.0,0.8363,524.1
1753547017805,16:23:37.805,ADA/USDT:USDT,0.8361,251.3,0.836,563.3,0.8362,17.3,0.8363,74.8
1753547017905,16:23:37.905,ADA/USDT:USDT,0.8361,252.2,0.836,568.9,0.8362,17.3,0.8363,72.9
1753547018305,16:23:38.305,ADA/USDT:USDT,0.8361,253.7,0.836,570.5,0.8362,17.2,0.8363,72.9
1753547018505,16:23:38.505,ADA/USDT:USDT,0.8361,253.7,0.836,567.0,0.8362,19.5,0.8363,84.8
1753547018905,16:23:38.905,ADA/USDT:USDT,0.8361,221.0,0.836,566.6,0.8362,19.5,0.8363,252.7
1753547019005,16:23:39.005,ADA/USDT:USDT,0.8361,253.7,0.836,565.6,0.8362,19.5,0.8363,84.8
1753547019105,16:23:39.105,ADA/USDT:USDT,0.8361,254.0,0.836,574.8,0.8362,15.8,0.8363,84.8
1753547019205,16:23:39.205,ADA/USDT:USDT,0.8361,200.6,0.836,600.2,0.8362,16.5,0.8363,84.8
1753547019305,16:23:39.305,ADA/USDT:USDT,0.8361,200.6,0.836,576.3,0.8362,16.5,0.8363,179.4
1753547019505,16:23:39.505,ADA/USDT:USDT,0.8361,200.3,0.836,576.3,0.8362,22.5,0.8363,274.0
1753547019705,16:23:39.705,ADA/USDT:USDT,0.8361,167.6,0.836,576.0,0.8362,22.6,0.8363,179.4
1753547020005,16:23:40.005,ADA/USDT:USDT,0.8362,427.7,0.8361,307.6,0.8363,11.9,0.8364,238.5
1753547020205,16:23:40.205,ADA/USDT:USDT,0.8362,304.3,0.8361,305.9,0.8363,81.5,0.8364,667.7
1753547020405,16:23:40.405,ADA/USDT:USDT,0.8362,270.3,0.8361,283.6,0.8363,180.8,0.8364,667.7
1753547020705,16:23:40.705,ADA/USDT:USDT,0.8362,76.5,0.8361,235.4,0.8363,298.2,0.8364,814.4
1753547020805,16:23:40.805,ADA/USDT:USDT,0.8362,76.5,0.8361,212.4,0.8363,317.6,0.8364,874.2
1753547021005,16:23:41.005,ADA/USDT:USDT,0.8362,27.4,0.8361,130.9,0.8363,422.5,0.8364,814.8
1753547021305,16:23:41.305,ADA/USDT:USDT,0.8362,63.3,0.8361,253.9,0.8363,317.7,0.8364,815.6
1753547021505,16:23:41.505,ADA/USDT:USDT,0.8362,63.3,0.8361,253.9,0.8363,345.9,0.8364,815.9
1753547021605,16:23:41.605,ADA/USDT:USDT,0.8362,30.0,0.8361,253.5,0.8363,422.6,0.8364,815.9
1753547021905,16:23:41.905,ADA/USDT:USDT,0.8362,57.5,0.8361,253.5,0.8363,345.2,0.8364,856.7
1753547022505,16:23:42.505,ADA/USDT:USDT,0.8362,170.5,0.8361,297.9,0.8363,241.0,0.8364,769.4
1753547022705,16:23:42.705,ADA/USDT:USDT,0.8362,170.5,0.8361,298.3,0.8363,208.1,0.8364,769.4
1753547023005,16:23:43.005,ADA/USDT:USDT,0.8362,154.0,0.8361,298.4,0.8363,208.1,0.8364,769.4
1753547023705,16:23:43.705,ADA/USDT:USDT,0.8362,191.6,0.8361,305.9,0.8363,29.0,0.8364,570.5
1753547023805,16:23:43.805,ADA/USDT:USDT,0.8362,28.6,0.8361,136.7,0.8363,351.8,0.8364,587.4
1753547023905,16:23:43.905,ADA/USDT:USDT,0.8362,51.4,0.8361,136.6,0.8363,307.4,0.8364,587.4
1753547024105,16:23:44.105,ADA/USDT:USDT,0.8362,109.2,0.8361,212.0,0.8363,184.2,0.8364,184.3
1753547024405,16:23:44.405,ADA/USDT:USDT,0.8362,147.1,0.8361,275.3,0.8363,118.7,0.8364,156.7
1753547024905,16:23:44.905,ADA/USDT:USDT,0.8362,137.8,0.8361,258.9,0.8363,165.1,0.8364,540.9
1753547025005,16:23:45.005,ADA/USDT:USDT,0.8362,137.8,0.8361,258.9,0.8363,90.6,0.8364,446.2
1753547025405,16:23:45.405,ADA/USDT:USDT,0.8362,93.4,0.8361,253.1,0.8363,147.6,0.8364,541.0
1753547025505,16:23:45.505,ADA/USDT:USDT,0.8362,99.2,0.8361,253.1,0.8363,120.7,0.8364,541.0
1753547025805,16:23:45.805,ADA/USDT:USDT,0.8362,94.7,0.8361,296.1,0.8363,111.1,0.8364,272.8
1753547025905,16:23:45.905,ADA/USDT:USDT,0.8362,280.7,0.8361,304.6,0.8363,11.9,0.8364,68.2
1753547026205,16:23:46.205,ADA/USDT:USDT,0.8362,244.2,0.8361,306.5,0.8363,17.7,0.8364,68.2
1753547026405,16:23:46.405,ADA/USDT:USDT,0.8362,289.5,0.8361,306.5,0.8363,16.7,0.8364,68.2
1753547026905,16:23:46.905,ADA/USDT:USDT,0.8362,289.2,0.8361,306.5,0.8363,6.1,0.8364,68.2
1753547027005,16:23:47.005,ADA/USDT:USDT,0.8362,289.3,0.8361,306.5,0.8363,6.1,0.8364,68.2
1753547027105,16:23:47.105,ADA/USDT:USDT,0.8362,289.4,0.8361,306.5,0.8363,4.8,0.8364,68.2
1753547027305,16:23:47.305,ADA/USDT:USDT,0.8362,289.4,0.8361,307.6,0.8363,0.3,0.8364,68.2
1753547027405,16:23:47.405,ADA/USDT:USDT,0.8362,289.4,0.8361,307.6,0.8363,8.9,0.8364,68.2
1753547027505,16:23:47.505,ADA/USDT:USDT,0.8362,289.4,0.8361,307.6,0.8363,4.4,0.8364,68.2
1753547027805,16:23:47.805,ADA/USDT:USDT,0.8362,289.5,0.8361,307.6,0.8363,4.4,0.8364,68.2
1753547028105,16:23:48.105,ADA/USDT:USDT,0.8362,298.0,0.8361,352.3,0.8363,0.3,0.8364,40.9
1753547028305,16:23:48.305,ADA/USDT:USDT,0.8362,297.8,0.8361,351.2,0.8363,1.5,0.8364,40.8
1753547028405,16:23:48.405,ADA/USDT:USDT,0.8362,297.8,0.8361,351.2,0.8363,0.8,0.8364,40.8
1753547028505,16:23:48.505,ADA/USDT:USDT,0.8362,297.8,0.8361,351.2,0.8363,0.8,0.8364,40.8
1753547028605,16:23:48.605,ADA/USDT:USDT,0.8362,297.8,0.8361,351.2,0.8363,0.8,0.8364,40.8
1753547028905,16:23:48.905,ADA/USDT:USDT,0.8362,256.3,0.8361,351.2,0.8363,0.8,0.8364,40.8
1753547029305,16:23:49.305,ADA/USDT:USDT,0.8362,249.1,0.8361,348.9,0.8363,0.8,0.8364,68.7
1753547029805,16:23:49.805,ADA/USDT:USDT,0.8362,273.7,0.8361,348.9,0.8363,0.8,0.8364,68.7
1753547030005,16:23:50.005,ADA/USDT:USDT,0.8362,290.1,0.8361,348.9,0.8363,0.8,0.8364,68.7
1753547030105,16:23:50.105,ADA/USDT:USDT,0.8362,274.9,0.8361,344.1,0.8363,0.8,0.8364,68.7
1753547030405,16:23:50.405,ADA/USDT:USDT,0.8362,292.5,0.8361,343.8,0.8363,0.3,0.8364,68.7
1753547030505,16:23:50.505,ADA/USDT:USDT,0.8363,333.8,0.8362,418.2,0.8364,67.8,0.8365,730.2
1753547031105,16:23:51.105,ADA/USDT:USDT,0.8364,258.5,0.8363,418.8,0.8365,49.8,0.8366,347.6
1753547031205,16:23:51.205,ADA/USDT:USDT,0.8364,1.2,0.8363,122.1,0.8365,300.4,0.8366,796.1
1753547031405,16:23:51.405,ADA/USDT:USDT,0.8364,3.5,0.8363,65.2,0.8365,312.6,0.8366,797.7
1753547031605,16:23:51.605,ADA/USDT:USDT,0.8364,25.2,0.8363,210.1,0.8365,288.6,0.8366,758.4
1753547031705,16:23:51.705,ADA/USDT:USDT,0.8364,31.8,0.8363,233.8,0.8365,287.2,0.8366,758.4
1753547031805,16:23:51.805,ADA/USDT:USDT,0.8364,34.1,0.8363,233.8,0.8365,287.2,0.8366,758.4
1753547032005,16:23:52.005,ADA/USDT:USDT,0.8364,96.1,0.8363,210.1,0.8365,205.6,0.8366,781.7
1753547032205,16:23:52.205,ADA/USDT:USDT,0.8364,96.3,0.8363,230.1,0.8365,205.1,0.8366,758.4
1753547032605,16:23:52.605,ADA/USDT:USDT,0.8364,239.1,0.8363,278.2,0.8365,99.9,0.8366,769.6
1753547032705,16:23:52.705,ADA/USDT:USDT,0.8364,261.6,0.8363,278.5,0.8365,99.9,0.8366,769.6
1753547032905,16:23:52.905,ADA/USDT:USDT,0.8364,261.6,0.8363,278.5,0.8365,3.4,0.8366,359.1
1753547033205,16:23:53.205,ADA/USDT:USDT,0.8364,225.6,0.8363,278.1,0.8365,58.8,0.8366,805.6
1753547033805,16:23:53.805,ADA/USDT:USDT,0.8364,37.0,0.8363,182.6,0.8365,134.2,0.8366,806.8
1753547034505,16:23:54.505,ADA/USDT:USDT,0.8364,244.8,0.8363,298.4,0.8365,101.7,0.8366,769.6
1753547035105,16:23:55.105,ADA/USDT:USDT,0.8364,25.9,0.8363,262.1,0.8365,269.8,0.8366,806.0
1753547035205,16:23:55.205,ADA/USDT:USDT,0.8364,48.4,0.8363,262.1,0.8365,174.2,0.8366,806.0
1753547035305,16:23:55.305,ADA/USDT:USDT,0.8364,48.4,0.8363,262.1,0.8365,210.2,0.8366,805.7
1753547035505,16:23:55.505,ADA/USDT:USDT,0.8364,36.9,0.8363,262.1,0.8365,270.0,0.8366,806.0
1753547035605,16:23:55.605,ADA/USDT:USDT,0.8364,9.4,0.8363,138.7,0.8365,256.5,0.8366,806.0
1753547036205,16:23:56.205,ADA/USDT:USDT,0.8364,61.3,0.8363,298.1,0.8365,174.2,0.8366,793.4
1753547036305,16:23:56.305,ADA/USDT:USDT,0.8364,83.5,0.8363,298.4,0.8365,172.3,0.8366,769.7
1753547036405,16:23:56.405,ADA/USDT:USDT,0.8364,61.3,0.8363,297.1,0.8365,176.2,0.8366,804.7
1753547036705,16:23:56.705,ADA/USDT:USDT,0.8364,61.3,0.8363,250.1,0.8365,200.7,0.8366,804.7
1753547036905,16:23:56.905,ADA/USDT:USDT,0.8364,61.3,0.8363,250.1,0.8365,178.8,0.8366,804.7
1753547037305,16:23:57.305,ADA/USDT:USDT,0.8364,16.8,0.8363,126.7,0.8365,275.0,0.8366,808.3
1753547037605,16:23:57.605,ADA/USDT:USDT,0.8364,9.4,0.8363,174.2,0.8365,269.9,0.8366,808.3
1753547038705,16:23:58.705,ADA/USDT:USDT,0.8365,129.8,0.8364,434.7,0.8366,138.5,0.8367,660.1
1753547038805,16:23:58.805,ADA/USDT:USDT,0.8365,135.9,0.8364,457.7,0.8366,138.5,0.8367,673.9
1753547039105,16:23:59.105,ADA/USDT:USDT,0.8365,46.2,0.8364,327.0,0.8366,256.0,0.8367,674.2
1753547039505,16:23:59.505,ADA/USDT:USDT,0.8365,40.1,0.8364,422.0,0.8366,269.7,0.8367,674.2
1753547039705,16:23:59.705,ADA/USDT:USDT,0.8365,84.6,0.8364,457.6,0.8366,172.5,0.8367,673.9
1753547039905,16:23:59.905,ADA/USDT:USDT,0.8365,228.7,0.8364,457.9,0.8366,73.2,0.8367,368.6
1753547040005,16:24:00.005,ADA/USDT:USDT,0.8365,235.8,0.8364,458.0,0.8366,53.2,0.8367,226.1
1753547040305,16:24:00.305,ADA/USDT:USDT,0.8366,445.9,0.8365,414.2,0.8367,89.9,0.8368,242.8
1753547040505,16:24:00.505,ADA/USDT:USDT,0.8366,410.8,0.8365,402.8,0.8367,111.8,0.8368,568.4
1753547040605,16:24:00.605,ADA/USDT:USDT,0.8366,370.0,0.8365,366.0,0.8367,174.1,0.8368,590.7
1753547040805,16:24:00.805,ADA/USDT:USDT,0.8366,368.9,0.8365,364.9,0.8367,174.1,0.8368,631.6
1753547041205,16:24:01.205,ADA/USDT:USDT,0.8366,292.9,0.8365,387.2,0.8367,153.1,0.8368,618.4
1753547041505,16:24:01.505,ADA/USDT:USDT,0.8366,292.9,0.8365,364.9,0.8367,175.5,0.8368,577.5
1753547041805,16:24:01.805,ADA/USDT:USDT,0.8366,292.9,0.8365,387.2,0.8367,153.2,0.8368,618.4
1753547042105,16:24:02.105,ADA/USDT:USDT,0.8366,294.8,0.8365,387.2,0.8367,153.2,0.8368,577.5
1753547042205,16:24:02.205,ADA/USDT:USDT,0.8366,294.8,0.8365,359.2,0.8367,175.7,0.8368,577.8
1753547042405,16:24:02.405,ADA/USDT:USDT,0.8366,294.8,0.8365,381.5,0.8367,152.1,0.8368,577.5
1753547042505,16:24:02.505,ADA/USDT:USDT,0.8366,294.8,0.8365,359.2,0.8367,186.8,0.8368,577.8
1753547042905,16:24:02.905,ADA/USDT:USDT,0.8366,81.9,0.8365,403.4,0.8367,154.7,0.8368,555.2
1753547043005,16:24:03.005,ADA/USDT:USDT,0.8366,113.2,0.8365,403.4,0.8367,154.1,0.8368,576.5
1753547043305,16:24:03.305,ADA/USDT:USDT,0.8366,113.4,0.8365,403.2,0.8367,151.8,0.8368,576.9
1753547043805,16:24:03.805,ADA/USDT:USDT,0.8366,159.5,0.8365,399.1,0.8367,149.5,0.8368,555.2
1753547044105,16:24:04.105,ADA/USDT:USDT,0.8366,237.1,0.8365,413.6,0.8367,4.5,0.8368,153.9
1753547044205,16:24:04.205,ADA/USDT:USDT,0.8366,230.1,0.8365,413.4,0.8367,3.8,0.8368,80.4
1753547044405,16:24:04.405,ADA/USDT:USDT,0.8366,248.2,0.8365,413.4,0.8367,13.9,0.8368,60.4
1753547044505,16:24:04.505,ADA/USDT:USDT,0.8366,248.1,0.8365,413.4,0.8367,10.5,0.8368,60.4
1753547044605,16:24:04.605,ADA/USDT:USDT,0.8366,248.0,0.8365,413.4,0.8367,9.2,0.8368,60.4
1753547044805,16:24:04.805,ADA/USDT:USDT,0.8366,248.0,0.8365,413.4,0.8367,1.0,0.8368,60.4
1753547045005,16:24:05.005,ADA/USDT:USDT,0.8366,241.5,0.8365,414.5,0.8367,1.1,0.8368,155.6
1753547045505,16:24:05.505,ADA/USDT:USDT,0.8366,240.8,0.8365,414.5,0.8367,1.1,0.8368,155.6
1753547045605,16:24:05.605,ADA/USDT:USDT,0.8366,241.8,0.8365,414.5,0.8367,0.1,0.8368,155.0
1753547046205,16:24:06.205,ADA/USDT:USDT,0.8367,333.2,0.8366,416.9,0.8368,79.6,0.8369,362.4
1753547046705,16:24:06.705,ADA/USDT:USDT,0.8367,335.4,0.8366,412.9,0.8368,79.6,0.8369,362.4
1753547046805,16:24:06.805,ADA/USDT:USDT,0.8367,335.4,0.8366,412.9,0.8368,79.6,0.8369,374.5
1753547047305,16:24:07.305,ADA/USDT:USDT,0.8367,354.6,0.8366,450.7,0.8368,79.5,0.8369,361.0
1753547047405,16:24:07.405,ADA/USDT:USDT,0.8367,354.7,0.8366,450.6,0.8368,79.5,0.8369,361.0
1753547048005,16:24:08.005,ADA/USDT:USDT,0.8367,355.0,0.8366,450.6,0.8368,79.5,0.8369,360.7
1753547048205,16:24:08.205,ADA/USDT:USDT,0.8367,355.9,0.8366,450.0,0.8368,79.5,0.8369,360.7
1753547048305,16:24:08.305,ADA/USDT:USDT,0.8367,355.9,0.8366,449.9,0.8368,79.5,0.8369,360.7
1753547048605,16:24:08.605,ADA/USDT:USDT,0.8367,136.9,0.8366,400.8,0.8368,226.1,0.8369,381.2
1753547048805,16:24:08.805,ADA/USDT:USDT,0.8367,164.4,0.8366,401.1,0.8368,168.1,0.8369,367.8
1753547049205,16:24:09.205,ADA/USDT:USDT,0.8367,151.1,0.8366,411.2,0.8368,155.7,0.8369,381.0
1753547049405,16:24:09.405,ADA/USDT:USDT,0.8367,173.3,0.8366,405.1,0.8368,155.7,0.8369,367.8
1753547049605,16:24:09.605,ADA/USDT:USDT,0.8367,154.4,0.8366,404.8,0.8368,155.9,0.8369,381.4
1753547050005,16:24:10.005,ADA/USDT:USDT,0.8367,167.0,0.8366,405.1,0.8368,155.3,0.8369,367.8
1753547050305,16:24:10.305,ADA/USDT:USDT,0.8367,153.8,0.8366,403.3,0.8368,156.4,0.8369,367.8
1753547050705,16:24:10.705,ADA/USDT:USDT,0.8367,97.5,0.8366,403.3,0.8368,159.0,0.8369,380.8
1753547050805,16:24:10.805,ADA/USDT:USDT,0.8367,136.3,0.8366,403.6,0.8368,159.0,0.8369,367.8
1753547051205,16:24:11.205,ADA/USDT:USDT,0.8367,123.3,0.8366,402.9,0.8368,158.9,0.8369,382.4
1753547051305,16:24:11.305,ADA/USDT:USDT,0.8367,136.3,0.8366,402.9,0.8368,158.9,0.8369,381.3
1753547051405,16:24:11.405,ADA/USDT:USDT,0.8367,137.5,0.8366,403.2,0.8368,158.9,0.8369,368.3
1753547052105,16:24:12.105,ADA/USDT:USDT,0.8367,166.3,0.8366,403.0,0.8368,121.6,0.8369,367.8
1753547052205,16:24:12.205,ADA/USDT:USDT,0.8367,160.8,0.8366,403.3,0.8368,121.3,0.8369,367.8
1753547052505,16:24:12.505,ADA/USDT:USDT,0.8368,203.0,0.8367,345.4,0.8369,191.2,0.837,856.3
1753547052605,16:24:12.605,ADA/USDT:USDT,0.8368,203.0,0.8367,345.4,0.8369,191.2,0.837,856.3
1753547052805,16:24:12.805,ADA/USDT:USDT,0.8368,223.3,0.8367,339.8,0.8369,171.3,0.837,856.3
1753547053205,16:24:13.205,ADA/USDT:USDT,0.8368,203.9,0.8367,339.3,0.8369,193.7,0.837,857.4
1753547053305,16:24:13.305,ADA/USDT:USDT,0.8368,203.9,0.8367,339.4,0.8369,193.7,0.837,857.4
1753547053705,16:24:13.705,ADA/USDT:USDT,0.8368,131.2,0.8367,339.1,0.8369,193.7,0.837,857.4
1753547053905,16:24:13.905,ADA/USDT:USDT,0.8368,131.2,0.8367,339.1,0.8369,194.3,0.837,857.7
1753547054305,16:24:14.305,ADA/USDT:USDT,0.8368,171.2,0.8367,339.1,0.8369,182.4,0.837,857.4
1753547054405,16:24:14.405,ADA/USDT:USDT,0.8368,104.2,0.8367,339.1,0.8369,195.7,0.837,857.7
1753547055005,16:24:15.005,ADA/USDT:USDT,0.8368,40.1,0.8367,339.0,0.8369,195.7,0.837,858.1
1753547055405,16:24:15.405,ADA/USDT:USDT,0.8368,237.1,0.8367,562.8,0.8369,225.6,0.837,729.4
1753547055505,16:24:15.505,ADA/USDT:USDT,0.8368,195.6,0.8367,559.2,0.8369,225.6,0.837,729.5
1753547055705,16:24:15.705,ADA/USDT:USDT,0.8368,12.3,0.8367,149.1,0.8369,286.2,0.837,729.8
1753547055905,16:24:15.905,ADA/USDT:USDT,0.8368,83.5,0.8367,374.2,0.8369,162.1,0.837,741.5
1753547056005,16:24:16.005,ADA/USDT:USDT,0.8368,134.1,0.8367,374.2,0.8369,98.7,0.837,413.3
1753547056105,16:24:16.105,ADA/USDT:USDT,0.8368,134.1,0.8367,374.2,0.8369,98.7,0.837,462.0
1753547056705,16:24:16.705,ADA/USDT:USDT,0.8368,125.0,0.8367,397.7,0.8369,142.6,0.837,741.7
1753547056905,16:24:16.905,ADA/USDT:USDT,0.8368,137.5,0.8367,397.7,0.8369,142.6,0.837,741.7
1753547057005,16:24:17.005,ADA/USDT:USDT,0.8368,143.2,0.8367,398.1,0.8369,142.6,0.837,741.7
1753547057105,16:24:17.105,ADA/USDT:USDT,0.8368,143.2,0.8367,398.1,0.8369,143.6,0.837,741.7
1753547057505,16:24:17.505,ADA/USDT:USDT,0.8368,123.7,0.8367,400.6,0.8369,170.6,0.837,742.8
1753547057705,16:24:17.705,ADA/USDT:USDT,0.8368,238.1,0.8367,407.7,0.8369,2.4,0.837,298.0
1753547058005,16:24:18.005,ADA/USDT:USDT,0.8368,244.8,0.8367,414.7,0.8369,2.4,0.837,278.0
1753547058105,16:24:18.105,ADA/USDT:USDT,0.8368,250.5,0.8367,414.4,0.8369,2.4,0.837,278.0
1753547058205,16:24:18.205,ADA/USDT:USDT,0.8368,250.5,0.8367,414.4,0.8369,2.4,0.837,278.0
1753547058405,16:24:18.405,ADA/USDT:USDT,0.8369,259.0,0.8368,245.1,0.837,113.6,0.8371,339.5
1753547058605,16:24:18.605,ADA/USDT:USDT,0.8369,207.6,0.8368,242.3,0.837,169.7,0.8371,615.3
1753547058705,16:24:18.705,ADA/USDT:USDT,0.8369,243.1,0.8368,242.3,0.837,169.7,0.8371,579.2
1753547058805,16:24:18.805,ADA/USDT:USDT,0.8369,215.3,0.8368,242.3,0.837,169.7,0.8371,601.3
1753547058905,16:24:18.905,ADA/USDT:USDT,0.8369,238.1,0.8368,242.3,0.837,147.6,0.8371,579.2
1753547059105,16:24:19.105,ADA/USDT:USDT,0.8369,238.2,0.8368,242.7,0.837,144.7,0.8371,579.2
1753547059205,16:24:19.205,ADA/USDT:USDT,0.8369,238.1,0.8368,242.3,0.837,110.7,0.8371,579.2
1753547059405,16:24:19.405,ADA/USDT:USDT,0.8369,238.1,0.8368,242.3,0.837,82.1,0.8371,579.2
1753547059605,16:24:19.605,ADA/USDT:USDT,0.837,0.3,0.8369,54.9,0.8371,250.4,0.8372,715.9
1753547060005,16:24:20.005,ADA/USDT:USDT,0.8368,174.1,0.8367,321.8,0.8369,101.3,0.837,654.1
1753547060305,16:24:20.305,ADA/USDT:USDT,0.8368,77.4,0.8367,311.1,0.8369,132.9,0.837,688.0
1753547060405,16:24:20.405,ADA/USDT:USDT,0.8368,77.3,0.8367,311.1,0.8369,134.3,0.837,688.0
1753547060505,16:24:20.505,ADA/USDT:USDT,0.8368,169.3,0.8367,348.2,0.8369,88.6,0.837,506.8
1753547060805,16:24:20.805,ADA/USDT:USDT,0.8368,106.5,0.8367,341.5,0.8369,88.6,0.837,578.2
1753547060905,16:24:20.905,ADA/USDT:USDT,0.8368,107.0,0.8367,341.5,0.8369,88.6,0.837,604.9
1753547061105,16:24:21.105,ADA/USDT:USDT,0.8368,87.1,0.8367,314.8,0.8369,109.5,0.837,620.9
1753547061605,16:24:21.605,ADA/USDT:USDT,0.8368,82.0,0.8367,314.4,0.8369,116.6,0.837,622.1
1753547062005,16:24:22.005,ADA/USDT:USDT,0.8368,10.5,0.8367,154.6,0.8369,239.6,0.837,622.1
1753547062305,16:24:22.305,ADA/USDT:USDT,0.8367,5.9,0.8366,195.9,0.8368,686.9,0.8369,160.4
1753547062505,16:24:22.505,ADA/USDT:USDT,0.8367,0.1,0.8366,56.4,0.8368,686.9,0.8369,171.0
1753547062705,16:24:22.705,ADA/USDT:USDT,0.8367,0.1,0.8366,56.3,0.8368,697.4,0.8369,171.0
1753547062805,16:24:22.805,ADA/USDT:USDT,0.8367,0.1,0.8366,56.4,0.8368,670.9,0.8369,154.7
1753547062905,16:24:22.905,ADA/USDT:USDT,0.8367,0.1,0.8366,56.4,0.8368,697.4,0.8369,170.9
1753547063005,16:24:23.005,ADA/USDT:USDT,0.8367,22.3,0.8366,157.6,0.8368,685.8,0.8369,169.5
1753547063205,16:24:23.205,ADA/USDT:USDT,0.8367,58.2,0.8366,181.0,0.8368,599.0,0.8369,153.6
1753547063505,16:24:23.505,ADA/USDT:USDT,0.8367,58.2,0.8366,181.0,0.8368,563.2,0.8369,168.0
1753547063905,16:24:23.905,ADA/USDT:USDT,0.8367,184.1,0.8366,313.1,0.8368,47.5,0.8369,110.1
1753547064005,16:24:24.005,ADA/USDT:USDT,0.8367,184.1,0.8366,313.1,0.8368,69.0,0.8369,110.1
1753547064205,16:24:24.205,ADA/USDT:USDT,0.8367,168.0,0.8366,287.2,0.8368,69.0,0.8369,201.0
1753547064605,16:24:24.605,ADA/USDT:USDT,0.8367,209.4,0.8366,313.4,0.8368,69.2,0.8369,174.8
1753547064805,16:24:24.805,ADA/USDT:USDT,0.8367,210.0,0.8366,313.4,0.8368,69.2,0.8369,109.8
1753547064905,16:24:24.905,ADA/USDT:USDT,0.8367,210.9,0.8366,313.4,0.8368,69.2,0.8369,109.8
1753547065505,16:24:25.505,ADA/USDT:USDT,0.8367,152.4,0.8366,313.1,0.8368,51.8,0.8369,135.7
1753547066105,16:24:26.105,ADA/USDT:USDT,0.8367,4.3,0.8366,56.4,0.8368,319.8,0.8369,165.4
1753547066305,16:24:26.305,ADA/USDT:USDT,0.8367,4.3,0.8366,56.4,0.8368,245.9,0.8369,167.6
1753547066405,16:24:26.405,ADA/USDT:USDT,0.8367,4.3,0.8366,56.4,0.8368,323.2,0.8369,167.6
1753547066905,16:24:26.905,ADA/USDT:USDT,0.8367,111.6,0.8366,310.2,0.8368,197.5,0.8369,118.0
1753547067405,16:24:27.405,ADA/USDT:USDT,0.8367,149.3,0.8366,310.3,0.8368,157.7,0.8369,109.8
1753547067505,16:24:27.505,ADA/USDT:USDT,0.8367,145.5,0.8366,309.9,0.8368,176.3,0.8369,150.0
1753547068005,16:24:28.005,ADA/USDT:USDT,0.8367,180.3,0.8366,310.2,0.8368,150.4,0.8369,109.8
1753547068105,16:24:28.105,ADA/USDT:USDT,0.8367,180.3,0.8366,310.2,0.8368,150.4,0.8369,109.8
1753547068205,16:24:28.205,ADA/USDT:USDT,0.8367,140.1,0.8366,309.9,0.8368,179.6,0.8369,134.9
1753547068305,16:24:28.305,ADA/USDT:USDT,0.8367,154.2,0.8366,309.9,0.8368,184.4,0.8369,109.8
1753547068405,16:24:28.405,ADA/USDT:USDT,0.8367,179.3,0.8366,309.9,0.8368,184.4,0.8369,109.8
1753547068805,16:24:28.805,ADA/USDT:USDT,0.8367,179.3,0.8366,312.8,0.8368,184.3,0.8369,109.8
1753547069105,16:24:29.105,ADA/USDT:USDT,0.8367,186.5,0.8366,320.2,0.8368,105.5,0.8369,89.9
1753547069405,16:24:29.405,ADA/USDT:USDT,0.8367,186.2,0.8366,320.2,0.8368,100.1,0.8369,89.9
1753547069505,16:24:29.505,ADA/USDT:USDT,0.8367,186.5,0.8366,332.0,0.8368,100.1,0.8369,83.9
1753547071805,16:24:31.805,ADA/USDT:USDT,0.8367,204.8,0.8366,653.9,0.8368,82.8,0.8369,259.5
1753547072205,16:24:32.205,ADA/USDT:USDT,0.8368,0.1,0.8367,77.2,0.8369,591.9,0.837,829.5
1753547073405,16:24:33.405,ADA/USDT:USDT,0.8368,192.5,0.8367,458.4,0.8369,123.9,0.837,734.1
1753547073605,16:24:33.605,ADA/USDT:USDT,0.8368,193.2,0.8367,458.4,0.8369,101.7,0.837,708.9
1753547073705,16:24:33.705,ADA/USDT:USDT,0.8368,193.2,0.8367,458.8,0.8369,101.7,0.837,708.9
1753547074305,16:24:34.305,ADA/USDT:USDT,0.8369,60.7,0.8368,346.2,0.837,161.9,0.8371,600.0
1753547074805,16:24:34.805,ADA/USDT:USDT,0.8369,76.3,0.8368,300.9,0.837,163.0,0.8371,624.8
1753547074905,16:24:34.905,ADA/USDT:USDT,0.8369,76.9,0.8368,300.9,0.837,163.0,0.8371,624.8
1753547075005,16:24:35.005,ADA/USDT:USDT,0.8369,76.9,0.8368,324.7,0.837,163.0,0.8371,624.8
1753547075105,16:24:35.105,ADA/USDT:USDT,0.8369,96.9,0.8368,338.9,0.837,163.0,0.8371,601.1
1753547075305,16:24:35.305,ADA/USDT:USDT,0.8369,119.9,0.8368,338.9,0.837,132.6,0.8371,601.1
1753547075605,16:24:35.605,ADA/USDT:USDT,0.8369,254.8,0.8368,350.1,0.837,58.1,0.8371,243.2
1753547075905,16:24:35.905,ADA/USDT:USDT,0.837,224.1,0.8369,462.2,0.8371,107.5,0.8372,575.2
1753547076305,16:24:36.305,ADA/USDT:USDT,0.837,182.5,0.8369,462.2,0.8371,106.1,0.8372,598.8
1753547076505,16:24:36.505,ADA/USDT:USDT,0.837,182.5,0.8369,459.8,0.8371,106.1,0.8372,598.8
1753547076605,16:24:36.605,ADA/USDT:USDT,0.837,220.3,0.8369,459.8,0.8371,95.7,0.8372,320.2
1753547076805,16:24:36.805,ADA/USDT:USDT,0.837,233.2,0.8369,459.8,0.8371,50.8,0.8372,317.9
1753547076905,16:24:36.905,ADA/USDT:USDT,0.837,238.9,0.8369,454.1,0.8371,50.8,0.8372,317.9
1753547077405,16:24:37.405,ADA/USDT:USDT,0.837,242.9,0.8369,455.4,0.8371,28.7,0.8372,230.8
1753547077505,16:24:37.505,ADA/USDT:USDT,0.8371,178.0,0.837,496.7,0.8372,165.5,0.8373,536.3
1753547078405,16:24:38.405,ADA/USDT:USDT,0.8371,176.7,0.837,495.2,0.8372,168.8,0.8373,571.3
1753547078905,16:24:38.905,ADA/USDT:USDT,0.8371,176.1,0.837,478.6,0.8372,134.3,0.8373,571.3
1753547079105,16:24:39.105,ADA/USDT:USDT,0.8371,81.4,0.837,324.7,0.8372,155.3,0.8373,562.7
1753547079505,16:24:39.505,ADA/USDT:USDT,0.8371,83.3,0.837,427.2,0.8372,168.0,0.8373,603.8
1753547079605,16:24:39.605,ADA/USDT:USDT,0.8371,83.3,0.837,459.0,0.8372,146.7,0.8373,603.5
1753547080105,16:24:40.105,ADA/USDT:USDT,0.8371,43.2,0.837,379.6,0.8372,164.8,0.8373,602.9
1753547080205,16:24:40.205,ADA/USDT:USDT,0.8371,8.3,0.837,201.2,0.8372,245.0,0.8373,610.3
1753547080505,16:24:40.505,ADA/USDT:USDT,0.8369,58.3,0.8368,383.3,0.837,436.0,0.8371,908.9
1753547080705,16:24:40.705,ADA/USDT:USDT,0.8369,58.0,0.8368,377.6,0.837,489.4,0.8371,1067.5
1753547080805,16:24:40.805,ADA/USDT:USDT,0.8369,59.6,0.8368,410.2,0.837,471.5,0.8371,985.7
1753547081005,16:24:41.005,ADA/USDT:USDT,0.8369,249.5,0.8368,443.3,0.837,100.1,0.8371,966.5
1753547081105,16:24:41.105,ADA/USDT:USDT,0.8369,238.7,0.8368,425.3,0.837,104.5,0.8371,1032.9
1753547081605,16:24:41.605,ADA/USDT:USDT,0.837,278.4,0.8369,503.0,0.8371,136.9,0.8372,576.0
1753547081705,16:24:41.705,ADA/USDT:USDT,0.837,260.5,0.8369,503.0,0.8371,136.9,0.8372,641.7
1753547081805,16:24:41.805,ADA/USDT:USDT,0.837,320.8,0.8369,503.3,0.8371,86.3,0.8372,363.4
1753547082405,16:24:42.405,ADA/USDT:USDT,0.837,320.8,0.8369,509.4,0.8371,91.5,0.8372,244.2
1753547082605,16:24:42.605,ADA/USDT:USDT,0.837,328.0,0.8369,509.4,0.8371,82.6,0.8372,192.0
1753547082705,16:24:42.705,ADA/USDT:USDT,0.837,321.9,0.8369,509.4,0.8371,82.6,0.8372,192.0
1753547082905,16:24:42.905,ADA/USDT:USDT,0.837,320.8,0.8369,509.4,0.8371,82.6,0.8372,287.4
1753547083105,16:24:43.105,ADA/USDT:USDT,0.837,315.1,0.8369,509.1,0.8371,82.6,0.8372,358.9
1753547083705,16:24:43.705,ADA/USDT:USDT,0.837,259.4,0.8369,506.4,0.8371,124.6,0.8372,571.5
1753547083805,16:24:43.805,ADA/USDT:USDT,0.837,259.4,0.8369,506.4,0.8371,130.4,0.8372,581.2
1753547083905,16:24:43.905,ADA/USDT:USDT,0.837,276.3,0.8369,505.3,0.8371,132.1,0.8372,285.5
1753547084405,16:24:44.405,ADA/USDT:USDT,0.837,286.3,0.8369,505.6,0.8371,81.5,0.8372,285.4
1753547085005,16:24:45.005,ADA/USDT:USDT,0.837,328.6,0.8369,542.9,0.8371,81.4,0.8372,285.4
1753547085905,16:24:45.905,ADA/USDT:USDT,0.837,286.0,0.8369,544.3,0.8371,101.8,0.8372,284.8
1753547086205,16:24:46.205,ADA/USDT:USDT,0.837,286.0,0.8369,545.3,0.8371,80.3,0.8372,277.8
1753547087105,16:24:47.105,ADA/USDT:USDT,0.837,263.2,0.8369,551.4,0.8371,80.3,0.8372,529.6
1753547087205,16:24:47.205,ADA/USDT:USDT,0.837,263.2,0.8369,550.4,0.8371,95.7,0.8372,608.6
1753547087405,16:24:47.405,ADA/USDT:USDT,0.837,324.8,0.8369,550.3,0.8371,80.3,0.8372,196.8
1753547087505,16:24:47.505,ADA/USDT:USDT,0.837,264.3,0.8369,550.0,0.8371,80.3,0.8372,546.3
1753547087605,16:24:47.605,ADA/USDT:USDT,0.837,263.6,0.8369,533.1,0.8371,152.1,0.8372,572.0
1753547087705,16:24:47.705,ADA/USDT:USDT,0.837,92.7,0.8369,522.4,0.8371,230.8,0.8372,562.3
1753547088205,16:24:48.205,ADA/USDT:USDT,0.8371,56.4,0.837,424.6,0.8372,27.8,0.8373,610.0
1753547088705,16:24:48.705,ADA/USDT:USDT,0.8371,246.7,0.837,564.4,0.8372,0.8,0.8373,268.6
1753547089405,16:24:49.405,ADA/USDT:USDT,0.8371,168.6,0.837,494.3,0.8372,74.7,0.8373,667.1
1753547089505,16:24:49.505,ADA/USDT:USDT,0.8371,145.8,0.837,490.5,0.8372,135.1,0.8373,667.4
1753547089605,16:24:49.605,ADA/USDT:USDT,0.8371,146.5,0.837,490.5,0.8372,124.9,0.8373,667.1
1753547089705,16:24:49.705,ADA/USDT:USDT,0.8371,146.5,0.837,490.5,0.8372,124.9,0.8373,667.1
1753547089905,16:24:49.905,ADA/USDT:USDT,0.8371,146.6,0.837,490.5,0.8372,135.2,0.8373,667.1
1753547090005,16:24:50.005,ADA/USDT:USDT,0.8371,146.6,0.837,490.5,0.8372,108.0,0.8373,667.1
1753547090105,16:24:50.105,ADA/USDT:USDT,0.8371,195.9,0.837,476.9,0.8372,47.4,0.8373,562.3
1753547090705,16:24:50.705,ADA/USDT:USDT,0.8372,399.5,0.8371,480.8,0.8373,51.8,0.8374,505.9
1753547090805,16:24:50.805,ADA/USDT:USDT,0.8372,406.4,0.8371,481.9,0.8373,51.8,0.8374,249.6
1753547091205,16:24:51.205,ADA/USDT:USDT,0.8372,289.3,0.8371,522.0,0.8373,68.9,0.8374,288.6
1753547092005,16:24:52.005,ADA/USDT:USDT,0.8372,262.3,0.8371,543.7,0.8373,74.3,0.8374,595.9
1753547092105,16:24:52.105,ADA/USDT:USDT,0.8372,257.2,0.8371,545.1,0.8373,74.3,0.8374,286.6
1753547092505,16:24:52.505,ADA/USDT:USDT,0.8372,140.2,0.8371,500.6,0.8373,101.4,0.8374,684.0
1753547093405,16:24:53.405,ADA/USDT:USDT,0.8372,121.1,0.8371,500.6,0.8373,140.4,0.8374,633.2
1753547093805,16:24:53.805,ADA/USDT:USDT,0.8372,74.6,0.8371,434.1,0.8373,164.9,0.8374,642.5
1753547093905,16:24:53.905,ADA/USDT:USDT,0.8372,81.1,0.8371,434.1,0.8373,164.9,0.8374,642.5
1753547094005,16:24:54.005,ADA/USDT:USDT,0.8372,38.0,0.8371,325.0,0.8373,207.8,0.8374,642.5
1753547094305,16:24:54.305,ADA/USDT:USDT,0.8372,80.3,0.8371,458.6,0.8373,148.1,0.8374,617.7
1753547094805,16:24:54.805,ADA/USDT:USDT,0.8372,63.3,0.8371,414.0,0.8373,157.0,0.8374,642.0
1753547095105,16:24:55.105,ADA/USDT:USDT,0.8372,63.3,0.8371,414.0,0.8373,241.1,0.8374,642.1
1753547095205,16:24:55.205,ADA/USDT:USDT,0.8372,57.5,0.8371,304.7,0.8373,217.2,0.8374,643.2
1753547095705,16:24:55.705,ADA/USDT:USDT,0.8372,128.6,0.8371,365.5,0.8373,155.7,0.8374,632.3
1753547096105,16:24:56.105,ADA/USDT:USDT,0.8372,128.6,0.8371,365.2,0.8373,154.9,0.8374,632.3
1753547096305,16:24:56.305,ADA/USDT:USDT,0.8372,86.1,0.8371,352.7,0.8373,163.9,0.8374,632.3
1753547096405,16:24:56.405,ADA/USDT:USDT,0.8372,64.2,0.8371,213.7,0.8373,246.6,0.8374,673.8
1753547096605,16:24:56.605,ADA/USDT:USDT,0.8372,64.7,0.8371,285.0,0.8373,223.6,0.8374,673.5
1753547097005,16:24:57.005,ADA/USDT:USDT,0.8372,30.4,0.8371,78.3,0.8373,248.2,0.8374,683.2
1753547097105,16:24:57.105,ADA/USDT:USDT,0.8372,30.4,0.8371,78.3,0.8373,248.2,0.8374,691.9
1753547097205,16:24:57.205,ADA/USDT:USDT,0.8372,30.4,0.8371,78.3,0.8373,248.2,0.8374,691.9
1753547097405,16:24:57.405,ADA/USDT:USDT,0.8372,5.5,0.8371,78.3,0.8373,238.9,0.8374,694.1
1753547097605,16:24:57.605,ADA/USDT:USDT,0.8372,114.8,0.8371,343.1,0.8373,162.9,0.8374,668.1
1753547098105,16:24:58.105,ADA/USDT:USDT,0.8373,120.2,0.8372,258.4,0.8374,315.2,0.8375,679.0
1753547098305,16:24:58.305,ADA/USDT:USDT,0.8373,14.4,0.8372,242.6,0.8374,233.3,0.8375,979.5
1753547098705,16:24:58.705,ADA/USDT:USDT,0.8373,20.4,0.8372,222.6,0.8374,173.6,0.8375,979.9
1753547098805,16:24:58.805,ADA/USDT:USDT,0.8373,71.4,0.8372,222.6,0.8374,155.8,0.8375,986.0
1753547099705,16:24:59.705,ADA/USDT:USDT,0.8373,49.2,0.8372,224.7,0.8374,203.0,0.8375,973.2
1753547099905,16:24:59.905,ADA/USDT:USDT,0.8373,49.2,0.8372,208.0,0.8374,221.4,0.8375,988.5
1753547100205,16:25:00.205,ADA/USDT:USDT,0.8371,29.4,0.837,317.2,0.8372,454.9,0.8373,836.6
1753547100305,16:25:00.305,ADA/USDT:USDT,0.8371,0.2,0.837,390.2,0.8372,140.6,0.8373,806.9
1753547100505,16:25:00.505,ADA/USDT:USDT,0.8371,209.2,0.837,417.3,0.8372,149.4,0.8373,710.8
1753547100805,16:25:00.805,ADA/USDT:USDT,0.8371,193.6,0.837,639.0,0.8372,1.5,0.8373,140.4
1753547101205,16:25:01.205,ADA/USDT:USDT,0.8373,511.5,0.8372,738.5,0.8374,5.1,0.8375,436.0
1753547101405,16:25:01.405,ADA/USDT:USDT,0.8373,490.4,0.8372,679.0,0.8374,5.0,0.8375,604.0
1753547101805,16:25:01.805,ADA/USDT:USDT,0.8373,506.6,0.8372,686.2,0.8374,5.0,0.8375,663.8
1753547102405,16:25:02.405,ADA/USDT:USDT,0.8374,398.0,0.8373,818.7,0.8375,264.7,0.8376,346.1
1753547102505,16:25:02.505,ADA/USDT:USDT,0.8374,397.8,0.8373,816.7,0.8375,264.7,0.8376,346.2
1753547102605,16:25:02.605,ADA/USDT:USDT,0.8374,430.6,0.8373,816.7,0.8375,264.7,0.8376,346.2
1753547102905,16:25:02.905,ADA/USDT:USDT,0.8374,432.1,0.8373,816.3,0.8375,264.7,0.8376,648.6
1753547103205,16:25:03.205,ADA/USDT:USDT,0.8374,432.7,0.8373,816.3,0.8375,264.7,0.8376,485.1
1753547103305,16:25:03.305,ADA/USDT:USDT,0.8374,433.5,0.8373,816.6,0.8375,264.7,0.8376,485.1
1753547103705,16:25:03.705,ADA/USDT:USDT,0.8375,250.6,0.8374,680.1,0.8376,89.3,0.8377,628.0
1753547103805,16:25:03.805,ADA/USDT:USDT,0.8375,117.4,0.8374,647.9,0.8376,168.4,0.8377,716.1
1753547104005,16:25:04.005,ADA/USDT:USDT,0.8375,34.5,0.8374,375.6,0.8376,244.0,0.8377,716.6
1753547104105,16:25:04.105,ADA/USDT:USDT,0.8374,59.3,0.8373,664.2,0.8375,88.3,0.8376,790.8
1753547104205,16:25:04.205,ADA/USDT:USDT,0.8374,2.9,0.8373,61.1,0.8375,248.9,0.8376,733.9
1753547104305,16:25:04.305,ADA/USDT:USDT,0.8373,35.4,0.8372,386.6,0.8374,421.9,0.8375,353.7
1753547104405,16:25:04.405,ADA/USDT:USDT,0.8372,0.7,0.8371,33.5,0.8373,371.4,0.8374,649.9
1753547104505,16:25:04.505,ADA/USDT:USDT,0.837,37.0,0.8369,484.0,0.8371,682.5,0.8372,777.4
1753547104705,16:25:04.705,ADA/USDT:USDT,0.8369,7.3,0.8368,85.4,0.837,255.7,0.8371,794.7
1753547104805,16:25:04.805,ADA/USDT:USDT,0.8369,7.3,0.8368,54.4,0.837,255.4,0.8371,754.8
1753547104905,16:25:04.905,ADA/USDT:USDT,0.8369,7.8,0.8368,54.0,0.837,255.5,0.8371,754.8
1753547105205,16:25:05.205,ADA/USDT:USDT,0.8368,2.6,0.8367,53.7,0.8369,465.3,0.837,819.9
1753547105305,16:25:05.305,ADA/USDT:USDT,0.8367,46.2,0.8366,293.5,0.8368,636.8,0.8369,524.8
1753547105805,16:25:05.805,ADA/USDT:USDT,0.8368,255.3,0.8367,653.2,0.8369,97.4,0.837,451.0
1753547106005,16:25:06.005,ADA/USDT:USDT,0.8368,109.6,0.8367,653.2,0.8369,141.5,0.837,535.3
1753547106105,16:25:06.105,ADA/USDT:USDT,0.8368,194.3,0.8367,577.3,0.8369,40.0,0.837,193.9
1753547106205,16:25:06.205,ADA/USDT:USDT,0.8369,29.2,0.8368,188.9,0.837,176.0,0.8371,591.3
1753547106405,16:25:06.405,ADA/USDT:USDT,0.8368,50.9,0.8367,399.4,0.8369,201.6,0.837,622.1
1753547106605,16:25:06.605,ADA/USDT:USDT,0.8368,163.4,0.8367,607.2,0.8369,68.6,0.837,488.4
1753547106805,16:25:06.805,ADA/USDT:USDT,0.837,395.1,0.8369,756.9,0.8371,1.3,0.8372,69.6
1753547106905,16:25:06.905,ADA/USDT:USDT,0.837,418.3,0.8369,756.9,0.8371,22.7,0.8372,115.8
1753547107005,16:25:07.005,ADA/USDT:USDT,0.837,393.3,0.8369,756.9,0.8371,22.5,0.8372,115.8
1753547107805,16:25:07.805,ADA/USDT:USDT,0.8369,186.5,0.8368,629.4,0.837,75.5,0.8371,542.7
1753547107905,16:25:07.905,ADA/USDT:USDT,0.8369,190.0,0.8368,599.1,0.837,54.7,0.8371,590.7
1753547109305,16:25:09.305,ADA/USDT:USDT,0.837,6.1,0.8369,389.6,0.8371,292.2,0.8372,484.7
1753547109805,16:25:09.805,ADA/USDT:USDT,0.8369,219.0,0.8368,408.3,0.837,364.1,0.8371,549.8
1753547110005,16:25:10.005,ADA/USDT:USDT,0.8369,224.9,0.8368,416.2,0.837,214.1,0.8371,567.0
1753547110105,16:25:10.105,ADA/USDT:USDT,0.8369,224.9,0.8368,444.9,0.837,214.1,0.8371,567.0
1753547110505,16:25:10.505,ADA/USDT:USDT,0.8369,26.6,0.8368,216.8,0.837,349.6,0.8371,556.0
1753547110705,16:25:10.705,ADA/USDT:USDT,0.8369,61.5,0.8368,216.8,0.837,349.6,0.8371,555.7
1753547111105,16:25:11.105,ADA/USDT:USDT,0.8368,148.5,0.8367,595.1,0.8369,315.2,0.837,560.4
1753547111305,16:25:11.305,ADA/USDT:USDT,0.8368,181.4,0.8367,642.1,0.8369,119.3,0.837,532.2
1753547111405,16:25:11.405,ADA/USDT:USDT,0.8368,179.9,0.8367,599.1,0.8369,142.9,0.837,551.9
1753547111605,16:25:11.605,ADA/USDT:USDT,0.8368,179.9,0.8367,599.1,0.8369,158.9,0.837,551.9
1753547112105,16:25:12.105,ADA/USDT:USDT,0.8368,179.9,0.8367,615.2,0.8369,121.1,0.837,550.2
1753547112305,16:25:12.305,ADA/USDT:USDT,0.8368,179.7,0.8367,607.5,0.8369,168.4,0.837,550.3
1753547112405,16:25:12.405,ADA/USDT:USDT,0.8368,185.4,0.8367,632.9,0.8369,185.6,0.837,550.3
1753547112605,16:25:12.605,ADA/USDT:USDT,0.8368,179.7,0.8367,607.9,0.8369,185.6,0.837,549.2
1753547112705,16:25:12.705,ADA/USDT:USDT,0.8368,179.7,0.8367,607.9,0.8369,185.6,0.837,549.2
1753547112805,16:25:12.805,ADA/USDT:USDT,0.8368,179.7,0.8367,592.9,0.8369,185.6,0.837,549.2
1753547112905,16:25:12.905,ADA/USDT:USDT,0.8368,18.2,0.8367,85.1,0.8369,286.0,0.837,549.5
1753547113005,16:25:13.005,ADA/USDT:USDT,0.8366,86.9,0.8365,447.7,0.8367,274.1,0.8368,821.9
1753547113405,16:25:13.405,ADA/USDT:USDT,0.8367,286.8,0.8366,611.2,0.8368,36.2,0.8369,241.4
1753547113705,16:25:13.705,ADA/USDT:USDT,0.8367,134.8,0.8366,563.0,0.8368,122.9,0.8369,281.4
1753547114005,16:25:14.005,ADA/USDT:USDT,0.8367,127.8,0.8366,564.1,0.8368,147.7,0.8369,280.2
1753547114205,16:25:14.205,ADA/USDT:USDT,0.8367,1.0,0.8366,243.7,0.8368,238.1,0.8369,288.7
1753547115005,16:25:15.005,ADA/USDT:USDT,0.8366,161.4,0.8365,495.9,0.8367,314.4,0.8368,525.7
1753547115105,16:25:15.105,ADA/USDT:USDT,0.8366,6.4,0.8365,317.8,0.8367,353.1,0.8368,549.8
1753547115205,16:25:15.205,ADA/USDT:USDT,0.8366,6.4,0.8365,317.7,0.8367,379.5,0.8368,543.2
1753547115405,16:25:15.405,ADA/USDT:USDT,0.8366,6.4,0.8365,317.7,0.8367,355.7,0.8368,530.5
1753547115605,16:25:15.605,ADA/USDT:USDT,0.8365,83.1,0.8364,421.5,0.8366,398.9,0.8367,540.7
1753547115905,16:25:15.905,ADA/USDT:USDT,0.8365,186.0,0.8364,402.0,0.8366,332.0,0.8367,509.4
1753547116005,16:25:16.005,ADA/USDT:USDT,0.8365,167.1,0.8364,364.2,0.8366,332.0,0.8367,547.2
1753547118205,16:25:18.205,ADA/USDT:USDT,0.8365,195.1,0.8364,442.9,0.8366,108.7,0.8367,460.4
1753547118505,16:25:18.505,ADA/USDT:USDT,0.8365,195.5,0.8364,466.5,0.8366,108.7,0.8367,423.1
1753547118605,16:25:18.605,ADA/USDT:USDT,0.8365,209.5,0.8364,466.4,0.8366,108.7,0.8367,423.1
1753547118805,16:25:18.805,ADA/USDT:USDT,0.8365,220.2,0.8364,466.5,0.8366,108.7,0.8367,423.1
1753547119705,16:25:19.705,ADA/USDT:USDT,0.8365,253.2,0.8364,507.5,0.8366,52.1,0.8367,0.4
1753547119805,16:25:19.805,ADA/USDT:USDT,0.8365,253.2,0.8364,507.5,0.8366,52.6,0.8367,0.4
1753547119905,16:25:19.905,ADA/USDT:USDT,0.8365,253.3,0.8364,507.9,0.8366,52.6,0.8367,0.4
1753547120005,16:25:20.005,ADA/USDT:USDT,0.8367,148.0,0.8366,623.8,0.8368,115.4,0.8369,369.3
1753547120605,16:25:20.605,ADA/USDT:USDT,0.8367,169.8,0.8366,446.3,0.8368,195.3,0.8369,283.0
1753547120905,16:25:20.905,ADA/USDT:USDT,0.8367,169.8,0.8366,446.3,0.8368,195.3,0.8369,283.0
1753547121105,16:25:21.105,ADA/USDT:USDT,0.8367,164.1,0.8366,422.3,0.8368,195.3,0.8369,283.0
1753547121405,16:25:21.405,ADA/USDT:USDT,0.8367,99.3,0.8366,408.5,0.8368,221.5,0.8369,327.2
1753547121805,16:25:21.805,ADA/USDT:USDT,0.8367,164.3,0.8366,484.3,0.8368,179.2,0.8369,326.5
1753547122805,16:25:22.805,ADA/USDT:USDT,0.8367,209.9,0.8366,505.4,0.8368,164.0,0.8369,163.3
1753547122905,16:25:22.905,ADA/USDT:USDT,0.8367,209.9,0.8366,505.4,0.8368,164.0,0.8369,163.3
1753547123205,16:25:23.205,ADA/USDT:USDT,0.8367,174.7,0.8366,503.2,0.8368,162.6,0.8369,184.4
1753547123405,16:25:23.405,ADA/USDT:USDT,0.8367,174.7,0.8366,503.2,0.8368,164.6,0.8369,184.8
1753547123705,16:25:23.705,ADA/USDT:USDT,0.8367,209.0,0.8366,503.5,0.8368,96.7,0.8369,163.3
1753547124005,16:25:24.005,ADA/USDT:USDT,0.8367,164.6,0.8366,496.0,0.8368,167.9,0.8369,184.4
1753547124205,16:25:24.205,ADA/USDT:USDT,0.8367,164.6,0.8366,474.8,0.8368,167.9,0.8369,197.2
1753547124805,16:25:24.805,ADA/USDT:USDT,0.8367,9.0,0.8366,318.0,0.8368,174.9,0.8369,223.8
1753547125005,16:25:25.005,ADA/USDT:USDT,0.8367,9.0,0.8366,209.9,0.8368,268.8,0.8369,223.8
1753547125305,16:25:25.305,ADA/USDT:USDT,0.8367,3.3,0.8366,267.7,0.8368,264.6,0.8369,223.8
1753547125405,16:25:25.405,ADA/USDT:USDT,0.8367,59.7,0.8366,315.6,0.8368,171.0,0.8369,223.5
1753547125505,16:25:25.505,ADA/USDT:USDT,0.8367,59.7,0.8366,350.1,0.8368,171.0,0.8369,202.4
1753547125605,16:25:25.605,ADA/USDT:USDT,0.8367,3.2,0.8366,316.0,0.8368,264.6,0.8369,224.9
1753547125705,16:25:25.705,ADA/USDT:USDT,0.8367,3.2,0.8366,216.1,0.8368,264.6,0.8369,224.9
1753547126105,16:25:26.105,ADA/USDT:USDT,0.8367,3.6,0.8366,182.9,0.8368,231.1,0.8369,224.9
1753547126305,16:25:26.305,ADA/USDT:USDT,0.8367,3.9,0.8366,230.8,0.8368,264.7,0.8369,224.9
1753547126405,16:25:26.405,ADA/USDT:USDT,0.8367,132.9,0.8366,284.9,0.8368,170.2,0.8369,182.9
1753547126705,16:25:26.705,ADA/USDT:USDT,0.8367,164.9,0.8366,441.7,0.8368,62.4,0.8369,175.3
1753547126805,16:25:26.805,ADA/USDT:USDT,0.8367,160.4,0.8366,442.8,0.8368,62.8,0.8369,175.3
1753547126905,16:25:26.905,ADA/USDT:USDT,0.8367,166.1,0.8366,457.9,0.8368,62.8,0.8369,50.6
1753547127005,16:25:27.005,ADA/USDT:USDT,0.8367,168.4,0.8366,458.9,0.8368,62.8,0.8369,50.6
1753547127105,16:25:27.105,ADA/USDT:USDT,0.8368,598.2,0.8367,384.1,0.8369,0.8,0.837,103.4
1753547127505,16:25:27.505,ADA/USDT:USDT,0.8368,607.8,0.8367,405.8,0.8369,1.8,0.837,50.7
1753547128105,16:25:28.105,ADA/USDT:USDT,0.837,360.5,0.8369,834.2,0.8371,29.3,0.8372,51.5
1753547128605,16:25:28.605,ADA/USDT:USDT,0.837,293.1,0.8369,733.5,0.8371,50.6,0.8372,425.2
1753547128805,16:25:28.805,ADA/USDT:USDT,0.837,293.1,0.8369,757.4,0.8371,90.5,0.8372,410.5
1753547128905,16:25:28.905,ADA/USDT:USDT,0.837,293.7,0.8369,783.8,0.8371,28.7,0.8372,210.4
1753547129105,16:25:29.105,ADA/USDT:USDT,0.8371,110.8,0.837,607.6,0.8372,69.1,0.8373,339.0
1753547130005,16:25:30.005,ADA/USDT:USDT,0.837,35.6,0.8369,519.6,0.8371,515.7,0.8372,469.3
1753547130205,16:25:30.205,ADA/USDT:USDT,0.837,13.3,0.8369,486.7,0.8371,540.6,0.8372,428.4
1753547130405,16:25:30.405,ADA/USDT:USDT,0.837,41.4,0.8369,485.7,0.8371,519.1,0.8372,440.7
1753547130805,16:25:30.805,ADA/USDT:USDT,0.8368,257.3,0.8367,508.4,0.8369,71.2,0.837,781.3
1753547131005,16:25:31.005,ADA/USDT:USDT,0.8368,201.7,0.8367,520.0,0.8369,41.5,0.837,232.7
1753547131105,16:25:31.105,ADA/USDT:USDT,0.8368,201.5,0.8367,542.0,0.8369,41.5,0.837,232.7
1753547131305,16:25:31.305,ADA/USDT:USDT,0.8368,201.5,0.8367,544.6,0.8369,41.5,0.837,330.0
1753547131405,16:25:31.405,ADA/USDT:USDT,0.8368,201.4,0.8367,522.6,0.8369,51.8,0.837,330.0
1753547131905,16:25:31.905,ADA/USDT:USDT,0.8368,202.6,0.8367,563.3,0.8369,95.4,0.837,425.8
1753547132005,16:25:32.005,ADA/USDT:USDT,0.8368,202.9,0.8367,541.1,0.8369,121.2,0.837,425.8
1753547132505,16:25:32.505,ADA/USDT:USDT,0.8368,204.1,0.8367,461.8,0.8369,102.8,0.837,425.9
1753547132605,16:25:32.605,ADA/USDT:USDT,0.8368,203.5,0.8367,460.6,0.8369,124.2,0.837,425.9
1753547132805,16:25:32.805,ADA/USDT:USDT,0.8368,139.4,0.8367,440.0,0.8369,164.0,0.837,425.9
1753547133205,16:25:33.205,ADA/USDT:USDT,0.8368,151.5,0.8367,388.1,0.8369,112.5,0.837,446.0
1753547133405,16:25:33.405,ADA/USDT:USDT,0.8368,151.5,0.8367,512.5,0.8369,112.5,0.837,425.9
1753547133505,16:25:33.505,ADA/USDT:USDT,0.8368,151.5,0.8367,512.8,0.8369,111.9,0.837,425.9
1753547133905,16:25:33.905,ADA/USDT:USDT,0.8368,138.1,0.8367,394.6,0.8369,128.1,0.837,458.4
1753547134305,16:25:34.305,ADA/USDT:USDT,0.8368,139.0,0.8367,406.7,0.8369,128.1,0.837,445.9
1753547134405,16:25:34.405,ADA/USDT:USDT,0.8368,139.0,0.8367,406.7,0.8369,126.2,0.837,445.9
1753547134505,16:25:34.505,ADA/USDT:USDT,0.8368,139.0,0.8367,407.0,0.8369,106.6,0.837,445.9
1753547134605,16:25:34.605,ADA/USDT:USDT,0.8368,139.0,0.8367,393.8,0.8369,126.9,0.837,457.9
1753547134705,16:25:34.705,ADA/USDT:USDT,0.8368,170.7,0.8367,478.1,0.8369,126.9,0.837,445.9
1753547134905,16:25:34.905,ADA/USDT:USDT,0.8368,151.2,0.8367,466.6,0.8369,126.9,0.837,499.3
1753547135105,16:25:35.105,ADA/USDT:USDT,0.8368,151.5,0.8367,478.1,0.8369,126.0,0.837,457.9
1753547135205,16:25:35.205,ADA/USDT:USDT,0.8368,151.5,0.8367,478.1,0.8369,126.5,0.837,457.4
1753547135405,16:25:35.405,ADA/USDT:USDT,0.8368,150.8,0.8367,465.8,0.8369,129.7,0.837,457.4
1753547135605,16:25:35.605,ADA/USDT:USDT,0.8368,150.8,0.8367,457.9,0.8369,161.2,0.837,457.7
1753547135805,16:25:35.805,ADA/USDT:USDT,0.8368,126.4,0.8367,385.9,0.8369,161.2,0.837,457.5
1753547136505,16:25:36.505,ADA/USDT:USDT,0.8366,96.0,0.8365,540.1,0.8367,156.5,0.8368,480.9
1753547137105,16:25:37.105,ADA/USDT:USDT,0.8366,127.0,0.8365,540.1,0.8367,145.3,0.8368,479.7
1753547137305,16:25:37.305,ADA/USDT:USDT,0.8366,127.1,0.8365,540.1,0.8367,157.0,0.8368,479.8
1753547138505,16:25:38.505,ADA/USDT:USDT,0.8366,3.5,0.8365,258.6,0.8367,240.8,0.8368,481.3
1753547138705,16:25:38.705,ADA/USDT:USDT,0.8366,3.5,0.8365,258.6,0.8367,241.1,0.8368,481.3
1753547140105,16:25:40.105,ADA/USDT:USDT,0.8364,30.1,0.8363,176.5,0.8365,585.1,0.8366,647.0
1753547140305,16:25:40.305,ADA/USDT:USDT,0.8364,24.7,0.8363,254.9,0.8365,561.3,0.8366,651.0
1753547140705,16:25:40.705,ADA/USDT:USDT,0.8364,60.1,0.8363,193.8,0.8365,554.3,0.8366,584.7
1753547141105,16:25:41.105,ADA/USDT:USDT,0.8364,37.7,0.8363,273.4,0.8365,567.8,0.8366,581.4
1753547141205,16:25:41.205,ADA/USDT:USDT,0.8364,59.2,0.8363,273.4,0.8365,567.8,0.8366,581.2
1753547141405,16:25:41.405,ADA/USDT:USDT,0.8364,37.8,0.8363,321.4,0.8365,602.0,0.8366,581.5
1753547141805,16:25:41.805,ADA/USDT:USDT,0.8363,37.0,0.8362,168.9,0.8364,604.6,0.8365,706.0
1753547142005,16:25:42.005,ADA/USDT:USDT,0.8363,35.3,0.8362,168.9,0.8364,604.5,0.8365,726.2
1753547142305,16:25:42.305,ADA/USDT:USDT,0.8363,57.2,0.8362,201.5,0.8364,611.2,0.8365,705.2
1753547142405,16:25:42.405,ADA/USDT:USDT,0.8363,57.2,0.8362,331.5,0.8364,541.1,0.8365,705.1
1753547142505,16:25:42.505,ADA/USDT:USDT,0.8363,57.2,0.8362,324.6,0.8364,548.0,0.8365,705.1
1753547142705,16:25:42.705,ADA/USDT:USDT,0.8363,57.2,0.8362,324.6,0.8364,548.0,0.8365,705.1
1753547143005,16:25:43.005,ADA/USDT:USDT,0.8363,57.2,0.8362,324.6,0.8364,578.6,0.8365,705.1
1753547143205,16:25:43.205,ADA/USDT:USDT,0.8363,57.2,0.8362,236.5,0.8364,578.3,0.8365,745.5
1753547143905,16:25:43.905,ADA/USDT:USDT,0.8362,86.6,0.8361,427.3,0.8363,520.7,0.8364,664.0
1753547144005,16:25:44.005,ADA/USDT:USDT,0.8361,162.8,0.836,396.0,0.8362,407.4,0.8363,601.0
1753547144105,16:25:44.105,ADA/USDT:USDT,0.8361,122.4,0.836,297.0,0.8362,447.9,0.8363,538.6
1753547144205,16:25:44.205,ADA/USDT:USDT,0.8361,122.8,0.836,485.2,0.8362,447.9,0.8363,538.3
1753547144305,16:25:44.305,ADA/USDT:USDT,0.8361,191.2,0.836,506.9,0.8362,363.7,0.8363,511.2
1753547144505,16:25:44.505,ADA/USDT:USDT,0.8361,197.3,0.836,493.2,0.8362,369.5,0.8363,524.7
1753547145005,16:25:45.005,ADA/USDT:USDT,0.8361,109.8,0.836,290.7,0.8362,356.0,0.8363,485.8
1753547145405,16:25:45.405,ADA/USDT:USDT,0.8361,109.8,0.836,290.7,0.8362,409.6,0.8363,504.3
1753547145605,16:25:45.605,ADA/USDT:USDT,0.8361,132.6,0.836,367.9,0.8362,395.8,0.8363,454.6
1753547145805,16:25:45.805,ADA/USDT:USDT,0.8361,132.6,0.836,379.7,0.8362,409.0,0.8363,454.9
1753547145905,16:25:45.905,ADA/USDT:USDT,0.8361,132.6,0.836,379.7,0.8362,387.8,0.8363,446.6
1753547146105,16:25:46.105,ADA/USDT:USDT,0.8361,133.0,0.836,379.7,0.8362,409.0,0.8363,446.6
1753547146205,16:25:46.205,ADA/USDT:USDT,0.8361,142.1,0.836,284.5,0.8362,409.6,0.8363,488.5
1753547146705,16:25:46.705,ADA/USDT:USDT,0.8361,106.8,0.836,39.9,0.8362,509.3,0.8363,490.9
1753547147205,16:25:47.205,ADA/USDT:USDT,0.836,72.8,0.8359,151.8,0.8361,300.2,0.8362,721.9
1753547147605,16:25:47.605,ADA/USDT:USDT,0.836,234.1,0.8359,443.1,0.8361,49.5,0.8362,452.0
1753547147705,16:25:47.705,ADA/USDT:USDT,0.836,262.0,0.8359,450.2,0.8361,58.6,0.8362,300.4
1753547147905,16:25:47.905,ADA/USDT:USDT,0.836,256.3,0.8359,440.8,0.8361,48.3,0.8362,565.6
1753547148005,16:25:48.005,ADA/USDT:USDT,0.836,262.4,0.8359,449.5,0.8361,48.3,0.8362,531.7
1753547148205,16:25:48.205,ADA/USDT:USDT,0.836,278.5,0.8359,482.4,0.8361,48.3,0.8362,531.7
1753547148505,16:25:48.505,ADA/USDT:USDT,0.836,173.9,0.8359,479.2,0.8361,126.1,0.8362,579.6
1753547148605,16:25:48.605,ADA/USDT:USDT,0.836,189.0,0.8359,493.7,0.8361,92.9,0.8362,556.4
1753547149305,16:25:49.305,ADA/USDT:USDT,0.836,152.0,0.8359,502.4,0.8361,75.2,0.8362,580.8
1753547149505,16:25:49.505,ADA/USDT:USDT,0.836,206.0,0.8359,502.4,0.8361,118.8,0.8362,558.0
1753547149805,16:25:49.805,ADA/USDT:USDT,0.836,212.0,0.8359,502.4,0.8361,100.1,0.8362,558.0
1753547150405,16:25:50.405,ADA/USDT:USDT,0.8359,277.0,0.8358,282.0,0.836,9.7,0.8361,162.8
1753547151205,16:25:51.205,ADA/USDT:USDT,0.8359,194.0,0.8358,360.1,0.836,101.4,0.8361,518.1
1753547151705,16:25:51.705,ADA/USDT:USDT,0.8359,196.5,0.8358,378.3,0.836,210.1,0.8361,538.1
1753547151805,16:25:51.805,ADA/USDT:USDT,0.8358,86.1,0.8357,329.5,0.8359,394.1,0.836,352.8
1753547152005,16:25:52.005,ADA/USDT:USDT,0.8358,2.3,0.8357,169.9,0.8359,440.8,0.836,556.0
1753547152105,16:25:52.105,ADA/USDT:USDT,0.8358,36.6,0.8357,132.9,0.8359,381.0,0.836,555.7
1753547152405,16:25:52.405,ADA/USDT:USDT,0.8358,119.6,0.8357,399.1,0.8359,346.1,0.836,555.5
1753547152605,16:25:52.605,ADA/USDT:USDT,0.8358,119.6,0.8357,427.0,0.8359,354.8,0.836,548.5
1753547153005,16:25:53.005,ADA/USDT:USDT,0.8358,158.4,0.8357,406.7,0.8359,354.8,0.836,590.1
1753547153105,16:25:53.105,ADA/USDT:USDT,0.8358,158.4,0.8357,426.0,0.8359,354.8,0.836,562.2
1753547153405,16:25:53.405,ADA/USDT:USDT,0.8358,181.5,0.8357,426.0,0.8359,384.8,0.836,520.6
1753547153605,16:25:53.605,ADA/USDT:USDT,0.8358,291.4,0.8357,452.2,0.8359,47.0,0.836,138.5
1753547153705,16:25:53.705,ADA/USDT:USDT,0.8358,297.5,0.8357,455.7,0.8359,47.0,0.836,308.2
1753547153905,16:25:53.905,ADA/USDT:USDT,0.8358,225.3,0.8357,429.3,0.8359,127.6,0.836,511.5
1753547154105,16:25:54.105,ADA/USDT:USDT,0.8358,189.1,0.8357,418.6,0.8359,190.4,0.836,511.2
1753547154405,16:25:54.405,ADA/USDT:USDT,0.8358,299.8,0.8357,481.5,0.8359,49.1,0.836,81.8
1753547154705,16:25:54.705,ADA/USDT:USDT,0.8359,602.8,0.8358,498.4,0.836,21.6,0.8361,210.7
1753547155005,16:25:55.005,ADA/USDT:USDT,0.836,145.5,0.8359,682.2,0.8361,198.8,0.8362,521.1
1753547155105,16:25:55.105,ADA/USDT:USDT,0.836,184.8,0.8359,682.9,0.8361,156.8,0.8362,493.3
1753547155205,16:25:55.205,ADA/USDT:USDT,0.836,185.4,0.8359,682.9,0.8361,156.8,0.8362,493.3
1753547155305,16:25:55.305,ADA/USDT:USDT,0.836,168.0,0.8359,682.9,0.8361,170.8,0.8362,493.3
1753547155405,16:25:55.405,ADA/USDT:USDT,0.836,185.4,0.8359,686.0,0.8361,94.8,0.8362,493.3
1753547155605,16:25:55.605,ADA/USDT:USDT,0.836,138.3,0.8359,685.6,0.8361,116.8,0.8362,510.7
1753547156205,16:25:56.205,ADA/USDT:USDT,0.8359,220.3,0.8358,570.9,0.836,109.7,0.8361,506.3
1753547156505,16:25:56.505,ADA/USDT:USDT,0.8359,205.1,0.8358,569.9,0.836,183.3,0.8361,492.3
1753547156705,16:25:56.705,ADA/USDT:USDT,0.8359,205.5,0.8358,569.9,0.836,202.1,0.8361,519.6
1753547157005,16:25:57.005,ADA/USDT:USDT,0.8359,199.0,0.8358,571.0,0.836,202.1,0.8361,519.6
1753547158105,16:25:58.105,ADA/USDT:USDT,0.8359,280.4,0.8358,578.3,0.836,57.0,0.8361,319.5
1753547158205,16:25:58.205,ADA/USDT:USDT,0.8359,280.8,0.8358,584.9,0.836,51.3,0.8361,58.9
1753547158305,16:25:58.305,ADA/USDT:USDT,0.8359,280.8,0.8358,584.9,0.836,51.3,0.8361,168.3
1753547158705,16:25:58.705,ADA/USDT:USDT,0.8359,274.2,0.8358,602.8,0.836,64.0,0.8361,27.9
1753547158905,16:25:58.905,ADA/USDT:USDT,0.8359,206.6,0.8358,568.3,0.836,69.8,0.8361,425.4
1753547159505,16:25:59.505,ADA/USDT:USDT,0.8359,210.6,0.8358,578.6,0.836,127.7,0.8361,425.4
1753547159805,16:25:59.805,ADA/USDT:USDT,0.8359,209.6,0.8358,578.1,0.836,127.7,0.8361,444.8
1753547159905,16:25:59.905,ADA/USDT:USDT,0.8359,209.6,0.8358,577.5,0.836,127.7,0.8361,428.5
1753547160205,16:26:00.205,ADA/USDT:USDT,0.8359,209.6,0.8358,577.5,0.836,134.6,0.8361,444.8
1753547160405,16:26:00.405,ADA/USDT:USDT,0.8359,284.1,0.8358,577.1,0.836,71.0,0.8361,69.4
1753547160505,16:26:00.505,ADA/USDT:USDT,0.8359,267.5,0.8358,578.1,0.836,71.1,0.8361,115.8
1753547160805,16:26:00.805,ADA/USDT:USDT,0.8359,214.9,0.8358,592.4,0.836,71.0,0.8361,27.9
1753547160905,16:26:00.905,ADA/USDT:USDT,0.8359,243.7,0.8358,593.3,0.836,71.0,0.8361,233.6
1753547161105,16:26:01.105,ADA/USDT:USDT,0.8359,225.2,0.8358,593.3,0.836,72.7,0.8361,27.9
1753547161305,16:26:01.305,ADA/USDT:USDT,0.8359,215.4,0.8358,568.2,0.836,72.7,0.8361,153.7
1753547161505,16:26:01.505,ADA/USDT:USDT,0.8359,215.4,0.8358,594.3,0.836,68.1,0.8361,27.9
1753547161605,16:26:01.605,ADA/USDT:USDT,0.8359,215.4,0.8358,567.9,0.836,85.3,0.8361,153.7
1753547161705,16:26:01.705,ADA/USDT:USDT,0.8359,215.4,0.8358,593.4,0.836,80.3,0.8361,137.4
1753547162005,16:26:02.005,ADA/USDT:USDT,0.8359,239.3,0.8358,596.3,0.836,80.7,0.8361,124.1
1753547162205,16:26:02.205,ADA/USDT:USDT,0.8361,319.9,0.836,972.4,0.8362,6.7,0.8363,189.1
1753547162405,16:26:02.405,ADA/USDT:USDT,0.8362,215.5,0.8361,746.6,0.8363,104.7,0.8364,555.2
1753547162505,16:26:02.505,ADA/USDT:USDT,0.8362,231.8,0.8361,746.6,0.8363,104.3,0.8364,555.2
1753547163205,16:26:03.205,ADA/USDT:USDT,0.8363,258.9,0.8362,458.4,0.8364,109.8,0.8365,595.3
1753547163805,16:26:03.805,ADA/USDT:USDT,0.8362,37.9,0.8361,393.1,0.8363,641.0,0.8364,510.8
1753547164205,16:26:04.205,ADA/USDT:USDT,0.8361,36.3,0.836,325.7,0.8362,761.4,0.8363,613.7
1753547164505,16:26:04.505,ADA/USDT:USDT,0.836,186.5,0.8359,625.9,0.8361,178.5,0.8362,774.0
1753547164805,16:26:04.805,ADA/USDT:USDT,0.836,19.6,0.8359,242.4,0.8361,255.5,0.8362,773.1
1753547165005,16:26:05.005,ADA/USDT:USDT,0.8359,1.8,0.8358,168.3,0.836,723.0,0.8361,531.5
1753547165105,16:26:05.105,ADA/USDT:USDT,0.8358,75.4,0.8357,584.1,0.8359,356.1,0.836,784.5
1753547165305,16:26:05.305,ADA/USDT:USDT,0.8358,200.6,0.8357,587.6,0.8359,324.2,0.836,668.1
1753547165405,16:26:05.405,ADA/USDT:USDT,0.8358,206.7,0.8357,587.6,0.8359,328.6,0.836,668.1
1753547165805,16:26:05.805,ADA/USDT:USDT,0.8358,256.3,0.8357,603.2,0.8359,83.0,0.836,419.8
1753547166005,16:26:06.005,ADA/USDT:USDT,0.8358,256.0,0.8357,592.7,0.8359,80.2,0.836,431.2
1753547166705,16:26:06.705,ADA/USDT:USDT,0.8358,183.1,0.8357,594.3,0.8359,179.1,0.836,430.2
1753547167905,16:26:07.905,ADA/USDT:USDT,0.8359,532.5,0.8358,366.5,0.836,49.8,0.8361,332.6
1753547168405,16:26:08.405,ADA/USDT:USDT,0.836,332.4,0.8359,650.7,0.8361,178.6,0.8362,693.6
1753547168505,16:26:08.505,ADA/USDT:USDT,0.836,338.2,0.8359,657.0,0.8361,106.6,0.8362,619.2
1753547168905,16:26:08.905,ADA/USDT:USDT,0.836,390.0,0.8359,802.3,0.8361,20.2,0.8362,93.6
1753547169005,16:26:09.005,ADA/USDT:USDT,0.836,321.1,0.8359,794.1,0.8361,102.4,0.8362,479.8
1753547169505,16:26:09.505,ADA/USDT:USDT,0.836,365.8,0.8359,818.5,0.8361,16.3,0.8362,296.7
1753547169905,16:26:09.905,ADA/USDT:USDT,0.8363,267.2,0.8362,726.3,0.8364,65.4,0.8365,198.7
1753547170105,16:26:10.105,ADA/USDT:USDT,0.8363,304.6,0.8362,727.2,0.8364,7.6,0.8365,165.8
1753547170305,16:26:10.305,ADA/USDT:USDT,0.8363,282.1,0.8362,707.3,0.8364,130.7,0.8365,352.7
1753547171105,16:26:11.105,ADA/USDT:USDT,0.8362,0.1,0.8361,312.0,0.8363,710.5,0.8364,472.5
1753547171605,16:26:11.605,ADA/USDT:USDT,0.8363,57.5,0.8362,580.1,0.8364,183.2,0.8365,458.5
1753547172305,16:26:12.305,ADA/USDT:USDT,0.8363,174.5,0.8362,674.4,0.8364,133.7,0.8365,458.5
1753547172605,16:26:12.605,ADA/USDT:USDT,0.8363,174.8,0.8362,674.4,0.8364,133.7,0.8365,458.5
1753547172705,16:26:12.705,ADA/USDT:USDT,0.8363,174.8,0.8362,674.5,0.8364,133.7,0.8365,449.7
1753547172805,16:26:12.805,ADA/USDT:USDT,0.8363,174.8,0.8362,674.5,0.8364,133.7,0.8365,449.7
1753547173305,16:26:13.305,ADA/USDT:USDT,0.8364,540.0,0.8363,536.1,0.8365,81.8,0.8366,136.2
1753547173505,16:26:13.505,ADA/USDT:USDT,0.8364,470.1,0.8363,539.3,0.8365,75.5,0.8366,243.1
1753547173705,16:26:13.705,ADA/USDT:USDT,0.8364,468.4,0.8363,620.0,0.8365,112.0,0.8366,385.9
1753547173805,16:26:13.805,ADA/USDT:USDT,0.8364,204.7,0.8363,532.7,0.8365,206.4,0.8366,385.9
1753547174905,16:26:14.905,ADA/USDT:USDT,0.8364,179.2,0.8363,533.8,0.8365,240.8,0.8366,397.9
1753547175505,16:26:15.505,ADA/USDT:USDT,0.8364,222.8,0.8363,535.2,0.8365,160.6,0.8366,242.2
1753547175805,16:26:15.805,ADA/USDT:USDT,0.8364,224.5,0.8363,615.8,0.8365,118.5,0.8366,230.2
1753547176105,16:26:16.105,ADA/USDT:USDT,0.8364,224.5,0.8363,627.8,0.8365,118.5,0.8366,230.2
1753547176605,16:26:16.605,ADA/USDT:USDT,0.8364,259.2,0.8363,627.8,0.8365,147.2,0.8366,403.5
1753547176805,16:26:16.805,ADA/USDT:USDT,0.8364,259.8,0.8363,627.8,0.8365,145.1,0.8366,394.7
1753547177105,16:26:17.105,ADA/USDT:USDT,0.8364,252.9,0.8363,621.2,0.8365,207.2,0.8366,425.2
1753547177305,16:26:17.305,ADA/USDT:USDT,0.8364,252.9,0.8363,620.8,0.8365,208.4,0.8366,424.8
1753547177405,16:26:17.405,ADA/USDT:USDT,0.8364,259.6,0.8363,621.1,0.8365,208.4,0.8366,424.8
1753547177505,16:26:17.505,ADA/USDT:USDT,0.8364,260.7,0.8363,620.8,0.8365,146.3,0.8366,416.0
1753547178305,16:26:18.305,ADA/USDT:USDT,0.8364,261.0,0.8363,621.1,0.8365,126.6,0.8366,425.5
1753547179305,16:26:19.305,ADA/USDT:USDT,0.8364,260.3,0.8363,621.1,0.8365,104.3,0.8366,425.6
1753547179605,16:26:19.605,ADA/USDT:USDT,0.8365,37.2,0.8364,473.0,0.8366,237.8,0.8367,635.2
1753547179705,16:26:19.705,ADA/USDT:USDT,0.8365,37.2,0.8364,473.0,0.8366,237.8,0.8367,642.0
1753547180005,16:26:20.005,ADA/USDT:USDT,0.8365,37.2,0.8364,436.4,0.8366,237.8,0.8367,642.5
1753547180705,16:26:20.705,ADA/USDT:USDT,0.8365,1.6,0.8364,416.4,0.8366,239.5,0.8367,653.1
1753547181505,16:26:21.505,ADA/USDT:USDT,0.8365,2.3,0.8364,297.5,0.8366,242.3,0.8367,655.2
1753547181805,16:26:21.805,ADA/USDT:USDT,0.8365,2.3,0.8364,336.7,0.8366,313.0,0.8367,655.7
1753547182205,16:26:22.205,ADA/USDT:USDT,0.8365,2.3,0.8364,336.7,0.8366,313.0,0.8367,655.7
1753547182305,16:26:22.305,ADA/USDT:USDT,0.8364,43.9,0.8363,427.7,0.8365,611.9,0.8366,663.3
