timestamp,time,exchange,symbol,bid1_price,bid1_volume,bid2_price,bid2_volume,ask1_price,ask1_volume,ask2_price,ask2_volume
1753591897607,04:51:37.607,okx,AERO/USDT:USDT,0.9,9.0,0.8999,46.0,0.9002,10.0,0.9003,9.0
1753591897807,04:51:37.807,okx,AERO/USDT:USDT,0.8999,39.0,0.8998,56.0,0.9002,10.0,0.9003,18.0
1753591898007,04:51:38.007,okx,AERO/USDT:USDT,0.9,2.0,0.8999,46.0,0.9002,10.0,0.9003,11.0
1753591898107,04:51:38.107,okx,AERO/USDT:USDT,0.9,2.0,0.8999,46.0,0.9002,10.0,0.9003,11.0
1753591898207,04:51:38.207,okx,AERO/USDT:USDT,0.9,2.0,0.8999,46.0,0.9002,10.0,0.9003,11.0
1753591898907,04:51:38.907,okx,AERO/USDT:USDT,0.8999,46.0,0.8998,56.0,0.9002,10.0,0.9003,11.0
1753591899007,04:51:39.007,okx,AERO/USDT:USDT,0.8999,46.0,0.8998,56.0,0.9002,10.0,0.9003,11.0
1753591899207,04:51:39.207,okx,AERO/USDT:USDT,0.8999,46.0,0.8998,56.0,0.9002,10.0,0.9003,11.0
1753591899807,04:51:39.807,okx,AERO/USDT:USDT,0.9001,10.0,0.9,48.0,0.9002,2.0,0.9003,9.0
1753591900107,04:51:40.107,okx,AERO/USDT:USDT,0.9001,2.0,0.9,48.0,0.9002,2.0,0.9003,9.0
1753591900407,04:51:40.407,okx,AERO/USDT:USDT,0.9,47.0,0.8999,17.0,0.9002,2.0,0.9003,9.0
1753591900507,04:51:40.507,okx,AERO/USDT:USDT,0.9,47.0,0.8999,17.0,0.9002,2.0,0.9003,9.0
1753591900707,04:51:40.707,okx,AERO/USDT:USDT,0.9003,1.0,0.9002,10.0,0.9004,9.0,0.9005,54.0
1753591900907,04:51:40.907,okx,AERO/USDT:USDT,0.9002,1.0,0.9001,42.0,0.9004,9.0,0.9005,8.0
1753591901107,04:51:41.107,okx,AERO/USDT:USDT,0.9002,1.0,0.9001,35.0,0.9004,9.0,0.9005,8.0
1753591901307,04:51:41.307,okx,AERO/USDT:USDT,0.9001,35.0,0.9,16.0,0.9004,9.0,0.9005,8.0
1753591901707,04:51:41.707,okx,AERO/USDT:USDT,0.9002,10.0,0.9001,42.0,0.9004,9.0,0.9005,8.0
1753591901907,04:51:41.907,okx,AERO/USDT:USDT,0.9002,10.0,0.9001,42.0,0.9004,9.0,0.9005,8.0
1753591902507,04:51:42.507,okx,AERO/USDT:USDT,0.9002,10.0,0.9001,42.0,0.9004,9.0,0.9005,8.0
1753591902807,04:51:42.807,okx,AERO/USDT:USDT,0.9002,10.0,0.9001,42.0,0.9004,9.0,0.9005,8.0
1753591903607,04:51:43.607,okx,AERO/USDT:USDT,0.9002,10.0,0.9001,42.0,0.9004,9.0,0.9005,8.0
1753591903807,04:51:43.807,okx,AERO/USDT:USDT,0.9002,10.0,0.9001,42.0,0.9004,9.0,0.9005,8.0
1753591904107,04:51:44.107,okx,AERO/USDT:USDT,0.9002,10.0,0.9001,42.0,0.9004,9.0,0.9005,8.0
1753591904507,04:51:44.507,okx,AERO/USDT:USDT,0.9002,3.0,0.9001,42.0,0.9004,9.0,0.9005,8.0
1753591905107,04:51:45.107,okx,AERO/USDT:USDT,0.9002,9.0,0.9001,42.0,0.9004,9.0,0.9005,8.0
1753591905307,04:51:45.307,okx,AERO/USDT:USDT,0.9002,9.0,0.9001,42.0,0.9004,9.0,0.9005,8.0
1753591905607,04:51:45.607,okx,AERO/USDT:USDT,0.9002,9.0,0.9001,42.0,0.9004,9.0,0.9005,8.0
1753591906107,04:51:46.107,okx,AERO/USDT:USDT,0.9002,9.0,0.9001,42.0,0.9004,9.0,0.9005,8.0
1753591906207,04:51:46.207,okx,AERO/USDT:USDT,0.9002,9.0,0.9001,42.0,0.9004,9.0,0.9005,8.0
1753591906807,04:51:46.807,okx,AERO/USDT:USDT,0.9002,9.0,0.9001,42.0,0.9004,9.0,0.9005,8.0
1753591907007,04:51:47.007,okx,AERO/USDT:USDT,0.9002,9.0,0.9001,42.0,0.9004,9.0,0.9005,8.0
1753591907307,04:51:47.307,okx,AERO/USDT:USDT,0.9002,9.0,0.9001,42.0,0.9004,9.0,0.9005,8.0
1753591907407,04:51:47.407,okx,AERO/USDT:USDT,0.9002,9.0,0.9001,42.0,0.9004,9.0,0.9005,8.0
1753591907907,04:51:47.907,okx,AERO/USDT:USDT,0.9002,9.0,0.9001,42.0,0.9004,9.0,0.9005,8.0
1753591908007,04:51:48.007,okx,AERO/USDT:USDT,0.9002,9.0,0.9001,42.0,0.9004,9.0,0.9005,8.0
1753591908507,04:51:48.507,okx,AERO/USDT:USDT,0.9002,9.0,0.9001,42.0,0.9004,9.0,0.9005,8.0
1753591908707,04:51:48.707,okx,AERO/USDT:USDT,0.9002,9.0,0.9001,42.0,0.9004,9.0,0.9005,8.0
1753591908807,04:51:48.807,okx,AERO/USDT:USDT,0.9002,9.0,0.9001,42.0,0.9004,9.0,0.9005,8.0
1753591910307,04:51:50.307,okx,AERO/USDT:USDT,0.9002,9.0,0.9001,42.0,0.9004,9.0,0.9005,8.0
1753591910407,04:51:50.407,okx,AERO/USDT:USDT,0.9002,2.0,0.9001,42.0,0.9004,9.0,0.9005,8.0
1753591910807,04:51:50.807,okx,AERO/USDT:USDT,0.9001,42.0,0.9,16.0,0.9004,9.0,0.9005,8.0
1753591910907,04:51:50.907,okx,AERO/USDT:USDT,0.9001,42.0,0.9,16.0,0.9004,9.0,0.9005,8.0
1753591911207,04:51:51.207,okx,AERO/USDT:USDT,0.9001,42.0,0.9,16.0,0.9004,9.0,0.9005,8.0
1753591911407,04:51:51.407,okx,AERO/USDT:USDT,0.9001,42.0,0.9,16.0,0.9004,9.0,0.9005,8.0
1753591911907,04:51:51.907,okx,AERO/USDT:USDT,0.9,46.0,0.8999,15.0,0.9004,11.0,0.9005,52.0
1753591912007,04:51:52.007,okx,AERO/USDT:USDT,0.9002,1.0,0.9001,9.0,0.9004,9.0,0.9005,50.0
1753591912207,04:51:52.207,okx,AERO/USDT:USDT,0.9002,10.0,0.9001,9.0,0.9004,9.0,0.9005,50.0
1753591912307,04:51:52.307,okx,AERO/USDT:USDT,0.9002,10.0,0.9001,9.0,0.9004,9.0,0.9005,50.0
1753591912507,04:51:52.507,okx,AERO/USDT:USDT,0.9002,8.0,0.9001,9.0,0.9004,9.0,0.9005,50.0
1753591912607,04:51:52.607,okx,AERO/USDT:USDT,0.9002,8.0,0.9001,9.0,0.9004,9.0,0.9005,50.0
1753591913007,04:51:53.007,okx,AERO/USDT:USDT,0.9002,8.0,0.9001,40.0,0.9004,9.0,0.9005,50.0
1753591913307,04:51:53.307,okx,AERO/USDT:USDT,0.9001,33.0,0.9,16.0,0.9004,9.0,0.9005,59.0
1753591913407,04:51:53.407,okx,AERO/USDT:USDT,0.9001,33.0,0.9,16.0,0.9004,9.0,0.9005,59.0
1753591913907,04:51:53.907,okx,AERO/USDT:USDT,0.9002,1.0,0.9001,40.0,0.9004,9.0,0.9005,50.0
1753591914207,04:51:54.207,okx,AERO/USDT:USDT,0.9002,1.0,0.9001,40.0,0.9004,9.0,0.9005,50.0
1753591914407,04:51:54.407,okx,AERO/USDT:USDT,0.9002,1.0,0.9001,40.0,0.9004,9.0,0.9005,50.0
1753591914607,04:51:54.607,okx,AERO/USDT:USDT,0.9002,1.0,0.9001,40.0,0.9004,9.0,0.9005,50.0
1753591914907,04:51:54.907,okx,AERO/USDT:USDT,0.9001,33.0,0.9,16.0,0.9004,9.0,0.9005,59.0
1753591915307,04:51:55.307,okx,AERO/USDT:USDT,0.9002,1.0,0.9001,40.0,0.9004,9.0,0.9005,50.0
1753591915407,04:51:55.407,okx,AERO/USDT:USDT,0.9002,1.0,0.9001,40.0,0.9004,9.0,0.9005,50.0
1753591915707,04:51:55.707,okx,AERO/USDT:USDT,0.9002,1.0,0.9001,40.0,0.9004,9.0,0.9005,50.0
1753591915807,04:51:55.807,okx,AERO/USDT:USDT,0.9002,1.0,0.9001,40.0,0.9004,9.0,0.9005,52.0
1753591915907,04:51:55.907,okx,AERO/USDT:USDT,0.9002,1.0,0.9001,33.0,0.9004,9.0,0.9005,52.0
1753591916407,04:51:56.407,okx,AERO/USDT:USDT,0.9001,33.0,0.9,16.0,0.9004,9.0,0.9005,59.0
1753591917007,04:51:57.007,okx,AERO/USDT:USDT,0.9001,33.0,0.9,16.0,0.9004,9.0,0.9005,59.0
1753591918807,04:51:58.807,okx,AERO/USDT:USDT,0.9001,31.0,0.9,18.0,0.9004,9.0,0.9005,59.0
1753591919307,04:51:59.307,okx,AERO/USDT:USDT,0.9001,31.0,0.9,11.0,0.9004,17.0,0.9005,59.0
1753591919707,04:51:59.707,okx,AERO/USDT:USDT,0.9001,31.0,0.9,11.0,0.9004,17.0,0.9005,59.0
1753591919807,04:51:59.807,okx,AERO/USDT:USDT,0.9,38.0,0.8999,15.0,0.9004,17.0,0.9005,59.0
1753591919907,04:51:59.907,okx,AERO/USDT:USDT,0.9,38.0,0.8999,15.0,0.9004,17.0,0.9005,59.0
1753591920207,04:52:00.207,okx,AERO/USDT:USDT,0.9,38.0,0.8999,15.0,0.9004,17.0,0.9005,59.0
1753591920407,04:52:00.407,okx,AERO/USDT:USDT,0.9002,1.0,0.9001,10.0,0.9004,9.0,0.9005,52.0
1753591921107,04:52:01.107,okx,AERO/USDT:USDT,0.9001,3.0,0.9,47.0,0.9004,9.0,0.9005,59.0
1753591921607,04:52:01.607,okx,AERO/USDT:USDT,0.9003,10.0,0.9002,18.0,0.9004,1.0,0.9005,50.0
1753591921707,04:52:01.707,okx,AERO/USDT:USDT,0.9003,10.0,0.9002,18.0,0.9004,1.0,0.9005,50.0
1753591922007,04:52:02.007,okx,AERO/USDT:USDT,0.9003,10.0,0.9002,52.0,0.9004,1.0,0.9005,8.0
1753591923207,04:52:03.207,okx,AERO/USDT:USDT,0.9003,10.0,0.9002,52.0,0.9004,1.0,0.9005,8.0
1753591923307,04:52:03.307,okx,AERO/USDT:USDT,0.9003,2.0,0.9002,52.0,0.9004,1.0,0.9005,8.0
1753591925007,04:52:05.007,okx,AERO/USDT:USDT,0.9003,2.0,0.9002,52.0,0.9004,1.0,0.9005,8.0
1753591926607,04:52:06.607,okx,AERO/USDT:USDT,0.9002,36.0,0.9001,17.0,0.9004,1.0,0.9005,8.0
1753591926707,04:52:06.707,okx,AERO/USDT:USDT,0.9002,43.0,0.9001,17.0,0.9004,1.0,0.9005,8.0
1753591927007,04:52:07.007,okx,AERO/USDT:USDT,0.9002,43.0,0.9001,17.0,0.9004,1.0,0.9005,8.0
1753591927107,04:52:07.107,okx,AERO/USDT:USDT,0.9002,43.0,0.9001,17.0,0.9004,1.0,0.9005,8.0
1753591927607,04:52:07.607,okx,AERO/USDT:USDT,0.9002,43.0,0.9001,17.0,0.9004,1.0,0.9005,8.0
1753591928307,04:52:08.307,okx,AERO/USDT:USDT,0.9002,36.0,0.9001,17.0,0.9004,1.0,0.9005,8.0
1753591928507,04:52:08.507,okx,AERO/USDT:USDT,0.9002,43.0,0.9001,17.0,0.9004,1.0,0.9005,8.0
1753591928807,04:52:08.807,okx,AERO/USDT:USDT,0.9002,43.0,0.9001,17.0,0.9004,1.0,0.9005,8.0
1753591928907,04:52:08.907,okx,AERO/USDT:USDT,0.9002,43.0,0.9001,17.0,0.9004,1.0,0.9005,8.0
1753591929207,04:52:09.207,okx,AERO/USDT:USDT,0.9002,43.0,0.9001,17.0,0.9004,1.0,0.9005,8.0
1753591929307,04:52:09.307,okx,AERO/USDT:USDT,0.9002,36.0,0.9001,17.0,0.9004,1.0,0.9005,8.0
1753591930307,04:52:10.307,okx,AERO/USDT:USDT,0.9003,10.0,0.9002,44.0,0.9004,1.0,0.9005,8.0
1753591930407,04:52:10.407,okx,AERO/USDT:USDT,0.9003,10.0,0.9002,44.0,0.9004,1.0,0.9005,8.0
1753591930507,04:52:10.507,okx,AERO/USDT:USDT,0.9003,10.0,0.9002,44.0,0.9004,1.0,0.9005,8.0
1753591930607,04:52:10.607,okx,AERO/USDT:USDT,0.9003,3.0,0.9002,44.0,0.9004,1.0,0.9005,8.0
1753591931507,04:52:11.507,okx,AERO/USDT:USDT,0.9003,10.0,0.9002,44.0,0.9004,1.0,0.9005,8.0
1753591931707,04:52:11.707,okx,AERO/USDT:USDT,0.9003,3.0,0.9002,44.0,0.9004,1.0,0.9005,8.0
1753591932307,04:52:12.307,okx,AERO/USDT:USDT,0.9002,36.0,0.9001,17.0,0.9004,1.0,0.9005,8.0
1753591932507,04:52:12.507,okx,AERO/USDT:USDT,0.9003,10.0,0.9002,44.0,0.9004,1.0,0.9005,8.0
1753591932607,04:52:12.607,okx,AERO/USDT:USDT,0.9003,3.0,0.9002,44.0,0.9004,1.0,0.9005,8.0
1753591933007,04:52:13.007,okx,AERO/USDT:USDT,0.9003,3.0,0.9002,44.0,0.9004,1.0,0.9005,8.0
1753591933107,04:52:13.107,okx,AERO/USDT:USDT,0.9002,36.0,0.9001,17.0,0.9004,1.0,0.9005,8.0
1753591933207,04:52:13.207,okx,AERO/USDT:USDT,0.9002,43.0,0.9001,17.0,0.9004,1.0,0.9005,8.0
1753591933507,04:52:13.507,okx,AERO/USDT:USDT,0.9003,2.0,0.9002,44.0,0.9004,3.0,0.9005,8.0
1753591933807,04:52:13.807,okx,AERO/USDT:USDT,0.9003,2.0,0.9002,44.0,0.9004,3.0,0.9005,8.0
1753591934007,04:52:14.007,okx,AERO/USDT:USDT,0.9003,2.0,0.9002,44.0,0.9004,3.0,0.9005,8.0
1753591934307,04:52:14.307,okx,AERO/USDT:USDT,0.9003,2.0,0.9002,44.0,0.9004,3.0,0.9005,8.0
1753591934407,04:52:14.407,okx,AERO/USDT:USDT,0.9003,2.0,0.9002,44.0,0.9004,3.0,0.9005,8.0
1753591934607,04:52:14.607,okx,AERO/USDT:USDT,0.9003,2.0,0.9002,44.0,0.9004,3.0,0.9005,8.0
1753591935007,04:52:15.007,okx,AERO/USDT:USDT,0.9003,9.0,0.9002,44.0,0.9004,3.0,0.9005,8.0
1753591935307,04:52:15.307,okx,AERO/USDT:USDT,0.9003,9.0,0.9002,44.0,0.9004,3.0,0.9005,8.0
1753591935507,04:52:15.507,okx,AERO/USDT:USDT,0.9003,9.0,0.9002,44.0,0.9004,3.0,0.9005,8.0
1753591935607,04:52:15.607,okx,AERO/USDT:USDT,0.9003,9.0,0.9002,44.0,0.9004,3.0,0.9005,8.0
1753591936207,04:52:16.207,okx,AERO/USDT:USDT,0.9003,9.0,0.9002,44.0,0.9004,3.0,0.9005,8.0
1753591936807,04:52:16.807,okx,AERO/USDT:USDT,0.9003,9.0,0.9002,44.0,0.9004,3.0,0.9005,8.0
1753591938107,04:52:18.107,okx,AERO/USDT:USDT,0.9002,43.0,0.9001,17.0,0.9004,3.0,0.9005,8.0
1753591938207,04:52:18.207,okx,AERO/USDT:USDT,0.9002,43.0,0.9001,17.0,0.9004,3.0,0.9005,8.0
1753591938407,04:52:18.407,okx,AERO/USDT:USDT,0.9002,43.0,0.9001,17.0,0.9004,3.0,0.9005,8.0
1753591938607,04:52:18.607,okx,AERO/USDT:USDT,0.9002,43.0,0.9001,17.0,0.9004,3.0,0.9005,8.0
1753591939807,04:52:19.807,okx,AERO/USDT:USDT,0.9002,43.0,0.9001,17.0,0.9004,3.0,0.9005,8.0
1753591940807,04:52:20.807,okx,AERO/USDT:USDT,0.9003,10.0,0.9002,44.0,0.9004,3.0,0.9005,8.0
1753591940907,04:52:20.907,okx,AERO/USDT:USDT,0.9003,10.0,0.9002,44.0,0.9004,3.0,0.9005,8.0
1753591941007,04:52:21.007,okx,AERO/USDT:USDT,0.9003,59.0,0.9002,10.0,0.9004,3.0,0.9005,8.0
1753591941107,04:52:21.107,okx,AERO/USDT:USDT,0.9005,8.0,0.9004,10.0,0.9006,10.0,0.9007,51.0
1753591941307,04:52:21.307,okx,AERO/USDT:USDT,0.9004,9.0,0.9003,58.0,0.9006,10.0,0.9007,51.0
1753591941407,04:52:21.407,okx,AERO/USDT:USDT,0.9004,9.0,0.9003,58.0,0.9006,10.0,0.9007,51.0
1753591941607,04:52:21.607,okx,AERO/USDT:USDT,0.9004,149.0,0.9003,58.0,0.9006,10.0,0.9007,51.0
1753591941807,04:52:21.807,okx,AERO/USDT:USDT,0.9004,158.0,0.9003,58.0,0.9006,10.0,0.9007,51.0
1753591942107,04:52:22.107,okx,AERO/USDT:USDT,0.9004,158.0,0.9003,58.0,0.9006,10.0,0.9007,51.0
1753591942907,04:52:22.907,okx,AERO/USDT:USDT,0.9004,156.0,0.9003,58.0,0.9006,10.0,0.9007,51.0
1753591943007,04:52:23.007,okx,AERO/USDT:USDT,0.9004,158.0,0.9003,58.0,0.9006,10.0,0.9007,51.0
1753591943607,04:52:23.607,okx,AERO/USDT:USDT,0.9005,9.0,0.9004,198.0,0.9007,25.0,0.9008,59.0
1753591944207,04:52:24.207,okx,AERO/USDT:USDT,0.9005,10.0,0.9004,198.0,0.9007,8.0,0.9008,59.0
1753591944907,04:52:24.907,okx,AERO/USDT:USDT,0.9005,10.0,0.9004,198.0,0.9007,8.0,0.9008,59.0
1753591945007,04:52:25.007,okx,AERO/USDT:USDT,0.9005,10.0,0.9004,198.0,0.9007,8.0,0.9008,59.0
1753591945107,04:52:25.107,okx,AERO/USDT:USDT,0.9004,197.0,0.9003,4.0,0.9007,8.0,0.9008,66.0
1753591945307,04:52:25.307,okx,AERO/USDT:USDT,0.9005,8.0,0.9004,198.0,0.9007,8.0,0.9008,59.0
1753591945407,04:52:25.407,okx,AERO/USDT:USDT,0.9005,8.0,0.9004,198.0,0.9007,8.0,0.9008,59.0
1753591945507,04:52:25.507,okx,AERO/USDT:USDT,0.9005,8.0,0.9004,198.0,0.9007,8.0,0.9008,59.0
1753591945607,04:52:25.607,okx,AERO/USDT:USDT,0.9005,8.0,0.9004,198.0,0.9007,8.0,0.9008,17.0
1753591945707,04:52:25.707,okx,AERO/USDT:USDT,0.9005,8.0,0.9004,198.0,0.9007,8.0,0.9008,17.0
1753591945807,04:52:25.807,okx,AERO/USDT:USDT,0.9005,8.0,0.9004,198.0,0.9007,8.0,0.9008,17.0
1753591946107,04:52:26.107,okx,AERO/USDT:USDT,0.9005,1.0,0.9004,198.0,0.9007,8.0,0.9008,17.0
1753591946207,04:52:26.207,okx,AERO/USDT:USDT,0.9004,188.0,0.9003,7.0,0.9007,8.0,0.9008,24.0
1753591946307,04:52:26.307,okx,AERO/USDT:USDT,0.9005,8.0,0.9004,198.0,0.9007,8.0,0.9008,17.0
1753591946407,04:52:26.407,okx,AERO/USDT:USDT,0.9005,8.0,0.9004,198.0,0.9007,8.0,0.9008,17.0
1753591946807,04:52:26.807,okx,AERO/USDT:USDT,0.9005,8.0,0.9004,198.0,0.9007,8.0,0.9008,17.0
1753591947407,04:52:27.407,okx,AERO/USDT:USDT,0.9004,197.0,0.9003,7.0,0.9007,8.0,0.9008,24.0
1753591947507,04:52:27.507,okx,AERO/USDT:USDT,0.9004,197.0,0.9003,7.0,0.9007,8.0,0.9008,24.0
1753591947707,04:52:27.707,okx,AERO/USDT:USDT,0.9005,1.0,0.9004,198.0,0.9007,8.0,0.9008,17.0
1753591947807,04:52:27.807,okx,AERO/USDT:USDT,0.9005,1.0,0.9004,198.0,0.9007,8.0,0.9008,17.0
1753591947907,04:52:27.907,okx,AERO/USDT:USDT,0.9005,8.0,0.9004,198.0,0.9007,8.0,0.9008,17.0
1753591948107,04:52:28.107,okx,AERO/USDT:USDT,0.9005,8.0,0.9004,198.0,0.9007,8.0,0.9008,17.0
1753591948307,04:52:28.307,okx,AERO/USDT:USDT,0.9004,188.0,0.9002,45.0,0.9007,16.0,0.9008,69.0
1753591948407,04:52:28.407,okx,AERO/USDT:USDT,0.9004,188.0,0.9002,45.0,0.9007,16.0,0.9008,69.0
1753591948507,04:52:28.507,okx,AERO/USDT:USDT,0.9004,188.0,0.9002,45.0,0.9007,16.0,0.9008,69.0
1753591948707,04:52:28.707,okx,AERO/USDT:USDT,0.9004,188.0,0.9002,45.0,0.9007,16.0,0.9008,69.0
1753591949407,04:52:29.407,okx,AERO/USDT:USDT,0.9004,188.0,0.9002,49.0,0.9007,16.0,0.9008,69.0
1753591949507,04:52:29.507,okx,AERO/USDT:USDT,0.9004,188.0,0.9002,45.0,0.9007,16.0,0.9008,69.0
1753591949607,04:52:29.607,okx,AERO/USDT:USDT,0.9004,188.0,0.9002,45.0,0.9007,16.0,0.9008,69.0
1753591949807,04:52:29.807,okx,AERO/USDT:USDT,0.9004,188.0,0.9002,45.0,0.9007,16.0,0.9008,69.0
1753591950907,04:52:30.907,okx,AERO/USDT:USDT,0.9004,149.0,0.9003,45.0,0.9007,72.0,0.9008,26.0
1753591951407,04:52:31.407,okx,AERO/USDT:USDT,0.9004,149.0,0.9003,45.0,0.9007,34.0,0.9008,65.0
1753591951607,04:52:31.607,okx,AERO/USDT:USDT,0.9004,149.0,0.9003,45.0,0.9007,34.0,0.9008,65.0
1753591951707,04:52:31.707,okx,AERO/USDT:USDT,0.9004,149.0,0.9003,45.0,0.9007,34.0,0.9008,65.0
1753591952107,04:52:32.107,okx,AERO/USDT:USDT,0.9005,1.0,0.9004,149.0,0.9007,8.0,0.9008,65.0
1753591952207,04:52:32.207,okx,AERO/USDT:USDT,0.9004,149.0,0.9003,45.0,0.9007,17.0,0.9008,65.0
1753591952507,04:52:32.507,okx,AERO/USDT:USDT,0.9004,149.0,0.9003,45.0,0.9007,17.0,0.9008,65.0
1753591952607,04:52:32.607,okx,AERO/USDT:USDT,0.9004,149.0,0.9003,45.0,0.9007,17.0,0.9008,65.0
1753591952707,04:52:32.707,okx,AERO/USDT:USDT,0.9004,149.0,0.9003,45.0,0.9007,17.0,0.9008,65.0
1753591952807,04:52:32.807,okx,AERO/USDT:USDT,0.9004,149.0,0.9003,45.0,0.9007,17.0,0.9008,65.0
1753591954107,04:52:34.107,okx,AERO/USDT:USDT,0.9004,149.0,0.9003,45.0,0.9007,17.0,0.9008,65.0
1753591954907,04:52:34.907,okx,AERO/USDT:USDT,0.9005,2.0,0.9004,149.0,0.9007,15.0,0.9008,65.0
1753591955007,04:52:35.007,okx,AERO/USDT:USDT,0.9005,2.0,0.9004,149.0,0.9007,15.0,0.9008,65.0
1753591955807,04:52:35.807,okx,AERO/USDT:USDT,0.9005,2.0,0.9004,149.0,0.9007,8.0,0.9008,65.0
1753591956007,04:52:36.007,okx,AERO/USDT:USDT,0.9005,2.0,0.9004,149.0,0.9007,8.0,0.9008,65.0
1753591956107,04:52:36.107,okx,AERO/USDT:USDT,0.9005,2.0,0.9004,149.0,0.9007,8.0,0.9008,65.0
1753591957107,04:52:37.107,okx,AERO/USDT:USDT,0.9004,149.0,0.9003,45.0,0.9007,17.0,0.9008,63.0
1753591957807,04:52:37.807,okx,AERO/USDT:USDT,0.9004,149.0,0.9003,45.0,0.9007,17.0,0.9008,63.0
1753591958007,04:52:38.007,okx,AERO/USDT:USDT,0.9004,149.0,0.9003,45.0,0.9007,17.0,0.9008,63.0
1753591958207,04:52:38.207,okx,AERO/USDT:USDT,0.9004,149.0,0.9003,45.0,0.9007,17.0,0.9008,63.0
1753591958407,04:52:38.407,okx,AERO/USDT:USDT,0.9004,149.0,0.9003,45.0,0.9007,17.0,0.9008,63.0
1753591958507,04:52:38.507,okx,AERO/USDT:USDT,0.9004,149.0,0.9003,45.0,0.9007,17.0,0.9008,65.0
1753591959007,04:52:39.007,okx,AERO/USDT:USDT,0.9005,2.0,0.9004,156.0,0.9007,8.0,0.9008,56.0
1753591959107,04:52:39.107,okx,AERO/USDT:USDT,0.9005,2.0,0.9004,156.0,0.9007,8.0,0.9008,56.0
1753591959307,04:52:39.307,okx,AERO/USDT:USDT,0.9005,2.0,0.9004,156.0,0.9007,8.0,0.9008,65.0
1753591959607,04:52:39.607,okx,AERO/USDT:USDT,0.9005,2.0,0.9004,156.0,0.9007,8.0,0.9008,65.0
1753591960307,04:52:40.307,okx,AERO/USDT:USDT,0.9006,9.0,0.9005,9.0,0.9007,8.0,0.9008,17.0
1753591960407,04:52:40.407,okx,AERO/USDT:USDT,0.9006,9.0,0.9005,9.0,0.9007,8.0,0.9008,17.0
1753591960907,04:52:40.907,okx,AERO/USDT:USDT,0.9005,9.0,0.9004,196.0,0.9007,8.0,0.9008,17.0
1753591961007,04:52:41.007,okx,AERO/USDT:USDT,0.9005,9.0,0.9004,188.0,0.9007,8.0,0.9008,17.0
1753591961107,04:52:41.107,okx,AERO/USDT:USDT,0.9005,9.0,0.9004,188.0,0.9007,8.0,0.9008,17.0
1753591961607,04:52:41.607,okx,AERO/USDT:USDT,0.9004,178.0,0.9002,9.0,0.9007,17.0,0.9008,75.0
1753591961707,04:52:41.707,okx,AERO/USDT:USDT,0.9004,178.0,0.9002,9.0,0.9007,17.0,0.9008,75.0
1753591961807,04:52:41.807,okx,AERO/USDT:USDT,0.9004,178.0,0.9002,9.0,0.9007,17.0,0.9008,75.0
1753591961907,04:52:41.907,okx,AERO/USDT:USDT,0.9004,178.0,0.9003,7.0,0.9007,17.0,0.9008,75.0
1753591962007,04:52:42.007,okx,AERO/USDT:USDT,0.9005,2.0,0.9004,178.0,0.9007,8.0,0.9008,75.0
1753591962307,04:52:42.307,okx,AERO/USDT:USDT,0.9005,2.0,0.9004,178.0,0.9007,8.0,0.9008,75.0
1753591962507,04:52:42.507,okx,AERO/USDT:USDT,0.9005,2.0,0.9004,178.0,0.9007,8.0,0.9008,75.0
1753591963007,04:52:43.007,okx,AERO/USDT:USDT,0.9004,178.0,0.9002,9.0,0.9007,17.0,0.9008,75.0
1753591963107,04:52:43.107,okx,AERO/USDT:USDT,0.9004,178.0,0.9002,9.0,0.9007,17.0,0.9008,75.0
1753591963307,04:52:43.307,okx,AERO/USDT:USDT,0.9005,2.0,0.9004,188.0,0.9007,8.0,0.9008,75.0
1753591963707,04:52:43.707,okx,AERO/USDT:USDT,0.9005,11.0,0.9004,188.0,0.9007,8.0,0.9008,66.0
1753591964307,04:52:44.307,okx,AERO/USDT:USDT,0.9005,2.0,0.9004,188.0,0.9007,8.0,0.9008,75.0
1753591964607,04:52:44.607,okx,AERO/USDT:USDT,0.9005,2.0,0.9004,188.0,0.9007,8.0,0.9008,75.0
1753591965107,04:52:45.107,okx,AERO/USDT:USDT,0.9005,11.0,0.9004,188.0,0.9007,8.0,0.9008,66.0
1753591965207,04:52:45.207,okx,AERO/USDT:USDT,0.9004,188.0,0.9003,7.0,0.9007,8.0,0.9008,66.0
1753591965307,04:52:45.307,okx,AERO/USDT:USDT,0.9005,9.0,0.9004,188.0,0.9007,8.0,0.9008,66.0
1753591965607,04:52:45.607,okx,AERO/USDT:USDT,0.9004,187.0,0.9003,7.0,0.9007,8.0,0.9008,73.0
1753591966307,04:52:46.307,okx,AERO/USDT:USDT,0.9005,9.0,0.9004,188.0,0.9007,8.0,0.9008,66.0
1753591966507,04:52:46.507,okx,AERO/USDT:USDT,0.9005,9.0,0.9004,188.0,0.9007,8.0,0.9008,66.0
1753591966807,04:52:46.807,okx,AERO/USDT:USDT,0.9004,187.0,0.9003,7.0,0.9007,8.0,0.9008,73.0
1753591967107,04:52:47.107,okx,AERO/USDT:USDT,0.9004,187.0,0.9003,7.0,0.9007,8.0,0.9008,73.0
1753591967207,04:52:47.207,okx,AERO/USDT:USDT,0.9005,11.0,0.9004,188.0,0.9007,8.0,0.9008,66.0
1753591967807,04:52:47.807,okx,AERO/USDT:USDT,0.9005,2.0,0.9004,188.0,0.9007,8.0,0.9008,66.0
1753591968607,04:52:48.607,okx,AERO/USDT:USDT,0.9005,9.0,0.9004,188.0,0.9007,8.0,0.9008,17.0
1753591968707,04:52:48.707,okx,AERO/USDT:USDT,0.9005,9.0,0.9004,188.0,0.9007,8.0,0.9008,17.0
1753591969107,04:52:49.107,okx,AERO/USDT:USDT,0.9005,9.0,0.9004,188.0,0.9007,8.0,0.9008,17.0
1753591969707,04:52:49.707,okx,AERO/USDT:USDT,0.9005,37.0,0.9004,159.0,0.9007,8.0,0.9008,17.0
1753591970407,04:52:50.407,okx,AERO/USDT:USDT,0.9005,37.0,0.9004,159.0,0.9007,8.0,0.9008,17.0
1753591970807,04:52:50.807,okx,AERO/USDT:USDT,0.9005,37.0,0.9004,159.0,0.9007,8.0,0.9008,17.0
1753591970907,04:52:50.907,okx,AERO/USDT:USDT,0.9005,28.0,0.9004,152.0,0.9007,8.0,0.9008,26.0
1753591971307,04:52:51.307,okx,AERO/USDT:USDT,0.9005,37.0,0.9004,159.0,0.9007,8.0,0.9008,17.0
1753591971407,04:52:51.407,okx,AERO/USDT:USDT,0.9005,37.0,0.9004,159.0,0.9007,8.0,0.9008,17.0
1753591971907,04:52:51.907,okx,AERO/USDT:USDT,0.9005,37.0,0.9004,159.0,0.9007,8.0,0.9008,17.0
1753591972007,04:52:52.007,okx,AERO/USDT:USDT,0.9005,37.0,0.9004,159.0,0.9007,8.0,0.9008,17.0
1753591972107,04:52:52.107,okx,AERO/USDT:USDT,0.9005,37.0,0.9004,159.0,0.9007,8.0,0.9008,17.0
1753591972207,04:52:52.207,okx,AERO/USDT:USDT,0.9005,37.0,0.9004,159.0,0.9007,8.0,0.9008,17.0
1753591973207,04:52:53.207,okx,AERO/USDT:USDT,0.9006,9.0,0.9005,37.0,0.9007,8.0,0.9008,17.0
1753591973807,04:52:53.807,okx,AERO/USDT:USDT,0.9005,37.0,0.9004,159.0,0.9007,8.0,0.9008,17.0
1753591974507,04:52:54.507,okx,AERO/USDT:USDT,0.9006,9.0,0.9005,37.0,0.9007,8.0,0.9008,17.0
1753591974807,04:52:54.807,okx,AERO/USDT:USDT,0.9006,9.0,0.9005,37.0,0.9007,8.0,0.9008,17.0
1753591975407,04:52:55.407,okx,AERO/USDT:USDT,0.9006,9.0,0.9005,37.0,0.9007,8.0,0.9008,17.0
1753591975807,04:52:55.807,okx,AERO/USDT:USDT,0.9005,28.0,0.9004,159.0,0.9007,8.0,0.9008,17.0
1753591976107,04:52:56.107,okx,AERO/USDT:USDT,0.9005,28.0,0.9004,159.0,0.9007,8.0,0.9008,19.0
1753591976607,04:52:56.607,okx,AERO/USDT:USDT,0.9005,37.0,0.9004,159.0,0.9007,8.0,0.9008,17.0
1753591977107,04:52:57.107,okx,AERO/USDT:USDT,0.9005,28.0,0.9004,159.0,0.9007,8.0,0.9008,19.0
1753591977607,04:52:57.607,okx,AERO/USDT:USDT,0.9005,28.0,0.9004,159.0,0.9007,8.0,0.9008,19.0
1753591977807,04:52:57.807,okx,AERO/USDT:USDT,0.9005,28.0,0.9004,159.0,0.9007,8.0,0.9008,26.0
1753591978507,04:52:58.507,okx,AERO/USDT:USDT,0.9006,7.0,0.9005,37.0,0.9007,8.0,0.9008,17.0
1753591978707,04:52:58.707,okx,AERO/USDT:USDT,0.9006,7.0,0.9005,37.0,0.9007,8.0,0.9008,17.0
1753591978807,04:52:58.807,okx,AERO/USDT:USDT,0.9006,7.0,0.9005,37.0,0.9007,8.0,0.9008,17.0
1753591979407,04:52:59.407,okx,AERO/USDT:USDT,0.9006,2.0,0.9005,9.0,0.9007,8.0,0.9008,17.0
1753591979607,04:52:59.607,okx,AERO/USDT:USDT,0.9006,9.0,0.9005,9.0,0.9007,8.0,0.9008,17.0
1753591980407,04:53:00.407,okx,AERO/USDT:USDT,0.9006,11.0,0.9005,59.0,0.9008,26.0,0.9009,8.0
1753591980707,04:53:00.707,okx,AERO/USDT:USDT,0.9006,11.0,0.9005,49.0,0.9008,26.0,0.9009,8.0
1753591980907,04:53:00.907,okx,AERO/USDT:USDT,0.9006,11.0,0.9005,50.0,0.9008,26.0,0.9009,8.0
1753591981107,04:53:01.107,okx,AERO/USDT:USDT,0.9006,11.0,0.9005,50.0,0.9008,26.0,0.9009,8.0
1753591981707,04:53:01.707,okx,AERO/USDT:USDT,0.9006,11.0,0.9005,50.0,0.9008,26.0,0.9009,8.0
1753591981907,04:53:01.907,okx,AERO/USDT:USDT,0.9005,41.0,0.9004,157.0,0.9008,28.0,0.9009,17.0
1753591982207,04:53:02.207,okx,AERO/USDT:USDT,0.9006,2.0,0.9005,50.0,0.9008,26.0,0.9009,8.0
1753591982507,04:53:02.507,okx,AERO/USDT:USDT,0.9006,2.0,0.9005,192.0,0.9008,26.0,0.9009,17.0
1753591982607,04:53:02.607,okx,AERO/USDT:USDT,0.9006,2.0,0.9005,201.0,0.9008,26.0,0.9009,8.0
1753591982707,04:53:02.707,okx,AERO/USDT:USDT,0.9005,192.0,0.9004,10.0,0.9008,26.0,0.9009,17.0
1753591983207,04:53:03.207,okx,AERO/USDT:USDT,0.9006,2.0,0.9005,201.0,0.9008,26.0,0.9009,8.0
1753591983407,04:53:03.407,okx,AERO/USDT:USDT,0.9006,2.0,0.9005,201.0,0.9008,26.0,0.9009,10.0
1753591983607,04:53:03.607,okx,AERO/USDT:USDT,0.9005,152.0,0.9004,47.0,0.9008,35.0,0.9009,65.0
1753591983807,04:53:03.807,okx,AERO/USDT:USDT,0.9005,152.0,0.9004,47.0,0.9008,35.0,0.9009,65.0
1753591984307,04:53:04.307,okx,AERO/USDT:USDT,0.9005,152.0,0.9004,54.0,0.9008,27.0,0.9009,57.0
1753591984507,04:53:04.507,okx,AERO/USDT:USDT,0.9005,152.0,0.9004,54.0,0.9008,27.0,0.9009,57.0
1753591984707,04:53:04.707,okx,AERO/USDT:USDT,0.9005,152.0,0.9004,54.0,0.9008,27.0,0.9009,57.0
1753591987807,04:53:07.807,okx,AERO/USDT:USDT,0.9006,2.0,0.9005,161.0,0.9008,18.0,0.9009,50.0
1753591987907,04:53:07.907,okx,AERO/USDT:USDT,0.9005,152.0,0.9004,56.0,0.9008,27.0,0.9009,57.0
1753591988007,04:53:08.007,okx,AERO/USDT:USDT,0.9005,152.0,0.9004,56.0,0.9008,27.0,0.9009,57.0
1753591988307,04:53:08.307,okx,AERO/USDT:USDT,0.9005,152.0,0.9004,56.0,0.9008,27.0,0.9009,57.0
1753591988707,04:53:08.707,okx,AERO/USDT:USDT,0.9006,2.0,0.9005,154.0,0.9008,18.0,0.9009,57.0
1753591988807,04:53:08.807,okx,AERO/USDT:USDT,0.9006,2.0,0.9005,154.0,0.9008,18.0,0.9009,57.0
1753591990807,04:53:10.807,okx,AERO/USDT:USDT,0.9005,152.0,0.9004,47.0,0.9008,27.0,0.9009,65.0
1753591990907,04:53:10.907,okx,AERO/USDT:USDT,0.9005,152.0,0.9004,47.0,0.9008,27.0,0.9009,65.0
1753591991007,04:53:11.007,okx,AERO/USDT:USDT,0.9005,152.0,0.9004,47.0,0.9008,27.0,0.9009,65.0
1753591991107,04:53:11.107,okx,AERO/USDT:USDT,0.9005,152.0,0.9004,47.0,0.9008,27.0,0.9009,65.0
1753591991607,04:53:11.607,okx,AERO/USDT:USDT,0.9005,152.0,0.9004,47.0,0.9008,27.0,0.9009,65.0
1753591991707,04:53:11.707,okx,AERO/USDT:USDT,0.9005,152.0,0.9004,47.0,0.9008,27.0,0.9009,65.0
1753591992207,04:53:12.207,okx,AERO/USDT:USDT,0.9005,152.0,0.9004,47.0,0.9008,27.0,0.9009,65.0
1753591992307,04:53:12.307,okx,AERO/USDT:USDT,0.9005,152.0,0.9004,47.0,0.9008,27.0,0.9009,65.0
1753591992407,04:53:12.407,okx,AERO/USDT:USDT,0.9001,42.0,0.9,11.0,0.9005,16.0,0.9006,39.0
1753591992507,04:53:12.507,okx,AERO/USDT:USDT,0.9001,42.0,0.9,11.0,0.9005,16.0,0.9006,39.0
1753591992807,04:53:12.807,okx,AERO/USDT:USDT,0.9001,10.0,0.9,18.0,0.9005,26.0,0.9006,39.0
1753591993007,04:53:13.007,okx,AERO/USDT:USDT,0.9001,55.0,0.9,18.0,0.9004,17.0,0.9005,19.0
1753591993307,04:53:13.307,okx,AERO/USDT:USDT,0.9001,55.0,0.9,18.0,0.9005,30.0,0.9006,69.0
1753591993707,04:53:13.707,okx,AERO/USDT:USDT,0.9001,55.0,0.9,18.0,0.9005,30.0,0.9006,69.0
1753591994607,04:53:14.607,okx,AERO/USDT:USDT,0.9001,55.0,0.9,18.0,0.9005,30.0,0.9006,71.0
1753591994707,04:53:14.707,okx,AERO/USDT:USDT,0.9001,55.0,0.9,18.0,0.9005,30.0,0.9006,71.0
1753591994907,04:53:14.907,okx,AERO/USDT:USDT,0.9001,55.0,0.9,18.0,0.9005,30.0,0.9006,71.0
1753591995107,04:53:15.107,okx,AERO/USDT:USDT,0.9002,2.0,0.9001,64.0,0.9005,21.0,0.9006,71.0
1753591995207,04:53:15.207,okx,AERO/USDT:USDT,0.9002,2.0,0.9001,64.0,0.9005,21.0,0.9006,71.0
1753591995307,04:53:15.307,okx,AERO/USDT:USDT,0.9002,2.0,0.9001,64.0,0.9005,21.0,0.9006,71.0
1753591995607,04:53:15.607,okx,AERO/USDT:USDT,0.9002,2.0,0.9001,64.0,0.9005,21.0,0.9006,71.0
1753591995707,04:53:15.707,okx,AERO/USDT:USDT,0.9002,2.0,0.9001,64.0,0.9005,21.0,0.9006,71.0
1753591996307,04:53:16.307,okx,AERO/USDT:USDT,0.9002,2.0,0.9001,64.0,0.9005,21.0,0.9006,71.0
1753591996407,04:53:16.407,okx,AERO/USDT:USDT,0.9002,9.0,0.9001,64.0,0.9005,21.0,0.9006,64.0
1753591996507,04:53:16.507,okx,AERO/USDT:USDT,0.9003,2.0,0.9002,7.0,0.9005,21.0,0.9006,64.0
1753591997507,04:53:17.507,okx,AERO/USDT:USDT,0.9001,57.0,0.9,18.0,0.9005,19.0,0.9006,69.0
1753591997707,04:53:17.707,okx,AERO/USDT:USDT,0.9001,55.0,0.9,18.0,0.9005,19.0,0.9006,69.0
1753591997807,04:53:17.807,okx,AERO/USDT:USDT,0.9001,55.0,0.9,18.0,0.9005,19.0,0.9006,69.0
1753591997907,04:53:17.907,okx,AERO/USDT:USDT,0.9001,57.0,0.9,18.0,0.9005,19.0,0.9006,69.0
1753591998107,04:53:18.107,okx,AERO/USDT:USDT,0.9001,57.0,0.9,18.0,0.9005,52.0,0.9006,26.0
1753591998907,04:53:18.907,okx,AERO/USDT:USDT,0.9002,2.0,0.9001,64.0,0.9005,45.0,0.9006,28.0
1753591999107,04:53:19.107,okx,AERO/USDT:USDT,0.9001,57.0,0.9,18.0,0.9005,52.0,0.9006,26.0
1753591999307,04:53:19.307,okx,AERO/USDT:USDT,0.9001,57.0,0.9,18.0,0.9005,52.0,0.9006,26.0
1753591999607,04:53:19.607,okx,AERO/USDT:USDT,0.9001,57.0,0.9,18.0,0.9005,52.0,0.9006,26.0
1753592000107,04:53:20.107,okx,AERO/USDT:USDT,0.9003,9.0,0.9002,10.0,0.9005,43.0,0.9006,19.0
1753592000207,04:53:20.207,okx,AERO/USDT:USDT,0.9002,9.0,0.9001,64.0,0.9005,43.0,0.9006,21.0
1753592000307,04:53:20.307,okx,AERO/USDT:USDT,0.9002,2.0,0.9001,64.0,0.9005,43.0,0.9006,28.0
1753592000707,04:53:20.707,okx,AERO/USDT:USDT,0.9003,2.0,0.9002,10.0,0.9005,45.0,0.9006,19.0
1753592001107,04:53:21.107,okx,AERO/USDT:USDT,0.9003,2.0,0.9002,10.0,0.9005,45.0,0.9006,19.0
1753592001607,04:53:21.607,okx,AERO/USDT:USDT,0.9002,10.0,0.9001,72.0,0.9005,45.0,0.9006,21.0
1753592001707,04:53:21.707,okx,AERO/USDT:USDT,0.9003,2.0,0.9002,9.0,0.9005,45.0,0.9006,13.0
1753592002407,04:53:22.407,okx,AERO/USDT:USDT,0.9003,9.0,0.9002,20.0,0.9005,12.0,0.9006,51.0
1753592002607,04:53:22.607,okx,AERO/USDT:USDT,0.9003,2.0,0.9002,20.0,0.9005,12.0,0.9006,51.0
1753592003007,04:53:23.007,okx,AERO/USDT:USDT,0.9003,11.0,0.9002,20.0,0.9005,12.0,0.9006,51.0
1753592003707,04:53:23.707,okx,AERO/USDT:USDT,0.9003,11.0,0.9002,20.0,0.9005,12.0,0.9006,51.0
1753592003807,04:53:23.807,okx,AERO/USDT:USDT,0.9003,11.0,0.9002,20.0,0.9005,12.0,0.9006,51.0
1753592003907,04:53:23.907,okx,AERO/USDT:USDT,0.9003,11.0,0.9002,20.0,0.9005,12.0,0.9006,51.0
1753592004107,04:53:24.107,okx,AERO/USDT:USDT,0.9003,11.0,0.9002,20.0,0.9005,12.0,0.9006,51.0
1753592004707,04:53:24.707,okx,AERO/USDT:USDT,0.9003,9.0,0.9002,20.0,0.9005,12.0,0.9006,51.0
1753592004907,04:53:24.907,okx,AERO/USDT:USDT,0.9003,9.0,0.9002,20.0,0.9005,12.0,0.9006,51.0
1753592005107,04:53:25.107,okx,AERO/USDT:USDT,0.9003,9.0,0.9002,20.0,0.9005,12.0,0.9006,51.0
1753592005307,04:53:25.307,okx,AERO/USDT:USDT,0.9003,9.0,0.9002,20.0,0.9005,12.0,0.9006,51.0
1753592005507,04:53:25.507,okx,AERO/USDT:USDT,0.9003,9.0,0.9002,20.0,0.9005,12.0,0.9006,51.0
1753592005707,04:53:25.707,okx,AERO/USDT:USDT,0.9002,20.0,0.9001,70.0,0.9005,12.0,0.9006,53.0
1753592005907,04:53:25.907,okx,AERO/USDT:USDT,0.9002,19.0,0.9001,62.0,0.9005,12.0,0.9006,53.0
1753592006707,04:53:26.707,okx,AERO/USDT:USDT,0.9003,11.0,0.9002,20.0,0.9005,12.0,0.9006,51.0
1753592006807,04:53:26.807,okx,AERO/USDT:USDT,0.9003,11.0,0.9002,20.0,0.9005,12.0,0.9006,51.0
1753592007107,04:53:27.107,okx,AERO/USDT:USDT,0.9003,11.0,0.9002,20.0,0.9005,12.0,0.9006,51.0
1753592007307,04:53:27.307,okx,AERO/USDT:USDT,0.9003,11.0,0.9002,20.0,0.9005,12.0,0.9006,51.0
1753592007407,04:53:27.407,okx,AERO/USDT:USDT,0.9003,11.0,0.9002,20.0,0.9005,12.0,0.9006,51.0
1753592007707,04:53:27.707,okx,AERO/USDT:USDT,0.9003,11.0,0.9002,20.0,0.9005,12.0,0.9006,51.0
1753592007907,04:53:27.907,okx,AERO/USDT:USDT,0.9003,11.0,0.9002,20.0,0.9005,12.0,0.9006,51.0
1753592009207,04:53:29.207,okx,AERO/USDT:USDT,0.9003,2.0,0.9002,20.0,0.9005,12.0,0.9006,51.0
1753592009407,04:53:29.407,okx,AERO/USDT:USDT,0.9003,2.0,0.9002,20.0,0.9005,12.0,0.9006,51.0
1753592009507,04:53:29.507,okx,AERO/USDT:USDT,0.9003,9.0,0.9002,20.0,0.9005,12.0,0.9006,51.0
1753592009707,04:53:29.707,okx,AERO/USDT:USDT,0.9003,9.0,0.9002,20.0,0.9005,12.0,0.9006,51.0
1753592010207,04:53:30.207,okx,AERO/USDT:USDT,0.9003,9.0,0.9002,20.0,0.9005,12.0,0.9006,51.0
1753592010307,04:53:30.307,okx,AERO/USDT:USDT,0.9003,9.0,0.9002,20.0,0.9005,12.0,0.9006,51.0
1753592010507,04:53:30.507,okx,AERO/USDT:USDT,0.9003,9.0,0.9002,20.0,0.9005,12.0,0.9006,51.0
1753592011007,04:53:31.007,okx,AERO/USDT:USDT,0.9003,9.0,0.9002,20.0,0.9005,12.0,0.9006,51.0
1753592012307,04:53:32.307,okx,AERO/USDT:USDT,0.9003,9.0,0.9002,20.0,0.9005,12.0,0.9006,51.0
1753592012507,04:53:32.507,okx,AERO/USDT:USDT,0.9003,9.0,0.9002,20.0,0.9005,12.0,0.9006,51.0
1753592013007,04:53:33.007,okx,AERO/USDT:USDT,0.9003,9.0,0.9002,20.0,0.9005,12.0,0.9006,51.0
1753592014407,04:53:34.407,okx,AERO/USDT:USDT,0.9003,9.0,0.9002,20.0,0.9005,12.0,0.9006,51.0
1753592014507,04:53:34.507,okx,AERO/USDT:USDT,0.9003,9.0,0.9002,20.0,0.9005,12.0,0.9006,51.0
1753592015007,04:53:35.007,okx,AERO/USDT:USDT,0.9003,9.0,0.9002,20.0,0.9005,12.0,0.9006,51.0
1753592015907,04:53:35.907,okx,AERO/USDT:USDT,0.9003,9.0,0.9002,20.0,0.9005,12.0,0.9006,51.0
1753592016607,04:53:36.607,okx,AERO/USDT:USDT,0.9003,9.0,0.9002,20.0,0.9005,12.0,0.9006,51.0
1753592016707,04:53:36.707,okx,AERO/USDT:USDT,0.9003,9.0,0.9002,20.0,0.9005,12.0,0.9006,51.0
1753592016907,04:53:36.907,okx,AERO/USDT:USDT,0.9003,9.0,0.9002,20.0,0.9005,12.0,0.9006,51.0
1753592017207,04:53:37.207,okx,AERO/USDT:USDT,0.9003,9.0,0.9002,20.0,0.9005,12.0,0.9006,51.0
1753592017807,04:53:37.807,okx,AERO/USDT:USDT,0.9003,9.0,0.9002,20.0,0.9005,12.0,0.9006,51.0
1753592018507,04:53:38.507,okx,AERO/USDT:USDT,0.9002,19.0,0.9001,62.0,0.9005,12.0,0.9006,60.0
1753592018807,04:53:38.807,okx,AERO/USDT:USDT,0.9003,11.0,0.9002,20.0,0.9005,12.0,0.9006,51.0
1753592019807,04:53:39.807,okx,AERO/USDT:USDT,0.9003,11.0,0.9002,20.0,0.9005,12.0,0.9006,51.0
1753592019907,04:53:39.907,okx,AERO/USDT:USDT,0.9003,11.0,0.9002,20.0,0.9005,12.0,0.9006,51.0
1753592020407,04:53:40.407,okx,AERO/USDT:USDT,0.9003,11.0,0.9002,20.0,0.9005,12.0,0.9006,51.0
1753592020507,04:53:40.507,okx,AERO/USDT:USDT,0.9005,11.0,0.9004,9.0,0.9007,71.0,0.9008,23.0
1753592020707,04:53:40.707,okx,AERO/USDT:USDT,0.9005,2.0,0.9004,10.0,0.9007,71.0,0.9008,30.0
1753592021307,04:53:41.307,okx,AERO/USDT:USDT,0.9005,2.0,0.9004,10.0,0.9007,71.0,0.9008,23.0
1753592021407,04:53:41.407,okx,AERO/USDT:USDT,0.9005,2.0,0.9004,10.0,0.9007,71.0,0.9008,23.0
1753592021607,04:53:41.607,okx,AERO/USDT:USDT,0.9005,2.0,0.9004,10.0,0.9007,71.0,0.9008,30.0
1753592022307,04:53:42.307,okx,AERO/USDT:USDT,0.9005,9.0,0.9004,10.0,0.9007,71.0,0.9008,23.0
1753592023007,04:53:43.007,okx,AERO/USDT:USDT,0.9005,9.0,0.9004,10.0,0.9007,71.0,0.9008,23.0
1753592023407,04:53:43.407,okx,AERO/USDT:USDT,0.9005,9.0,0.9004,10.0,0.9007,71.0,0.9008,23.0
1753592023607,04:53:43.607,okx,AERO/USDT:USDT,0.9005,9.0,0.9004,10.0,0.9007,71.0,0.9008,23.0
1753592024207,04:53:44.207,okx,AERO/USDT:USDT,0.9005,9.0,0.9004,10.0,0.9007,71.0,0.9008,23.0
1753592024707,04:53:44.707,okx,AERO/USDT:USDT,0.9005,9.0,0.9004,10.0,0.9007,71.0,0.9008,23.0
1753592025207,04:53:45.207,okx,AERO/USDT:USDT,0.9005,9.0,0.9004,10.0,0.9007,71.0,0.9008,23.0
1753592025307,04:53:45.307,okx,AERO/USDT:USDT,0.9005,9.0,0.9004,10.0,0.9007,71.0,0.9008,23.0
1753592025407,04:53:45.407,okx,AERO/USDT:USDT,0.9005,9.0,0.9004,10.0,0.9007,71.0,0.9008,23.0
1753592026007,04:53:46.007,okx,AERO/USDT:USDT,0.9005,9.0,0.9004,10.0,0.9007,71.0,0.9008,23.0
1753592026507,04:53:46.507,okx,AERO/USDT:USDT,0.9005,9.0,0.9004,10.0,0.9007,71.0,0.9008,23.0
1753592027107,04:53:47.107,okx,AERO/USDT:USDT,0.9005,9.0,0.9004,10.0,0.9007,71.0,0.9008,23.0
1753592027307,04:53:47.307,okx,AERO/USDT:USDT,0.9005,9.0,0.9004,10.0,0.9007,71.0,0.9008,23.0
1753592027507,04:53:47.507,okx,AERO/USDT:USDT,0.9005,9.0,0.9004,10.0,0.9007,71.0,0.9008,23.0
1753592027907,04:53:47.907,okx,AERO/USDT:USDT,0.9005,9.0,0.9004,10.0,0.9007,71.0,0.9008,23.0
1753592028107,04:53:48.107,okx,AERO/USDT:USDT,0.9005,9.0,0.9004,20.0,0.9007,33.0,0.9008,23.0
1753592028407,04:53:48.407,okx,AERO/USDT:USDT,0.9005,9.0,0.9004,20.0,0.9007,33.0,0.9008,23.0
1753592028507,04:53:48.507,okx,AERO/USDT:USDT,0.9005,9.0,0.9004,20.0,0.9007,33.0,0.9008,23.0
1753592028607,04:53:48.607,okx,AERO/USDT:USDT,0.9005,9.0,0.9004,20.0,0.9007,33.0,0.9008,23.0
1753592029007,04:53:49.007,okx,AERO/USDT:USDT,0.9005,9.0,0.9004,20.0,0.9007,33.0,0.9008,23.0
1753592029807,04:53:49.807,okx,AERO/USDT:USDT,0.9005,9.0,0.9004,20.0,0.9007,33.0,0.9008,23.0
1753592030407,04:53:50.407,okx,AERO/USDT:USDT,0.9005,2.0,0.9004,20.0,0.9007,33.0,0.9008,23.0
1753592030807,04:53:50.807,okx,AERO/USDT:USDT,0.9005,9.0,0.9004,20.0,0.9007,33.0,0.9008,23.0
1753592031507,04:53:51.507,okx,AERO/USDT:USDT,0.9005,9.0,0.9004,20.0,0.9007,33.0,0.9008,23.0
1753592031807,04:53:51.807,okx,AERO/USDT:USDT,0.9005,9.0,0.9004,20.0,0.9007,33.0,0.9008,23.0
1753592031907,04:53:51.907,okx,AERO/USDT:USDT,0.9005,9.0,0.9004,20.0,0.9007,33.0,0.9008,23.0
1753592032207,04:53:52.207,okx,AERO/USDT:USDT,0.9005,9.0,0.9004,20.0,0.9007,33.0,0.9008,23.0
1753592032707,04:53:52.707,okx,AERO/USDT:USDT,0.9006,2.0,0.9005,9.0,0.9008,61.0,0.9009,41.0
1753592032907,04:53:52.907,okx,AERO/USDT:USDT,0.9006,2.0,0.9005,9.0,0.9008,61.0,0.9009,41.0
1753592033107,04:53:53.107,okx,AERO/USDT:USDT,0.9005,2.0,0.9004,18.0,0.9008,61.0,0.9009,48.0
1753592034007,04:53:54.007,okx,AERO/USDT:USDT,0.9005,2.0,0.9004,18.0,0.9008,61.0,0.9009,48.0
1753592034607,04:53:54.607,okx,AERO/USDT:USDT,0.9006,4.0,0.9005,9.0,0.9008,61.0,0.9009,41.0
1753592034907,04:53:54.907,okx,AERO/USDT:USDT,0.9004,19.0,0.9003,62.0,0.9008,63.0,0.9009,48.0
1753592035507,04:53:55.507,okx,AERO/USDT:USDT,0.9004,19.0,0.9003,62.0,0.9008,63.0,0.9009,48.0
1753592035807,04:53:55.807,okx,AERO/USDT:USDT,0.9004,19.0,0.9003,62.0,0.9008,63.0,0.9009,48.0
1753592036207,04:53:56.207,okx,AERO/USDT:USDT,0.9004,19.0,0.9003,62.0,0.9008,63.0,0.9009,48.0
1753592036407,04:53:56.407,okx,AERO/USDT:USDT,0.9004,19.0,0.9003,62.0,0.9008,63.0,0.9009,48.0
1753592037707,04:53:57.707,okx,AERO/USDT:USDT,0.9007,9.0,0.9006,9.0,0.9008,48.0,0.9009,10.0
1753592037807,04:53:57.807,okx,AERO/USDT:USDT,0.9007,9.0,0.9006,9.0,0.9008,48.0,0.9009,10.0
1753592037907,04:53:57.907,okx,AERO/USDT:USDT,0.9007,9.0,0.9006,9.0,0.9008,48.0,0.9009,10.0
1753592038307,04:53:58.307,okx,AERO/USDT:USDT,0.9007,9.0,0.9006,9.0,0.9008,48.0,0.9009,10.0
1753592038507,04:53:58.507,okx,AERO/USDT:USDT,0.9007,9.0,0.9006,9.0,0.9008,48.0,0.9009,10.0
1753592038707,04:53:58.707,okx,AERO/USDT:USDT,0.9007,9.0,0.9006,9.0,0.9008,48.0,0.9009,10.0
1753592039307,04:53:59.307,okx,AERO/USDT:USDT,0.9007,9.0,0.9006,9.0,0.9008,48.0,0.9009,10.0
1753592039507,04:53:59.507,okx,AERO/USDT:USDT,0.9007,9.0,0.9006,9.0,0.9008,48.0,0.9009,10.0
1753592039907,04:53:59.907,okx,AERO/USDT:USDT,0.9007,9.0,0.9006,9.0,0.9008,48.0,0.9009,10.0
1753592040007,04:54:00.007,okx,AERO/USDT:USDT,0.9007,9.0,0.9006,9.0,0.9008,48.0,0.9009,10.0
1753592041007,04:54:01.007,okx,AERO/USDT:USDT,0.9007,9.0,0.9006,10.0,0.9008,48.0,0.9009,10.0
1753592041207,04:54:01.207,okx,AERO/USDT:USDT,0.9007,3.0,0.9006,10.0,0.9008,48.0,0.9009,10.0
1753592042507,04:54:02.507,okx,AERO/USDT:USDT,0.9007,10.0,0.9006,10.0,0.9008,48.0,0.9009,10.0
1753592042807,04:54:02.807,okx,AERO/USDT:USDT,0.9007,10.0,0.9006,10.0,0.9008,48.0,0.9009,10.0
1753592043007,04:54:03.007,okx,AERO/USDT:USDT,0.9007,10.0,0.9006,10.0,0.9008,48.0,0.9009,10.0
1753592044207,04:54:04.207,okx,AERO/USDT:USDT,0.9007,10.0,0.9006,10.0,0.9008,48.0,0.9009,10.0
1753592044307,04:54:04.307,okx,AERO/USDT:USDT,0.9007,10.0,0.9006,10.0,0.9008,48.0,0.9009,10.0
1753592044407,04:54:04.407,okx,AERO/USDT:USDT,0.9007,10.0,0.9006,10.0,0.9008,48.0,0.9009,10.0
1753592044507,04:54:04.507,okx,AERO/USDT:USDT,0.9007,3.0,0.9006,10.0,0.9008,48.0,0.9009,10.0
1753592044907,04:54:04.907,okx,AERO/USDT:USDT,0.9007,3.0,0.9006,10.0,0.9008,48.0,0.9009,10.0
1753592045907,04:54:05.907,okx,AERO/USDT:USDT,0.9007,1.0,0.9006,10.0,0.9008,48.0,0.9009,10.0
1753592046307,04:54:06.307,okx,AERO/USDT:USDT,0.9007,3.0,0.9006,10.0,0.9008,48.0,0.9009,10.0
1753592046507,04:54:06.507,okx,AERO/USDT:USDT,0.9007,3.0,0.9006,10.0,0.9008,48.0,0.9009,10.0
1753592047207,04:54:07.207,okx,AERO/USDT:USDT,0.9007,10.0,0.9006,10.0,0.9008,48.0,0.9009,10.0
1753592048207,04:54:08.207,okx,AERO/USDT:USDT,0.9007,10.0,0.9006,10.0,0.9008,48.0,0.9009,10.0
1753592048407,04:54:08.407,okx,AERO/USDT:USDT,0.9007,10.0,0.9006,10.0,0.9008,48.0,0.9009,10.0
1753592048707,04:54:08.707,okx,AERO/USDT:USDT,0.9007,10.0,0.9006,10.0,0.9008,48.0,0.9009,10.0
1753592048807,04:54:08.807,okx,AERO/USDT:USDT,0.9007,10.0,0.9006,10.0,0.9008,48.0,0.9009,10.0
1753592048907,04:54:08.907,okx,AERO/USDT:USDT,0.9007,10.0,0.9006,10.0,0.9008,48.0,0.9009,10.0
1753592049207,04:54:09.207,okx,AERO/USDT:USDT,0.9007,10.0,0.9006,10.0,0.9008,48.0,0.9009,10.0
1753592049407,04:54:09.407,okx,AERO/USDT:USDT,0.9007,10.0,0.9006,10.0,0.9008,48.0,0.9009,10.0
1753592050207,04:54:10.207,okx,AERO/USDT:USDT,0.9009,10.0,0.9008,9.0,0.901,18.0,0.9011,5.0
1753592050307,04:54:10.307,okx,AERO/USDT:USDT,0.9009,9.0,0.9008,9.0,0.901,18.0,0.9011,6.0
1753592050507,04:54:10.507,okx,AERO/USDT:USDT,0.9009,9.0,0.9008,9.0,0.901,18.0,0.9011,6.0
1753592050607,04:54:10.607,okx,AERO/USDT:USDT,0.9009,2.0,0.9008,2.0,0.901,1.0,0.9012,67.0
1753592050807,04:54:10.807,okx,AERO/USDT:USDT,0.901,11.0,0.9009,73.0,0.9012,51.0,0.9014,38.0
1753592051007,04:54:11.007,okx,AERO/USDT:USDT,0.9009,10.0,0.9008,58.0,0.9012,58.0,0.9013,58.0
1753592052007,04:54:12.007,okx,AERO/USDT:USDT,0.9009,8.0,0.9008,9.0,0.9012,90.0,0.9013,28.0
1753592052407,04:54:12.407,okx,AERO/USDT:USDT,0.9009,8.0,0.9008,9.0,0.9012,90.0,0.9013,28.0
1753592053207,04:54:13.207,okx,AERO/USDT:USDT,0.9009,8.0,0.9008,9.0,0.9012,90.0,0.9013,28.0
1753592053407,04:54:13.407,okx,AERO/USDT:USDT,0.9009,8.0,0.9008,9.0,0.9012,90.0,0.9013,28.0
1753592053907,04:54:13.907,okx,AERO/USDT:USDT,0.9009,8.0,0.9008,9.0,0.9012,90.0,0.9013,28.0
1753592054107,04:54:14.107,okx,AERO/USDT:USDT,0.9009,8.0,0.9008,9.0,0.9012,90.0,0.9013,28.0
1753592054207,04:54:14.207,okx,AERO/USDT:USDT,0.9009,8.0,0.9008,9.0,0.9012,90.0,0.9013,28.0
1753592054307,04:54:14.307,okx,AERO/USDT:USDT,0.9009,8.0,0.9008,9.0,0.9012,90.0,0.9013,28.0
1753592056207,04:54:16.207,okx,AERO/USDT:USDT,0.9009,8.0,0.9008,9.0,0.9012,90.0,0.9013,28.0
1753592057107,04:54:17.107,okx,AERO/USDT:USDT,0.9009,10.0,0.9008,46.0,0.9012,51.0,0.9013,48.0
1753592057407,04:54:17.407,okx,AERO/USDT:USDT,0.9009,17.0,0.9008,46.0,0.9012,51.0,0.9013,41.0
1753592057607,04:54:17.607,okx,AERO/USDT:USDT,0.9009,17.0,0.9008,46.0,0.9012,51.0,0.9013,41.0
1753592057707,04:54:17.707,okx,AERO/USDT:USDT,0.9009,17.0,0.9008,46.0,0.9012,51.0,0.9013,41.0
1753592057907,04:54:17.907,okx,AERO/USDT:USDT,0.9009,17.0,0.9008,46.0,0.9012,51.0,0.9013,41.0
1753592058107,04:54:18.107,okx,AERO/USDT:USDT,0.9009,17.0,0.9008,46.0,0.9012,51.0,0.9013,41.0
1753592058907,04:54:18.907,okx,AERO/USDT:USDT,0.9009,10.0,0.9008,46.0,0.9012,51.0,0.9013,48.0
1753592059207,04:54:19.207,okx,AERO/USDT:USDT,0.9009,10.0,0.9008,46.0,0.9012,51.0,0.9013,48.0
1753592059407,04:54:19.407,okx,AERO/USDT:USDT,0.9009,8.0,0.9008,41.0,0.9012,60.0,0.9013,48.0
1753592060007,04:54:20.007,okx,AERO/USDT:USDT,0.9009,10.0,0.9008,48.0,0.9012,51.0,0.9013,48.0
1753592060407,04:54:20.407,okx,AERO/USDT:USDT,0.9009,10.0,0.9008,48.0,0.9012,51.0,0.9013,48.0
1753592060707,04:54:20.707,okx,AERO/USDT:USDT,0.9009,52.0,0.9008,18.0,0.9012,51.0,0.9013,41.0
1753592061607,04:54:21.607,okx,AERO/USDT:USDT,0.9009,52.0,0.9008,18.0,0.9012,51.0,0.9013,39.0
1753592061807,04:54:21.807,okx,AERO/USDT:USDT,0.9009,52.0,0.9008,18.0,0.9012,51.0,0.9013,41.0
1753592062307,04:54:22.307,okx,AERO/USDT:USDT,0.9009,52.0,0.9008,18.0,0.9012,51.0,0.9013,41.0
1753592063207,04:54:23.207,okx,AERO/USDT:USDT,0.9008,47.0,0.9007,16.0,0.9012,70.0,0.9013,59.0
1753592063307,04:54:23.307,okx,AERO/USDT:USDT,0.9008,47.0,0.9007,16.0,0.9012,70.0,0.9013,59.0
1753592063907,04:54:23.907,okx,AERO/USDT:USDT,0.9008,56.0,0.9007,16.0,0.9012,70.0,0.9013,59.0
1753592065607,04:54:25.607,okx,AERO/USDT:USDT,0.9008,56.0,0.9007,16.0,0.9012,61.0,0.9013,46.0
1753592065807,04:54:25.807,okx,AERO/USDT:USDT,0.9009,47.0,0.9008,18.0,0.9012,61.0,0.9013,39.0
1753592066307,04:54:26.307,okx,AERO/USDT:USDT,0.9009,47.0,0.9008,18.0,0.9012,61.0,0.9013,48.0
1753592066507,04:54:26.507,okx,AERO/USDT:USDT,0.901,47.0,0.9009,9.0,0.9012,61.0,0.9013,8.0
1753592066807,04:54:26.807,okx,AERO/USDT:USDT,0.901,40.0,0.9009,9.0,0.9012,61.0,0.9013,8.0
1753592067007,04:54:27.007,okx,AERO/USDT:USDT,0.901,47.0,0.9009,9.0,0.9012,61.0,0.9013,8.0
1753592068107,04:54:28.107,okx,AERO/USDT:USDT,0.901,38.0,0.9009,9.0,0.9012,61.0,0.9013,8.0
1753592068407,04:54:28.407,okx,AERO/USDT:USDT,0.901,38.0,0.9009,9.0,0.9012,61.0,0.9013,17.0
1753592068507,04:54:28.507,okx,AERO/USDT:USDT,0.901,38.0,0.9009,9.0,0.9012,61.0,0.9013,17.0
1753592068907,04:54:28.907,okx,AERO/USDT:USDT,0.901,38.0,0.9009,9.0,0.9012,61.0,0.9013,10.0
1753592070307,04:54:30.307,okx,AERO/USDT:USDT,0.9009,29.0,0.9007,17.0,0.9012,85.0,0.9013,51.0
1753592070507,04:54:30.507,okx,AERO/USDT:USDT,0.9009,38.0,0.9008,15.0,0.9012,59.0,0.9013,44.0
1753592070607,04:54:30.607,okx,AERO/USDT:USDT,0.9009,38.0,0.9008,15.0,0.9012,59.0,0.9013,44.0
1753592070707,04:54:30.707,okx,AERO/USDT:USDT,0.9009,38.0,0.9008,15.0,0.9012,59.0,0.9013,44.0
1753592070807,04:54:30.807,okx,AERO/USDT:USDT,0.9009,38.0,0.9008,15.0,0.9012,59.0,0.9013,44.0
1753592071007,04:54:31.007,okx,AERO/USDT:USDT,0.9009,38.0,0.9008,15.0,0.9012,59.0,0.9013,44.0
1753592071407,04:54:31.407,okx,AERO/USDT:USDT,0.9009,36.0,0.9008,17.0,0.9012,59.0,0.9013,44.0
1753592072407,04:54:32.407,okx,AERO/USDT:USDT,0.9009,38.0,0.9008,17.0,0.9012,59.0,0.9013,44.0
1753592072907,04:54:32.907,okx,AERO/USDT:USDT,0.9009,29.0,0.9008,17.0,0.9012,59.0,0.9013,51.0
1753592073007,04:54:33.007,okx,AERO/USDT:USDT,0.9009,29.0,0.9008,17.0,0.9012,59.0,0.9013,51.0
1753592073107,04:54:33.107,okx,AERO/USDT:USDT,0.9009,29.0,0.9008,17.0,0.9012,59.0,0.9013,51.0
1753592073307,04:54:33.307,okx,AERO/USDT:USDT,0.9009,29.0,0.9008,17.0,0.9012,59.0,0.9013,51.0
1753592074007,04:54:34.007,okx,AERO/USDT:USDT,0.9009,29.0,0.9008,17.0,0.9012,59.0,0.9013,51.0
1753592074207,04:54:34.207,okx,AERO/USDT:USDT,0.9009,29.0,0.9008,10.0,0.9012,68.0,0.9013,49.0
1753592074307,04:54:34.307,okx,AERO/USDT:USDT,0.9009,29.0,0.9008,17.0,0.9012,59.0,0.9013,49.0
1753592074507,04:54:34.507,okx,AERO/USDT:USDT,0.9009,29.0,0.9008,17.0,0.9012,59.0,0.9013,49.0
1753592074907,04:54:34.907,okx,AERO/USDT:USDT,0.9008,57.0,0.9007,9.0,0.9012,134.0,0.9013,15.0
1753592075007,04:54:35.007,okx,AERO/USDT:USDT,0.9008,57.0,0.9007,9.0,0.9012,134.0,0.9013,15.0
1753592075107,04:54:35.107,okx,AERO/USDT:USDT,0.9008,57.0,0.9007,9.0,0.9012,134.0,0.9013,15.0
1753592075207,04:54:35.207,okx,AERO/USDT:USDT,0.9008,57.0,0.9007,9.0,0.9012,134.0,0.9013,15.0
1753592075307,04:54:35.307,okx,AERO/USDT:USDT,0.9008,57.0,0.9007,16.0,0.9012,134.0,0.9013,15.0
1753592075407,04:54:35.407,okx,AERO/USDT:USDT,0.9008,57.0,0.9007,9.0,0.9012,134.0,0.9013,15.0
1753592075507,04:54:35.507,okx,AERO/USDT:USDT,0.9008,57.0,0.9007,9.0,0.9012,134.0,0.9013,15.0
1753592075707,04:54:35.707,okx,AERO/USDT:USDT,0.9008,57.0,0.9007,16.0,0.9012,134.0,0.9013,15.0
1753592076107,04:54:36.107,okx,AERO/USDT:USDT,0.9008,57.0,0.9007,16.0,0.9012,134.0,0.9013,15.0
1753592076507,04:54:36.507,okx,AERO/USDT:USDT,0.9008,57.0,0.9007,16.0,0.9012,134.0,0.9013,15.0
1753592076807,04:54:36.807,okx,AERO/USDT:USDT,0.9008,8.0,0.9007,38.0,0.9011,40.0,0.9012,69.0
1753592076907,04:54:36.907,okx,AERO/USDT:USDT,0.9008,8.0,0.9007,9.0,0.9011,40.0,0.9012,69.0
1753592077007,04:54:37.007,okx,AERO/USDT:USDT,0.9008,8.0,0.9007,9.0,0.9011,40.0,0.9012,69.0
1753592077907,04:54:37.907,okx,AERO/USDT:USDT,0.9008,8.0,0.9007,9.0,0.9011,40.0,0.9012,69.0
1753592078307,04:54:38.307,okx,AERO/USDT:USDT,0.9008,8.0,0.9007,9.0,0.9011,40.0,0.9012,69.0
1753592078907,04:54:38.907,okx,AERO/USDT:USDT,0.9008,8.0,0.9007,9.0,0.9011,40.0,0.9012,69.0
1753592079007,04:54:39.007,okx,AERO/USDT:USDT,0.9008,8.0,0.9007,9.0,0.9011,40.0,0.9012,69.0
1753592079307,04:54:39.307,okx,AERO/USDT:USDT,0.9008,8.0,0.9007,9.0,0.9011,40.0,0.9012,69.0
1753592079407,04:54:39.407,okx,AERO/USDT:USDT,0.9008,8.0,0.9007,9.0,0.9011,40.0,0.9012,69.0
1753592079507,04:54:39.507,okx,AERO/USDT:USDT,0.9008,8.0,0.9007,9.0,0.9011,40.0,0.9012,69.0
1753592080107,04:54:40.107,okx,AERO/USDT:USDT,0.9008,8.0,0.9007,9.0,0.9011,40.0,0.9012,69.0
1753592081307,04:54:41.307,okx,AERO/USDT:USDT,0.9008,8.0,0.9007,9.0,0.9011,40.0,0.9012,69.0
1753592081407,04:54:41.407,okx,AERO/USDT:USDT,0.9008,8.0,0.9007,9.0,0.9011,40.0,0.9012,69.0
1753592082007,04:54:42.007,okx,AERO/USDT:USDT,0.9007,9.0,0.9006,39.0,0.901,26.0,0.9011,63.0
1753592082107,04:54:42.107,okx,AERO/USDT:USDT,0.9007,9.0,0.9006,39.0,0.901,74.0,0.9011,21.0
1753592082507,04:54:42.507,okx,AERO/USDT:USDT,0.9007,1.0,0.9006,2.0,0.9009,17.0,0.901,58.0
1753592083407,04:54:43.407,okx,AERO/USDT:USDT,0.9007,1.0,0.9006,2.0,0.9009,17.0,0.901,58.0
1753592085207,04:54:45.207,okx,AERO/USDT:USDT,0.9007,1.0,0.9006,2.0,0.9009,53.0,0.901,10.0
1753592085307,04:54:45.307,okx,AERO/USDT:USDT,0.9007,1.0,0.9006,2.0,0.9009,53.0,0.901,10.0
1753592085407,04:54:45.407,okx,AERO/USDT:USDT,0.9007,1.0,0.9006,2.0,0.9009,53.0,0.901,10.0
1753592086007,04:54:46.007,okx,AERO/USDT:USDT,0.9007,1.0,0.9006,2.0,0.9009,53.0,0.901,10.0
1753592086207,04:54:46.207,okx,AERO/USDT:USDT,0.9007,1.0,0.9006,2.0,0.9009,46.0,0.901,10.0
1753592086907,04:54:46.907,okx,AERO/USDT:USDT,0.9007,1.0,0.9006,63.0,0.901,64.0,0.9011,21.0
1753592087407,04:54:47.407,okx,AERO/USDT:USDT,0.9007,18.0,0.9006,63.0,0.9011,55.0,0.9012,71.0
1753592088507,04:54:48.507,okx,AERO/USDT:USDT,0.9007,45.0,0.9006,19.0,0.9011,72.0,0.9012,71.0
1753592088607,04:54:48.607,okx,AERO/USDT:USDT,0.9007,45.0,0.9006,19.0,0.9011,72.0,0.9012,71.0
1753592089107,04:54:49.107,okx,AERO/USDT:USDT,0.9007,45.0,0.9006,17.0,0.9011,74.0,0.9012,71.0
1753592089207,04:54:49.207,okx,AERO/USDT:USDT,0.9007,45.0,0.9006,17.0,0.9011,74.0,0.9012,71.0
1753592090307,04:54:50.307,okx,AERO/USDT:USDT,0.9007,52.0,0.9006,17.0,0.9011,72.0,0.9012,71.0
1753592090607,04:54:50.607,okx,AERO/USDT:USDT,0.9007,45.0,0.9006,17.0,0.9011,74.0,0.9012,71.0
1753592090707,04:54:50.707,okx,AERO/USDT:USDT,0.9007,45.0,0.9006,17.0,0.9011,74.0,0.9012,71.0
1753592090807,04:54:50.807,okx,AERO/USDT:USDT,0.9007,45.0,0.9006,17.0,0.9011,74.0,0.9012,71.0
1753592091207,04:54:51.207,okx,AERO/USDT:USDT,0.9007,43.0,0.9006,12.0,0.901,27.0,0.9011,64.0
1753592091707,04:54:51.707,okx,AERO/USDT:USDT,0.9007,43.0,0.9006,19.0,0.901,17.0,0.9011,64.0
1753592091807,04:54:51.807,okx,AERO/USDT:USDT,0.9007,43.0,0.9006,19.0,0.901,17.0,0.9011,64.0
1753592091907,04:54:51.907,okx,AERO/USDT:USDT,0.9007,43.0,0.9006,19.0,0.901,17.0,0.9011,64.0
1753592092307,04:54:52.307,okx,AERO/USDT:USDT,0.9007,43.0,0.9006,19.0,0.901,17.0,0.9011,64.0
1753592092807,04:54:52.807,okx,AERO/USDT:USDT,0.9007,43.0,0.9006,10.0,0.901,26.0,0.9011,64.0
1753592092907,04:54:52.907,okx,AERO/USDT:USDT,0.9007,43.0,0.9006,10.0,0.901,26.0,0.9011,64.0
1753592093407,04:54:53.407,okx,AERO/USDT:USDT,0.9007,43.0,0.9006,10.0,0.901,26.0,0.9011,64.0
1753592093507,04:54:53.507,okx,AERO/USDT:USDT,0.9007,43.0,0.9006,10.0,0.901,26.0,0.9011,64.0
1753592094407,04:54:54.407,okx,AERO/USDT:USDT,0.9007,1.0,0.9006,43.0,0.901,59.0,0.9011,17.0
1753592095307,04:54:55.307,okx,AERO/USDT:USDT,0.9007,1.0,0.9006,50.0,0.901,50.0,0.9011,17.0
1753592095707,04:54:55.707,okx,AERO/USDT:USDT,0.9007,1.0,0.9006,43.0,0.901,50.0,0.9011,17.0
1753592095807,04:54:55.807,okx,AERO/USDT:USDT,0.9007,1.0,0.9006,43.0,0.901,57.0,0.9011,17.0
1753592096507,04:54:56.507,okx,AERO/USDT:USDT,0.9007,1.0,0.9006,43.0,0.901,59.0,0.9011,17.0
1753592096907,04:54:56.907,okx,AERO/USDT:USDT,0.9007,1.0,0.9006,43.0,0.901,59.0,0.9011,17.0
1753592097007,04:54:57.007,okx,AERO/USDT:USDT,0.9007,1.0,0.9006,43.0,0.901,59.0,0.9011,17.0
1753592097407,04:54:57.407,okx,AERO/USDT:USDT,0.9007,58.0,0.9006,19.0,0.901,17.0,0.9011,41.0
1753592098307,04:54:58.307,okx,AERO/USDT:USDT,0.9007,61.0,0.9006,19.0,0.9012,130.0,0.9013,19.0
1753592098407,04:54:58.407,okx,AERO/USDT:USDT,0.9007,61.0,0.9006,17.0,0.9012,132.0,0.9013,19.0
1753592098507,04:54:58.507,okx,AERO/USDT:USDT,0.9007,68.0,0.9006,17.0,0.9012,132.0,0.9013,19.0
1753592099007,04:54:59.007,okx,AERO/USDT:USDT,0.9007,20.0,0.9006,17.0,0.9012,123.0,0.9013,8.0
1753592099707,04:54:59.707,okx,AERO/USDT:USDT,0.9009,36.0,0.9008,20.0,0.9012,76.0,0.9013,55.0
1753592100007,04:55:00.007,okx,AERO/USDT:USDT,0.9009,36.0,0.9008,20.0,0.9012,76.0,0.9013,55.0
1753592100507,04:55:00.507,okx,AERO/USDT:USDT,0.9008,59.0,0.9007,17.0,0.9011,2.0,0.9012,68.0
1753592101007,04:55:01.007,okx,AERO/USDT:USDT,0.9008,16.0,0.9007,68.0,0.901,1.0,0.9012,106.0
1753592101307,04:55:01.307,okx,AERO/USDT:USDT,0.9008,10.0,0.9007,68.0,0.901,1.0,0.9012,112.0
1753592101507,04:55:01.507,okx,AERO/USDT:USDT,0.9008,18.0,0.9007,68.0,0.901,1.0,0.9012,90.0
1753592101607,04:55:01.607,okx,AERO/USDT:USDT,0.9008,18.0,0.9007,19.0,0.901,1.0,0.9012,90.0
1753592101807,04:55:01.807,okx,AERO/USDT:USDT,0.9008,67.0,0.9007,19.0,0.901,1.0,0.9012,90.0
1753592102007,04:55:02.007,okx,AERO/USDT:USDT,0.9009,48.0,0.9008,19.0,0.9012,68.0,0.9013,8.0
1753592102607,04:55:02.607,okx,AERO/USDT:USDT,0.9009,48.0,0.9008,19.0,0.9012,68.0,0.9013,8.0
1753592102907,04:55:02.907,okx,AERO/USDT:USDT,0.9009,42.0,0.9008,19.0,0.9012,68.0,0.9013,16.0
1753592103807,04:55:03.807,okx,AERO/USDT:USDT,0.9009,48.0,0.9008,19.0,0.9012,68.0,0.9013,8.0
1753592105207,04:55:05.207,okx,AERO/USDT:USDT,0.9009,48.0,0.9008,19.0,0.9012,68.0,0.9013,8.0
1753592105307,04:55:05.307,okx,AERO/USDT:USDT,0.9009,48.0,0.9008,19.0,0.9012,68.0,0.9013,8.0
1753592106507,04:55:06.507,okx,AERO/USDT:USDT,0.9008,18.0,0.9007,17.0,0.9012,86.0,0.9013,52.0
1753592106907,04:55:06.907,okx,AERO/USDT:USDT,0.9008,18.0,0.9007,17.0,0.9012,70.0,0.9013,52.0
1753592107107,04:55:07.107,okx,AERO/USDT:USDT,0.9008,18.0,0.9007,17.0,0.9012,70.0,0.9013,44.0
1753592107207,04:55:07.207,okx,AERO/USDT:USDT,0.9008,50.0,0.9007,7.0,0.9012,104.0,0.9013,10.0
1753592107607,04:55:07.607,okx,AERO/USDT:USDT,0.9008,50.0,0.9007,17.0,0.9012,102.0,0.9013,10.0
1753592107807,04:55:07.807,okx,AERO/USDT:USDT,0.9008,10.0,0.9007,57.0,0.9012,110.0,0.9013,10.0
1753592108207,04:55:08.207,okx,AERO/USDT:USDT,0.9007,53.0,0.9006,18.0,0.9011,38.0,0.9012,60.0
1753592108307,04:55:08.307,okx,AERO/USDT:USDT,0.9007,53.0,0.9006,18.0,0.9011,38.0,0.9012,60.0
1753592108607,04:55:08.607,okx,AERO/USDT:USDT,0.9007,59.0,0.9006,18.0,0.9011,32.0,0.9012,60.0
1753592108707,04:55:08.707,okx,AERO/USDT:USDT,0.9007,59.0,0.9006,18.0,0.9011,32.0,0.9012,60.0
1753592108807,04:55:08.807,okx,AERO/USDT:USDT,0.9007,59.0,0.9006,20.0,0.9011,30.0,0.9012,68.0
1753592109007,04:55:09.007,okx,AERO/USDT:USDT,0.9007,59.0,0.9006,20.0,0.9011,32.0,0.9012,68.0
1753592109507,04:55:09.507,okx,AERO/USDT:USDT,0.9007,59.0,0.9006,18.0,0.9011,32.0,0.9012,68.0
1753592109607,04:55:09.607,okx,AERO/USDT:USDT,0.9007,59.0,0.9006,18.0,0.9011,32.0,0.9012,68.0
1753592110007,04:55:10.007,okx,AERO/USDT:USDT,0.9007,59.0,0.9006,18.0,0.9011,32.0,0.9012,58.0
1753592110607,04:55:10.607,okx,AERO/USDT:USDT,0.9007,49.0,0.9006,18.0,0.9011,32.0,0.9012,58.0
1753592110707,04:55:10.707,okx,AERO/USDT:USDT,0.9007,49.0,0.9006,18.0,0.9011,32.0,0.9012,58.0
1753592111307,04:55:11.307,okx,AERO/USDT:USDT,0.9007,43.0,0.9006,18.0,0.9011,38.0,0.9012,58.0
1753592111707,04:55:11.707,okx,AERO/USDT:USDT,0.9008,16.0,0.9007,57.0,0.9012,70.0,0.9013,50.0
1753592112307,04:55:12.307,okx,AERO/USDT:USDT,0.9008,10.0,0.9007,57.0,0.9012,76.0,0.9013,50.0
1753592112407,04:55:12.407,okx,AERO/USDT:USDT,0.9008,10.0,0.9007,57.0,0.9012,76.0,0.9013,50.0
1753592112707,04:55:12.707,okx,AERO/USDT:USDT,0.9008,10.0,0.9007,59.0,0.9011,32.0,0.9012,60.0
1753592112807,04:55:12.807,okx,AERO/USDT:USDT,0.9008,10.0,0.9007,59.0,0.9011,38.0,0.9012,60.0
1753592114107,04:55:14.107,okx,AERO/USDT:USDT,0.9008,10.0,0.9007,51.0,0.9011,38.0,0.9012,70.0
1753592114507,04:55:14.507,okx,AERO/USDT:USDT,0.9008,10.0,0.9007,51.0,0.9011,38.0,0.9012,70.0
1753592116007,04:55:16.007,okx,AERO/USDT:USDT,0.9008,10.0,0.9007,59.0,0.9011,32.0,0.9012,70.0
1753592116207,04:55:16.207,okx,AERO/USDT:USDT,0.9008,18.0,0.9007,59.0,0.9011,30.0,0.9012,70.0
1753592116607,04:55:16.607,okx,AERO/USDT:USDT,0.9008,10.0,0.9007,59.0,0.9011,38.0,0.9012,70.0
1753592116907,04:55:16.907,okx,AERO/USDT:USDT,0.9008,18.0,0.9007,59.0,0.9011,30.0,0.9012,64.0
1753592117207,04:55:17.207,okx,AERO/USDT:USDT,0.9008,18.0,0.9007,59.0,0.9011,30.0,0.9012,70.0
1753592117307,04:55:17.307,okx,AERO/USDT:USDT,0.9008,18.0,0.9007,59.0,0.9011,30.0,0.9012,70.0
1753592117707,04:55:17.707,okx,AERO/USDT:USDT,0.9008,18.0,0.9007,59.0,0.9011,30.0,0.9012,70.0
1753592118007,04:55:18.007,okx,AERO/USDT:USDT,0.9008,10.0,0.9007,59.0,0.9011,30.0,0.9012,70.0
1753592118107,04:55:18.107,okx,AERO/USDT:USDT,0.9008,10.0,0.9007,59.0,0.9011,30.0,0.9012,70.0
1753592118307,04:55:18.307,okx,AERO/USDT:USDT,0.9008,18.0,0.9007,59.0,0.9011,30.0,0.9012,64.0
1753592118407,04:55:18.407,okx,AERO/USDT:USDT,0.9008,18.0,0.9007,59.0,0.9011,30.0,0.9012,70.0
1753592119207,04:55:19.207,okx,AERO/USDT:USDT,0.9008,10.0,0.9007,59.0,0.9011,38.0,0.9012,70.0
1753592119307,04:55:19.307,okx,AERO/USDT:USDT,0.9008,10.0,0.9007,59.0,0.9011,32.0,0.9012,70.0
1753592119707,04:55:19.707,okx,AERO/USDT:USDT,0.9008,16.0,0.9007,59.0,0.9011,30.0,0.9012,70.0
1753592119807,04:55:19.807,okx,AERO/USDT:USDT,0.9008,18.0,0.9007,59.0,0.9011,30.0,0.9012,64.0
1753592119907,04:55:19.907,okx,AERO/USDT:USDT,0.9008,18.0,0.9007,59.0,0.9011,30.0,0.9012,70.0
1753592120007,04:55:20.007,okx,AERO/USDT:USDT,0.9008,10.0,0.9007,59.0,0.9011,32.0,0.9012,70.0
1753592120407,04:55:20.407,okx,AERO/USDT:USDT,0.9008,18.0,0.9007,59.0,0.9011,30.0,0.9012,70.0
1753592120507,04:55:20.507,okx,AERO/USDT:USDT,0.9008,18.0,0.9007,59.0,0.9011,30.0,0.9012,70.0
1753592120807,04:55:20.807,okx,AERO/USDT:USDT,0.9008,18.0,0.9007,59.0,0.9011,30.0,0.9012,70.0
1753592121407,04:55:21.407,okx,AERO/USDT:USDT,0.9008,18.0,0.9007,59.0,0.9011,30.0,0.9012,70.0
1753592121507,04:55:21.507,okx,AERO/USDT:USDT,0.9008,18.0,0.9007,59.0,0.9011,30.0,0.9012,64.0
1753592121807,04:55:21.807,okx,AERO/USDT:USDT,0.9008,18.0,0.9007,59.0,0.9011,30.0,0.9012,70.0
1753592121907,04:55:21.907,okx,AERO/USDT:USDT,0.9008,10.0,0.9007,59.0,0.9011,38.0,0.9012,70.0
1753592122507,04:55:22.507,okx,AERO/USDT:USDT,0.9008,16.0,0.9007,59.0,0.9011,32.0,0.9012,70.0
1753592122607,04:55:22.607,okx,AERO/USDT:USDT,0.9008,16.0,0.9007,59.0,0.9011,30.0,0.9012,70.0
1753592123207,04:55:23.207,okx,AERO/USDT:USDT,0.9007,11.0,0.9006,40.0,0.9009,10.0,0.901,60.0
1753592123407,04:55:23.407,okx,AERO/USDT:USDT,0.9007,11.0,0.9006,40.0,0.9009,8.0,0.901,60.0
1753592123607,04:55:23.607,okx,AERO/USDT:USDT,0.9007,11.0,0.9006,40.0,0.9009,16.0,0.901,60.0
1753592124007,04:55:24.007,okx,AERO/USDT:USDT,0.9007,1.0,0.9006,12.0,0.9009,52.0,0.901,17.0
1753592124407,04:55:24.407,okx,AERO/USDT:USDT,0.9007,1.0,0.9006,12.0,0.9009,52.0,0.901,17.0
1753592125207,04:55:25.207,okx,AERO/USDT:USDT,0.9007,1.0,0.9006,12.0,0.9009,40.0,0.901,17.0
1753592125307,04:55:25.307,okx,AERO/USDT:USDT,0.9007,1.0,0.9006,12.0,0.9009,40.0,0.901,17.0
1753592125407,04:55:25.407,okx,AERO/USDT:USDT,0.9007,1.0,0.9006,12.0,0.9009,40.0,0.901,17.0
1753592125507,04:55:25.507,okx,AERO/USDT:USDT,0.9007,1.0,0.9006,18.0,0.9009,32.0,0.901,11.0
1753592125907,04:55:25.907,okx,AERO/USDT:USDT,0.9007,1.0,0.9006,12.0,0.901,53.0,0.9011,20.0
1753592127907,04:55:27.907,okx,AERO/USDT:USDT,0.9007,1.0,0.9006,12.0,0.901,53.0,0.9011,20.0
1753592128007,04:55:28.007,okx,AERO/USDT:USDT,0.9007,1.0,0.9006,12.0,0.901,53.0,0.9011,20.0
1753592128407,04:55:28.407,okx,AERO/USDT:USDT,0.9007,1.0,0.9006,12.0,0.901,53.0,0.9011,20.0
1753592128507,04:55:28.507,okx,AERO/USDT:USDT,0.9007,1.0,0.9006,12.0,0.901,53.0,0.9011,20.0
1753592130307,04:55:30.307,okx,AERO/USDT:USDT,0.9007,1.0,0.9006,12.0,0.901,53.0,0.9011,20.0
1753592130707,04:55:30.707,okx,AERO/USDT:USDT,0.9007,1.0,0.9006,12.0,0.901,53.0,0.9011,20.0
1753592131007,04:55:31.007,okx,AERO/USDT:USDT,0.9007,1.0,0.9006,12.0,0.901,53.0,0.9011,20.0
1753592131607,04:55:31.607,okx,AERO/USDT:USDT,0.9007,1.0,0.9006,12.0,0.901,53.0,0.9011,22.0
1753592131807,04:55:31.807,okx,AERO/USDT:USDT,0.9007,1.0,0.9006,12.0,0.901,53.0,0.9011,22.0
1753592132307,04:55:32.307,okx,AERO/USDT:USDT,0.9007,1.0,0.9006,12.0,0.901,53.0,0.9011,22.0
1753592132407,04:55:32.407,okx,AERO/USDT:USDT,0.9007,1.0,0.9006,12.0,0.901,53.0,0.9011,22.0
1753592132807,04:55:32.807,okx,AERO/USDT:USDT,0.9007,1.0,0.9006,12.0,0.901,53.0,0.9011,22.0
1753592134107,04:55:34.107,okx,AERO/USDT:USDT,0.9007,1.0,0.9006,12.0,0.901,53.0,0.9011,22.0
1753592134207,04:55:34.207,okx,AERO/USDT:USDT,0.9007,1.0,0.9006,14.0,0.901,53.0,0.9011,22.0
1753592134707,04:55:34.707,okx,AERO/USDT:USDT,0.9007,1.0,0.9006,20.0,0.901,39.0,0.9011,22.0
1753592134907,04:55:34.907,okx,AERO/USDT:USDT,0.9007,1.0,0.9006,20.0,0.901,39.0,0.9011,22.0
1753592135307,04:55:35.307,okx,AERO/USDT:USDT,0.9007,1.0,0.9006,20.0,0.901,39.0,0.9011,22.0
1753592135407,04:55:35.407,okx,AERO/USDT:USDT,0.9007,1.0,0.9006,20.0,0.901,39.0,0.9011,22.0
1753592135907,04:55:35.907,okx,AERO/USDT:USDT,0.9007,1.0,0.9006,12.0,0.901,45.0,0.9011,22.0
1753592136007,04:55:36.007,okx,AERO/USDT:USDT,0.9007,1.0,0.9006,12.0,0.901,45.0,0.9011,22.0
1753592136507,04:55:36.507,okx,AERO/USDT:USDT,0.9007,1.0,0.9006,12.0,0.901,45.0,0.9011,22.0
1753592137607,04:55:37.607,okx,AERO/USDT:USDT,0.9007,1.0,0.9006,12.0,0.901,45.0,0.9011,22.0
1753592137707,04:55:37.707,okx,AERO/USDT:USDT,0.9007,1.0,0.9006,12.0,0.901,45.0,0.9011,22.0
1753592138807,04:55:38.807,okx,AERO/USDT:USDT,0.9007,1.0,0.9006,12.0,0.9009,16.0,0.901,46.0
1753592138907,04:55:38.907,okx,AERO/USDT:USDT,0.9007,1.0,0.9006,12.0,0.9009,16.0,0.901,46.0
1753592139607,04:55:39.607,okx,AERO/USDT:USDT,0.9007,1.0,0.9006,12.0,0.9009,2.0,0.901,46.0
1753592140507,04:55:40.507,okx,AERO/USDT:USDT,0.9007,1.0,0.9006,12.0,0.9009,8.0,0.901,46.0
1753592140607,04:55:40.607,okx,AERO/USDT:USDT,0.9007,1.0,0.9006,12.0,0.9009,16.0,0.901,46.0
1753592140807,04:55:40.807,okx,AERO/USDT:USDT,0.9007,1.0,0.9006,12.0,0.9009,16.0,0.901,46.0
1753592140907,04:55:40.907,okx,AERO/USDT:USDT,0.9007,1.0,0.9006,12.0,0.9009,16.0,0.901,46.0
1753592141207,04:55:41.207,okx,AERO/USDT:USDT,0.9007,9.0,0.9006,56.0,0.901,37.0,0.9011,10.0
1753592142507,04:55:42.507,okx,AERO/USDT:USDT,0.9008,45.0,0.9007,17.0,0.9011,10.0,0.9012,108.0
1753592142607,04:55:42.607,okx,AERO/USDT:USDT,0.9008,45.0,0.9007,17.0,0.9011,10.0,0.9012,108.0
1753592143807,04:55:43.807,okx,AERO/USDT:USDT,0.9008,45.0,0.9007,17.0,0.9011,10.0,0.9012,108.0
1753592144107,04:55:44.107,okx,AERO/USDT:USDT,0.9008,45.0,0.9007,17.0,0.9011,10.0,0.9012,108.0
1753592144207,04:55:44.207,okx,AERO/USDT:USDT,0.9008,45.0,0.9007,17.0,0.9011,10.0,0.9012,108.0
1753592144307,04:55:44.307,okx,AERO/USDT:USDT,0.9008,45.0,0.9007,17.0,0.9012,124.0,0.9013,14.0
1753592144907,04:55:44.907,okx,AERO/USDT:USDT,0.9008,45.0,0.9007,17.0,0.9012,124.0,0.9013,14.0
1753592145007,04:55:45.007,okx,AERO/USDT:USDT,0.9008,45.0,0.9007,17.0,0.9012,124.0,0.9013,14.0
1753592145607,04:55:45.607,okx,AERO/USDT:USDT,0.9008,45.0,0.9007,17.0,0.9012,124.0,0.9013,14.0
1753592146307,04:55:46.307,okx,AERO/USDT:USDT,0.9008,45.0,0.9007,17.0,0.9012,124.0,0.9013,14.0
1753592146707,04:55:46.707,okx,AERO/USDT:USDT,0.9008,45.0,0.9007,17.0,0.9012,124.0,0.9013,10.0
1753592147407,04:55:47.407,okx,AERO/USDT:USDT,0.9008,45.0,0.9007,17.0,0.9012,124.0,0.9013,14.0
1753592148407,04:55:48.407,okx,AERO/USDT:USDT,0.9008,45.0,0.9007,17.0,0.9012,124.0,0.9013,14.0
1753592148507,04:55:48.507,okx,AERO/USDT:USDT,0.9008,45.0,0.9007,17.0,0.9012,124.0,0.9013,14.0
1753592148807,04:55:48.807,okx,AERO/USDT:USDT,0.9008,45.0,0.9007,17.0,0.9012,124.0,0.9013,20.0
1753592149107,04:55:49.107,okx,AERO/USDT:USDT,0.9008,45.0,0.9007,17.0,0.9012,124.0,0.9013,14.0
1753592149207,04:55:49.207,okx,AERO/USDT:USDT,0.9008,45.0,0.9007,17.0,0.9012,124.0,0.9013,14.0
1753592149807,04:55:49.807,okx,AERO/USDT:USDT,0.9008,45.0,0.9007,17.0,0.9012,124.0,0.9013,20.0
1753592150307,04:55:50.307,okx,AERO/USDT:USDT,0.9008,45.0,0.9007,17.0,0.9012,124.0,0.9013,14.0
1753592150707,04:55:50.707,okx,AERO/USDT:USDT,0.9008,45.0,0.9007,17.0,0.9012,124.0,0.9013,14.0
1753592151707,04:55:51.707,okx,AERO/USDT:USDT,0.9008,45.0,0.9007,17.0,0.9012,124.0,0.9013,14.0
1753592151907,04:55:51.907,okx,AERO/USDT:USDT,0.9008,45.0,0.9007,17.0,0.9012,124.0,0.9013,20.0
1753592152807,04:55:52.807,okx,AERO/USDT:USDT,0.9008,45.0,0.9007,17.0,0.9012,124.0,0.9013,20.0
1753592152907,04:55:52.907,okx,AERO/USDT:USDT,0.9008,45.0,0.9007,17.0,0.9012,124.0,0.9013,20.0
1753592153007,04:55:53.007,okx,AERO/USDT:USDT,0.9008,45.0,0.9007,17.0,0.9011,8.0,0.9012,108.0
1753592153107,04:55:53.107,okx,AERO/USDT:USDT,0.9008,45.0,0.9007,17.0,0.9011,8.0,0.9012,108.0
1753592153407,04:55:53.407,okx,AERO/USDT:USDT,0.9008,45.0,0.9007,17.0,0.9012,124.0,0.9013,20.0
1753592154107,04:55:54.107,okx,AERO/USDT:USDT,0.9008,45.0,0.9007,17.0,0.9012,124.0,0.9013,14.0
1753592154207,04:55:54.207,okx,AERO/USDT:USDT,0.9008,45.0,0.9007,17.0,0.9012,124.0,0.9013,14.0
1753592154307,04:55:54.307,okx,AERO/USDT:USDT,0.9008,45.0,0.9007,17.0,0.9012,124.0,0.9013,14.0
1753592154707,04:55:54.707,okx,AERO/USDT:USDT,0.9008,45.0,0.9007,17.0,0.9012,124.0,0.9013,14.0
1753592155807,04:55:55.807,okx,AERO/USDT:USDT,0.9009,57.0,0.9008,56.0,0.9012,78.0,0.9013,58.0
1753592156407,04:55:56.407,okx,AERO/USDT:USDT,0.901,50.0,0.9009,18.0,0.9012,68.0,0.9013,10.0
1753592157307,04:55:57.307,okx,AERO/USDT:USDT,0.901,50.0,0.9009,18.0,0.9012,51.0,0.9014,45.0
1753592157807,04:55:57.807,okx,AERO/USDT:USDT,0.901,50.0,0.9009,18.0,0.9012,51.0,0.9014,45.0
1753592158007,04:55:58.007,okx,AERO/USDT:USDT,0.901,50.0,0.9009,18.0,0.9012,51.0,0.9014,45.0
1753592159107,04:55:59.107,okx,AERO/USDT:USDT,0.9011,57.0,0.901,19.0,0.9014,1.0,0.9015,10.0
1753592159507,04:55:59.507,okx,AERO/USDT:USDT,0.9011,57.0,0.901,19.0,0.9014,1.0,0.9015,10.0
1753592159707,04:55:59.707,okx,AERO/USDT:USDT,0.9011,57.0,0.901,19.0,0.9014,1.0,0.9015,10.0
1753592159807,04:55:59.807,okx,AERO/USDT:USDT,0.9011,57.0,0.901,19.0,0.9014,1.0,0.9015,10.0
1753592160107,04:56:00.107,okx,AERO/USDT:USDT,0.9011,47.0,0.901,19.0,0.9014,1.0,0.9015,10.0
1753592160407,04:56:00.407,okx,AERO/USDT:USDT,0.9011,47.0,0.901,19.0,0.9014,1.0,0.9015,10.0
1753592160607,04:56:00.607,okx,AERO/USDT:USDT,0.9011,47.0,0.901,19.0,0.9014,1.0,0.9015,10.0
1753592161407,04:56:01.407,okx,AERO/USDT:USDT,0.9011,48.0,0.901,19.0,0.9014,1.0,0.9015,10.0
1753592162107,04:56:02.107,okx,AERO/USDT:USDT,0.9011,48.0,0.901,19.0,0.9014,1.0,0.9015,10.0
1753592162707,04:56:02.707,okx,AERO/USDT:USDT,0.9011,48.0,0.901,19.0,0.9014,1.0,0.9015,10.0
1753592163507,04:56:03.507,okx,AERO/USDT:USDT,0.9011,48.0,0.901,19.0,0.9014,1.0,0.9015,10.0
1753592163607,04:56:03.607,okx,AERO/USDT:USDT,0.9011,48.0,0.901,19.0,0.9014,1.0,0.9016,78.0
1753592163707,04:56:03.707,okx,AERO/USDT:USDT,0.9011,48.0,0.901,19.0,0.9014,1.0,0.9015,10.0
1753592163807,04:56:03.807,okx,AERO/USDT:USDT,0.9011,48.0,0.901,19.0,0.9014,1.0,0.9015,10.0
1753592163907,04:56:03.907,okx,AERO/USDT:USDT,0.9011,48.0,0.901,19.0,0.9014,1.0,0.9015,10.0
1753592164007,04:56:04.007,okx,AERO/USDT:USDT,0.9011,48.0,0.901,19.0,0.9014,1.0,0.9015,10.0
1753592164107,04:56:04.107,okx,AERO/USDT:USDT,0.9011,48.0,0.901,19.0,0.9014,1.0,0.9015,10.0
1753592165007,04:56:05.007,okx,AERO/USDT:USDT,0.9011,42.0,0.901,19.0,0.9014,1.0,0.9015,10.0
1753592165107,04:56:05.107,okx,AERO/USDT:USDT,0.9011,48.0,0.901,19.0,0.9014,1.0,0.9015,10.0
1753592165807,04:56:05.807,okx,AERO/USDT:USDT,0.9011,48.0,0.901,19.0,0.9014,1.0,0.9015,10.0
1753592166107,04:56:06.107,okx,AERO/USDT:USDT,0.9011,48.0,0.901,19.0,0.9014,1.0,0.9015,10.0
1753592166807,04:56:06.807,okx,AERO/USDT:USDT,0.9011,40.0,0.901,19.0,0.9014,9.0,0.9015,65.0
1753592166907,04:56:06.907,okx,AERO/USDT:USDT,0.9011,40.0,0.901,19.0,0.9014,7.0,0.9015,65.0
1753592167607,04:56:07.607,okx,AERO/USDT:USDT,0.9011,42.0,0.901,19.0,0.9014,1.0,0.9015,65.0
1753592167707,04:56:07.707,okx,AERO/USDT:USDT,0.9011,42.0,0.901,19.0,0.9014,1.0,0.9015,65.0
1753592167807,04:56:07.807,okx,AERO/USDT:USDT,0.9011,42.0,0.901,19.0,0.9014,1.0,0.9015,65.0
1753592167907,04:56:07.907,okx,AERO/USDT:USDT,0.9011,40.0,0.901,19.0,0.9014,7.0,0.9015,65.0
1753592168107,04:56:08.107,okx,AERO/USDT:USDT,0.9011,40.0,0.901,13.0,0.9013,8.0,0.9014,10.0
1753592168607,04:56:08.607,okx,AERO/USDT:USDT,0.9011,40.0,0.901,19.0,0.9014,7.0,0.9015,65.0
1753592169207,04:56:09.207,okx,AERO/USDT:USDT,0.9011,40.0,0.901,13.0,0.9014,7.0,0.9015,65.0
1753592169307,04:56:09.307,okx,AERO/USDT:USDT,0.9011,40.0,0.901,13.0,0.9014,7.0,0.9015,65.0
1753592169407,04:56:09.407,okx,AERO/USDT:USDT,0.9011,40.0,0.901,19.0,0.9014,7.0,0.9015,65.0
1753592169507,04:56:09.507,okx,AERO/USDT:USDT,0.9011,40.0,0.901,19.0,0.9014,7.0,0.9015,65.0
1753592169807,04:56:09.807,okx,AERO/USDT:USDT,0.9012,10.0,0.9011,58.0,0.9015,3.0,0.9016,21.0
1753592169907,04:56:09.907,okx,AERO/USDT:USDT,0.9012,10.0,0.9011,58.0,0.9015,3.0,0.9016,21.0
1753592170007,04:56:10.007,okx,AERO/USDT:USDT,0.9012,10.0,0.9011,52.0,0.9015,9.0,0.9016,21.0
1753592170107,04:56:10.107,okx,AERO/USDT:USDT,0.9012,10.0,0.9011,52.0,0.9015,3.0,0.9016,21.0
1753592170407,04:56:10.407,okx,AERO/USDT:USDT,0.9012,10.0,0.9011,50.0,0.9015,11.0,0.9016,21.0
1753592170807,04:56:10.807,okx,AERO/USDT:USDT,0.9012,10.0,0.9011,50.0,0.9015,11.0,0.9016,21.0
1753592171207,04:56:11.207,okx,AERO/USDT:USDT,0.9012,10.0,0.9011,52.0,0.9015,3.0,0.9016,21.0
1753592171807,04:56:11.807,okx,AERO/USDT:USDT,0.9012,10.0,0.9011,50.0,0.9015,11.0,0.9016,21.0
1753592171907,04:56:11.907,okx,AERO/USDT:USDT,0.9012,10.0,0.9011,50.0,0.9015,11.0,0.9016,21.0
1753592172607,04:56:12.607,okx,AERO/USDT:USDT,0.9012,10.0,0.9011,52.0,0.9015,11.0,0.9016,21.0
1753592172807,04:56:12.807,okx,AERO/USDT:USDT,0.9012,10.0,0.9011,58.0,0.9015,3.0,0.9016,21.0
1753592173307,04:56:13.307,okx,AERO/USDT:USDT,0.9012,10.0,0.9011,58.0,0.9015,3.0,0.9016,21.0
1753592173407,04:56:13.407,okx,AERO/USDT:USDT,0.9012,10.0,0.9011,50.0,0.9015,11.0,0.9016,21.0
1753592173807,04:56:13.807,okx,AERO/USDT:USDT,0.9012,10.0,0.9011,52.0,0.9015,9.0,0.9016,21.0
1753592174107,04:56:14.107,okx,AERO/USDT:USDT,0.9012,10.0,0.9011,50.0,0.9015,11.0,0.9016,21.0
1753592174207,04:56:14.207,okx,AERO/USDT:USDT,0.9012,10.0,0.9011,50.0,0.9015,11.0,0.9016,21.0
1753592174307,04:56:14.307,okx,AERO/USDT:USDT,0.9012,10.0,0.9011,50.0,0.9015,11.0,0.9016,21.0
1753592174407,04:56:14.407,okx,AERO/USDT:USDT,0.9012,12.0,0.9011,56.0,0.9016,57.0,0.9017,61.0
1753592174507,04:56:14.507,okx,AERO/USDT:USDT,0.9012,18.0,0.9011,56.0,0.9016,57.0,0.9017,61.0
1753592174707,04:56:14.707,okx,AERO/USDT:USDT,0.9012,62.0,0.9011,17.0,0.9016,55.0,0.9017,16.0
1753592175707,04:56:15.707,okx,AERO/USDT:USDT,0.9012,62.0,0.9011,17.0,0.9016,72.0,0.9017,16.0
1753592176007,04:56:16.007,okx,AERO/USDT:USDT,0.9012,62.0,0.9011,17.0,0.9016,72.0,0.9017,16.0
1753592176207,04:56:16.207,okx,AERO/USDT:USDT,0.9012,62.0,0.9011,17.0,0.9016,72.0,0.9017,16.0
1753592176607,04:56:16.607,okx,AERO/USDT:USDT,0.9012,62.0,0.9011,17.0,0.9016,72.0,0.9017,16.0
1753592177007,04:56:17.007,okx,AERO/USDT:USDT,0.9012,62.0,0.9011,17.0,0.9016,72.0,0.9017,16.0
1753592177107,04:56:17.107,okx,AERO/USDT:USDT,0.9012,62.0,0.9011,17.0,0.9016,72.0,0.9017,16.0
1753592177407,04:56:17.407,okx,AERO/USDT:USDT,0.9012,62.0,0.9011,17.0,0.9016,72.0,0.9017,16.0
1753592178207,04:56:18.207,okx,AERO/USDT:USDT,0.9012,62.0,0.9011,17.0,0.9016,72.0,0.9017,16.0
1753592179507,04:56:19.507,okx,AERO/USDT:USDT,0.9012,62.0,0.9011,17.0,0.9016,72.0,0.9017,16.0
1753592179707,04:56:19.707,okx,AERO/USDT:USDT,0.9012,62.0,0.9011,17.0,0.9016,72.0,0.9017,16.0
1753592179807,04:56:19.807,okx,AERO/USDT:USDT,0.9012,62.0,0.9011,17.0,0.9016,72.0,0.9017,16.0
1753592179907,04:56:19.907,okx,AERO/USDT:USDT,0.9012,56.0,0.9011,17.0,0.9016,80.0,0.9017,16.0
1753592180107,04:56:20.107,okx,AERO/USDT:USDT,0.9012,62.0,0.9011,17.0,0.9016,80.0,0.9017,16.0
1753592181507,04:56:21.507,okx,AERO/USDT:USDT,0.9013,36.0,0.9012,19.0,0.9016,11.0,0.9017,59.0
1753592181707,04:56:21.707,okx,AERO/USDT:USDT,0.9013,36.0,0.9012,19.0,0.9016,11.0,0.9017,59.0
1753592182107,04:56:22.107,okx,AERO/USDT:USDT,0.9013,30.0,0.9012,19.0,0.9016,11.0,0.9017,65.0
1753592182207,04:56:22.207,okx,AERO/USDT:USDT,0.9013,30.0,0.9012,19.0,0.9016,11.0,0.9017,65.0
1753592182307,04:56:22.307,okx,AERO/USDT:USDT,0.9013,30.0,0.9012,19.0,0.9016,11.0,0.9017,59.0
1753592182707,04:56:22.707,okx,AERO/USDT:USDT,0.9013,30.0,0.9012,19.0,0.9016,11.0,0.9017,59.0
1753592182807,04:56:22.807,okx,AERO/USDT:USDT,0.9013,36.0,0.9012,19.0,0.9016,11.0,0.9017,59.0
1753592184107,04:56:24.107,okx,AERO/USDT:USDT,0.9013,36.0,0.9012,19.0,0.9016,11.0,0.9017,59.0
1753592184207,04:56:24.207,okx,AERO/USDT:USDT,0.9013,36.0,0.9012,19.0,0.9016,11.0,0.9017,59.0
1753592184407,04:56:24.407,okx,AERO/USDT:USDT,0.9013,36.0,0.9012,19.0,0.9016,11.0,0.9017,59.0
1753592185007,04:56:25.007,okx,AERO/USDT:USDT,0.9013,30.0,0.9012,19.0,0.9016,11.0,0.9017,65.0
1753592185307,04:56:25.307,okx,AERO/USDT:USDT,0.9013,30.0,0.9012,19.0,0.9016,17.0,0.9017,65.0
1753592186407,04:56:26.407,okx,AERO/USDT:USDT,0.9012,55.0,0.9011,17.0,0.9016,63.0,0.9017,16.0
1753592186507,04:56:26.507,okx,AERO/USDT:USDT,0.9012,53.0,0.9011,17.0,0.9016,63.0,0.9017,16.0
1753592186707,04:56:26.707,okx,AERO/USDT:USDT,0.9012,53.0,0.9011,19.0,0.9015,8.0,0.9016,62.0
1753592186907,04:56:26.907,okx,AERO/USDT:USDT,0.9012,55.0,0.9011,19.0,0.9015,8.0,0.9016,64.0
1753592187407,04:56:27.407,okx,AERO/USDT:USDT,0.9012,55.0,0.9011,19.0,0.9015,6.0,0.9016,64.0
1753592187907,04:56:27.907,okx,AERO/USDT:USDT,0.9012,61.0,0.9011,19.0,0.9016,55.0,0.9017,16.0
1753592188307,04:56:28.307,okx,AERO/USDT:USDT,0.9012,55.0,0.9011,19.0,0.9016,61.0,0.9017,20.0
1753592188407,04:56:28.407,okx,AERO/USDT:USDT,0.9012,61.0,0.9011,19.0,0.9016,61.0,0.9017,20.0
1753592188807,04:56:28.807,okx,AERO/USDT:USDT,0.9012,61.0,0.9011,19.0,0.9016,55.0,0.9017,16.0
1753592189507,04:56:29.507,okx,AERO/USDT:USDT,0.9012,61.0,0.9011,19.0,0.9016,61.0,0.9017,16.0
1753592189607,04:56:29.607,okx,AERO/USDT:USDT,0.9012,61.0,0.9011,19.0,0.9016,55.0,0.9017,16.0
1753592190307,04:56:30.307,okx,AERO/USDT:USDT,0.9012,61.0,0.9011,19.0,0.9016,55.0,0.9017,20.0
1753592190407,04:56:30.407,okx,AERO/USDT:USDT,0.9012,61.0,0.9011,19.0,0.9016,55.0,0.9017,16.0
1753592191107,04:56:31.107,okx,AERO/USDT:USDT,0.9012,61.0,0.9011,19.0,0.9016,55.0,0.9017,16.0
1753592191207,04:56:31.207,okx,AERO/USDT:USDT,0.9012,61.0,0.9011,19.0,0.9016,55.0,0.9017,16.0
1753592191407,04:56:31.407,okx,AERO/USDT:USDT,0.9012,55.0,0.9011,19.0,0.9016,61.0,0.9017,16.0
1753592191707,04:56:31.707,okx,AERO/USDT:USDT,0.9012,61.0,0.9011,19.0,0.9016,61.0,0.9017,16.0
1753592192307,04:56:32.307,okx,AERO/USDT:USDT,0.9012,55.0,0.9011,19.0,0.9016,61.0,0.9017,16.0
1753592192407,04:56:32.407,okx,AERO/USDT:USDT,0.9012,55.0,0.9011,19.0,0.9016,63.0,0.9017,16.0
1753592193007,04:56:33.007,okx,AERO/USDT:USDT,0.9012,55.0,0.9011,19.0,0.9016,63.0,0.9017,16.0
1753592193607,04:56:33.607,okx,AERO/USDT:USDT,0.9012,61.0,0.9011,19.0,0.9016,55.0,0.9017,16.0
1753592193707,04:56:33.707,okx,AERO/USDT:USDT,0.9012,61.0,0.9011,19.0,0.9016,61.0,0.9017,16.0
1753592193807,04:56:33.807,okx,AERO/USDT:USDT,0.9012,61.0,0.9011,19.0,0.9016,55.0,0.9017,20.0
1753592194907,04:56:34.907,okx,AERO/USDT:USDT,0.9012,61.0,0.9011,17.0,0.9016,63.0,0.9017,16.0
1753592195307,04:56:35.307,okx,AERO/USDT:USDT,0.9012,61.0,0.9011,17.0,0.9016,61.0,0.9017,16.0
1753592195507,04:56:35.507,okx,AERO/USDT:USDT,0.9012,55.0,0.9011,17.0,0.9016,63.0,0.9017,16.0
1753592196007,04:56:36.007,okx,AERO/USDT:USDT,0.9012,55.0,0.9011,17.0,0.9016,63.0,0.9017,20.0
1753592196107,04:56:36.107,okx,AERO/USDT:USDT,0.9012,61.0,0.9011,17.0,0.9016,63.0,0.9017,20.0
1753592196307,04:56:36.307,okx,AERO/USDT:USDT,0.9012,61.0,0.9011,17.0,0.9016,61.0,0.9017,16.0
1753592197207,04:56:37.207,okx,AERO/USDT:USDT,0.9012,61.0,0.9011,17.0,0.9016,55.0,0.9017,16.0
1753592197507,04:56:37.507,okx,AERO/USDT:USDT,0.9012,61.0,0.9011,17.0,0.9016,55.0,0.9017,16.0
1753592198107,04:56:38.107,okx,AERO/USDT:USDT,0.9012,61.0,0.9011,17.0,0.9016,63.0,0.9017,16.0
1753592198407,04:56:38.407,okx,AERO/USDT:USDT,0.9012,61.0,0.9011,17.0,0.9016,55.0,0.9017,16.0
1753592199107,04:56:39.107,okx,AERO/USDT:USDT,0.9012,61.0,0.9011,17.0,0.9016,63.0,0.9017,16.0
1753592199407,04:56:39.407,okx,AERO/USDT:USDT,0.9012,61.0,0.9011,17.0,0.9016,55.0,0.9017,10.0
1753592199907,04:56:39.907,okx,AERO/USDT:USDT,0.9013,52.0,0.9012,62.0,0.9016,11.0,0.9017,52.0
1753592200007,04:56:40.007,okx,AERO/USDT:USDT,0.9013,52.0,0.9012,62.0,0.9016,11.0,0.9017,52.0
1753592201307,04:56:41.307,okx,AERO/USDT:USDT,0.9013,52.0,0.9012,19.0,0.9016,11.0,0.9017,52.0
1753592202007,04:56:42.007,okx,AERO/USDT:USDT,0.9013,52.0,0.9012,19.0,0.9016,11.0,0.9017,52.0
1753592202107,04:56:42.107,okx,AERO/USDT:USDT,0.9013,52.0,0.9012,19.0,0.9016,11.0,0.9017,52.0
1753592202207,04:56:42.207,okx,AERO/USDT:USDT,0.9013,52.0,0.9012,19.0,0.9016,11.0,0.9017,52.0
1753592202507,04:56:42.507,okx,AERO/USDT:USDT,0.9013,52.0,0.9012,19.0,0.9016,11.0,0.9017,52.0
1753592202707,04:56:42.707,okx,AERO/USDT:USDT,0.9013,52.0,0.9012,19.0,0.9016,11.0,0.9017,52.0
1753592203107,04:56:43.107,okx,AERO/USDT:USDT,0.9013,52.0,0.9012,19.0,0.9016,11.0,0.9017,52.0
1753592203307,04:56:43.307,okx,AERO/USDT:USDT,0.9013,52.0,0.9012,19.0,0.9016,11.0,0.9017,52.0
1753592203507,04:56:43.507,okx,AERO/USDT:USDT,0.9013,52.0,0.9012,19.0,0.9016,11.0,0.9017,52.0
1753592204107,04:56:44.107,okx,AERO/USDT:USDT,0.9013,52.0,0.9012,19.0,0.9016,11.0,0.9017,52.0
1753592204407,04:56:44.407,okx,AERO/USDT:USDT,0.9013,52.0,0.9012,19.0,0.9016,11.0,0.9017,52.0
1753592204507,04:56:44.507,okx,AERO/USDT:USDT,0.9013,52.0,0.9012,19.0,0.9016,11.0,0.9017,52.0
1753592204607,04:56:44.607,okx,AERO/USDT:USDT,0.9013,52.0,0.9012,19.0,0.9016,11.0,0.9017,52.0
1753592204707,04:56:44.707,okx,AERO/USDT:USDT,0.9013,52.0,0.9012,19.0,0.9016,11.0,0.9017,52.0
1753592205207,04:56:45.207,okx,AERO/USDT:USDT,0.9013,52.0,0.9012,19.0,0.9016,11.0,0.9017,52.0
1753592205807,04:56:45.807,okx,AERO/USDT:USDT,0.9013,10.0,0.9012,51.0,0.9016,11.0,0.9017,58.0
1753592205907,04:56:45.907,okx,AERO/USDT:USDT,0.9013,48.0,0.9012,19.0,0.9016,11.0,0.9017,10.0
1753592206207,04:56:46.207,okx,AERO/USDT:USDT,0.9015,8.0,0.9014,22.0,0.9018,50.0,0.9019,18.0
1753592206507,04:56:46.507,okx,AERO/USDT:USDT,0.9015,8.0,0.9014,28.0,0.9018,61.0,0.9019,18.0
1753592206607,04:56:46.607,okx,AERO/USDT:USDT,0.9015,8.0,0.9014,22.0,0.9018,67.0,0.9019,18.0
1753592206707,04:56:46.707,okx,AERO/USDT:USDT,0.9015,8.0,0.9014,22.0,0.9018,67.0,0.9019,18.0
1753592207107,04:56:47.107,okx,AERO/USDT:USDT,0.9015,8.0,0.9014,20.0,0.9018,69.0,0.9019,18.0
1753592207307,04:56:47.307,okx,AERO/USDT:USDT,0.9014,19.0,0.9013,19.0,0.9017,58.0,0.9018,20.0
1753592207507,04:56:47.507,okx,AERO/USDT:USDT,0.9014,19.0,0.9013,19.0,0.9017,33.0,0.9018,20.0
1753592207907,04:56:47.907,okx,AERO/USDT:USDT,0.9014,19.0,0.9013,19.0,0.9017,41.0,0.9018,20.0
1753592208007,04:56:48.007,okx,AERO/USDT:USDT,0.9014,19.0,0.9013,19.0,0.9017,41.0,0.9018,20.0
1753592208207,04:56:48.207,okx,AERO/USDT:USDT,0.9014,19.0,0.9013,19.0,0.9017,41.0,0.9018,20.0
1753592208607,04:56:48.607,okx,AERO/USDT:USDT,0.9014,19.0,0.9013,19.0,0.9017,33.0,0.9018,20.0
1753592209107,04:56:49.107,okx,AERO/USDT:USDT,0.9014,8.0,0.9013,19.0,0.9016,16.0,0.9017,41.0
1753592209307,04:56:49.307,okx,AERO/USDT:USDT,0.9014,8.0,0.9013,19.0,0.9016,16.0,0.9017,41.0
1753592209907,04:56:49.907,okx,AERO/USDT:USDT,0.9014,8.0,0.9013,19.0,0.9016,8.0,0.9017,41.0
1753592210607,04:56:50.607,okx,AERO/USDT:USDT,0.9014,8.0,0.9013,19.0,0.9016,14.0,0.9017,41.0
1753592210907,04:56:50.907,okx,AERO/USDT:USDT,0.9014,8.0,0.9013,19.0,0.9016,14.0,0.9017,41.0
1753592211307,04:56:51.307,okx,AERO/USDT:USDT,0.9014,8.0,0.9013,19.0,0.9017,58.0,0.9018,18.0
1753592211407,04:56:51.407,okx,AERO/USDT:USDT,0.9014,8.0,0.9013,19.0,0.9016,16.0,0.9017,41.0
1753592211707,04:56:51.707,okx,AERO/USDT:USDT,0.9014,8.0,0.9013,19.0,0.9016,16.0,0.9017,41.0
1753592211907,04:56:51.907,okx,AERO/USDT:USDT,0.9014,8.0,0.9013,19.0,0.9016,16.0,0.9017,41.0
1753592212007,04:56:52.007,okx,AERO/USDT:USDT,0.9014,8.0,0.9013,19.0,0.9016,16.0,0.9017,41.0
1753592213107,04:56:53.107,okx,AERO/USDT:USDT,0.9014,8.0,0.9013,19.0,0.9015,8.0,0.9016,10.0
1753592213407,04:56:53.407,okx,AERO/USDT:USDT,0.9014,8.0,0.9013,19.0,0.9015,8.0,0.9016,18.0
1753592213607,04:56:53.607,okx,AERO/USDT:USDT,0.9014,8.0,0.9013,19.0,0.9015,8.0,0.9016,12.0
1753592214107,04:56:54.107,okx,AERO/USDT:USDT,0.9014,8.0,0.9013,19.0,0.9015,8.0,0.9016,10.0
1753592214907,04:56:54.907,okx,AERO/USDT:USDT,0.9013,19.0,0.9012,43.0,0.9016,55.0,0.9017,20.0
1753592215407,04:56:55.407,okx,AERO/USDT:USDT,0.9013,19.0,0.9012,43.0,0.9016,47.0,0.9017,20.0
1753592215607,04:56:55.607,okx,AERO/USDT:USDT,0.9013,19.0,0.9012,11.0,0.9016,47.0,0.9017,16.0
1753592216107,04:56:56.107,okx,AERO/USDT:USDT,0.9013,19.0,0.9012,11.0,0.9016,47.0,0.9017,20.0
1753592216507,04:56:56.507,okx,AERO/USDT:USDT,0.9013,19.0,0.9012,11.0,0.9016,47.0,0.9017,20.0
1753592216907,04:56:56.907,okx,AERO/USDT:USDT,0.9013,19.0,0.9012,11.0,0.9016,47.0,0.9017,20.0
1753592217107,04:56:57.107,okx,AERO/USDT:USDT,0.9013,19.0,0.9012,11.0,0.9016,47.0,0.9017,20.0
1753592217307,04:56:57.307,okx,AERO/USDT:USDT,0.9013,19.0,0.9012,11.0,0.9015,16.0,0.9016,49.0
1753592217807,04:56:57.807,okx,AERO/USDT:USDT,0.9013,19.0,0.9012,11.0,0.9015,8.0,0.9016,49.0
1753592218307,04:56:58.307,okx,AERO/USDT:USDT,0.9013,19.0,0.9012,13.0,0.9016,47.0,0.9017,18.0
1753592218407,04:56:58.407,okx,AERO/USDT:USDT,0.9013,19.0,0.9012,13.0,0.9016,47.0,0.9017,18.0
1753592218607,04:56:58.607,okx,AERO/USDT:USDT,0.9013,19.0,0.9012,13.0,0.9016,47.0,0.9017,18.0
1753592218807,04:56:58.807,okx,AERO/USDT:USDT,0.9013,19.0,0.9012,13.0,0.9016,47.0,0.9017,18.0
1753592219307,04:56:59.307,okx,AERO/USDT:USDT,0.9013,19.0,0.9012,11.0,0.9016,47.0,0.9017,18.0
1753592219407,04:56:59.407,okx,AERO/USDT:USDT,0.9013,19.0,0.9012,11.0,0.9016,47.0,0.9017,18.0
1753592219607,04:56:59.607,okx,AERO/USDT:USDT,0.9013,19.0,0.9012,11.0,0.9016,47.0,0.9017,18.0
1753592220107,04:57:00.107,okx,AERO/USDT:USDT,0.9013,8.0,0.9012,11.0,0.9016,47.0,0.9017,18.0
1753592220307,04:57:00.307,okx,AERO/USDT:USDT,0.9013,8.0,0.9012,11.0,0.9016,47.0,0.9017,18.0
1753592220607,04:57:00.607,okx,AERO/USDT:USDT,0.9013,8.0,0.9012,11.0,0.9015,8.0,0.9016,49.0
1753592220907,04:57:00.907,okx,AERO/USDT:USDT,0.9013,8.0,0.9012,11.0,0.9015,2.0,0.9016,49.0
1753592221207,04:57:01.207,okx,AERO/USDT:USDT,0.9013,8.0,0.9012,11.0,0.9015,8.0,0.9016,49.0
1753592221307,04:57:01.307,okx,AERO/USDT:USDT,0.9013,8.0,0.9012,11.0,0.9015,8.0,0.9016,49.0
1753592222307,04:57:02.307,okx,AERO/USDT:USDT,0.901,10.0,0.9009,40.0,0.9013,15.0,0.9014,60.0
1753592223807,04:57:03.807,okx,AERO/USDT:USDT,0.9008,11.0,0.9007,11.0,0.9011,43.0,0.9012,33.0
1753592225907,04:57:05.907,okx,AERO/USDT:USDT,0.9008,11.0,0.9007,13.0,0.9011,8.0,0.9012,48.0
1753592226707,04:57:06.707,okx,AERO/USDT:USDT,0.9008,19.0,0.9007,19.0,0.9012,39.0,0.9013,24.0
1753592226907,04:57:06.907,okx,AERO/USDT:USDT,0.9008,19.0,0.9007,53.0,0.9012,39.0,0.9013,8.0
1753592227107,04:57:07.107,okx,AERO/USDT:USDT,0.9008,19.0,0.9007,53.0,0.9012,39.0,0.9013,8.0
1753592227607,04:57:07.607,okx,AERO/USDT:USDT,0.9008,13.0,0.9007,53.0,0.9012,8.0,0.9013,50.0
1753592228207,04:57:08.207,okx,AERO/USDT:USDT,0.9008,19.0,0.9007,53.0,0.9012,8.0,0.9013,46.0
1753592228707,04:57:08.707,okx,AERO/USDT:USDT,0.9008,11.0,0.9007,45.0,0.9012,57.0,0.9013,16.0
1753592228907,04:57:08.907,okx,AERO/USDT:USDT,0.9008,11.0,0.9007,45.0,0.9012,63.0,0.9013,16.0
1753592229407,04:57:09.407,okx,AERO/USDT:USDT,0.9008,11.0,0.9007,45.0,0.9012,63.0,0.9013,16.0
1753592229507,04:57:09.507,okx,AERO/USDT:USDT,0.9008,11.0,0.9007,45.0,0.9012,63.0,0.9013,16.0
1753592229707,04:57:09.707,okx,AERO/USDT:USDT,0.9008,11.0,0.9007,45.0,0.9012,63.0,0.9013,16.0
1753592230207,04:57:10.207,okx,AERO/USDT:USDT,0.9008,11.0,0.9007,45.0,0.9012,63.0,0.9013,16.0
1753592230507,04:57:10.507,okx,AERO/USDT:USDT,0.9008,11.0,0.9007,17.0,0.9011,32.0,0.9012,11.0
1753592231207,04:57:11.207,okx,AERO/USDT:USDT,0.9008,11.0,0.9007,11.0,0.9011,38.0,0.9012,17.0
1753592231507,04:57:11.507,okx,AERO/USDT:USDT,0.9008,11.0,0.9007,11.0,0.9011,38.0,0.9012,17.0
1753592231607,04:57:11.607,okx,AERO/USDT:USDT,0.9008,11.0,0.9007,11.0,0.9011,38.0,0.9012,17.0
1753592232007,04:57:12.007,okx,AERO/USDT:USDT,0.9008,11.0,0.9007,11.0,0.9011,38.0,0.9012,17.0
1753592232107,04:57:12.107,okx,AERO/USDT:USDT,0.9008,11.0,0.9007,13.0,0.9011,38.0,0.9012,17.0
1753592232207,04:57:12.207,okx,AERO/USDT:USDT,0.9008,11.0,0.9007,13.0,0.9011,38.0,0.9012,17.0
1753592232907,04:57:12.907,okx,AERO/USDT:USDT,0.9008,11.0,0.9007,19.0,0.9011,32.0,0.9012,17.0
1753592233107,04:57:13.107,okx,AERO/USDT:USDT,0.9008,11.0,0.9007,19.0,0.9011,32.0,0.9012,17.0
1753592233207,04:57:13.207,okx,AERO/USDT:USDT,0.9008,11.0,0.9007,13.0,0.9011,38.0,0.9012,17.0
1753592233907,04:57:13.907,okx,AERO/USDT:USDT,0.9008,11.0,0.9007,10.0,0.9011,40.0,0.9012,17.0
1753592234307,04:57:14.307,okx,AERO/USDT:USDT,0.9008,11.0,0.9007,10.0,0.9011,40.0,0.9012,17.0
1753592235907,04:57:15.907,okx,AERO/USDT:USDT,0.9008,13.0,0.9007,18.0,0.9011,32.0,0.9012,17.0
1753592236007,04:57:16.007,okx,AERO/USDT:USDT,0.9008,13.0,0.9007,18.0,0.9011,32.0,0.9012,17.0
1753592236207,04:57:16.207,okx,AERO/USDT:USDT,0.9008,13.0,0.9007,18.0,0.9011,32.0,0.9012,17.0
1753592236307,04:57:16.307,okx,AERO/USDT:USDT,0.9008,13.0,0.9007,18.0,0.9011,32.0,0.9012,17.0
1753592236407,04:57:16.407,okx,AERO/USDT:USDT,0.9008,13.0,0.9007,18.0,0.9011,32.0,0.9012,17.0
1753592236507,04:57:16.507,okx,AERO/USDT:USDT,0.9008,13.0,0.9007,18.0,0.9011,32.0,0.9012,11.0
1753592236807,04:57:16.807,okx,AERO/USDT:USDT,0.9008,13.0,0.9007,47.0,0.9011,32.0,0.9012,11.0
1753592237507,04:57:17.507,okx,AERO/USDT:USDT,0.9008,13.0,0.9007,47.0,0.9011,32.0,0.9012,17.0
1753592238607,04:57:18.607,okx,AERO/USDT:USDT,0.9008,13.0,0.9007,47.0,0.9011,32.0,0.9012,17.0
1753592239207,04:57:19.207,okx,AERO/USDT:USDT,0.9008,13.0,0.9007,47.0,0.9011,32.0,0.9012,17.0
1753592239807,04:57:19.807,okx,AERO/USDT:USDT,0.9008,11.0,0.9007,39.0,0.9011,41.0,0.9012,17.0
1753592239907,04:57:19.907,okx,AERO/USDT:USDT,0.9008,11.0,0.9007,39.0,0.9011,41.0,0.9012,17.0
1753592240407,04:57:20.407,okx,AERO/USDT:USDT,0.9008,11.0,0.9007,47.0,0.9011,35.0,0.9012,17.0
1753592241707,04:57:21.707,okx,AERO/USDT:USDT,0.9008,11.0,0.9007,41.0,0.9011,41.0,0.9012,17.0
1753592241807,04:57:21.807,okx,AERO/USDT:USDT,0.9008,11.0,0.9007,41.0,0.9011,41.0,0.9012,17.0
1753592242107,04:57:22.107,okx,AERO/USDT:USDT,0.9008,11.0,0.9007,47.0,0.9011,35.0,0.9012,17.0
1753592242207,04:57:22.207,okx,AERO/USDT:USDT,0.9008,11.0,0.9007,47.0,0.9011,41.0,0.9012,17.0
1753592242607,04:57:22.607,okx,AERO/USDT:USDT,0.9008,11.0,0.9007,47.0,0.9011,41.0,0.9012,17.0
1753592243107,04:57:23.107,okx,AERO/USDT:USDT,0.9008,11.0,0.9007,41.0,0.9011,41.0,0.9012,17.0
1753592243807,04:57:23.807,okx,AERO/USDT:USDT,0.9008,19.0,0.9007,47.0,0.9011,3.0,0.9012,48.0
1753592244207,04:57:24.207,okx,AERO/USDT:USDT,0.9008,62.0,0.9007,18.0,0.9011,3.0,0.9012,46.0
1753592244507,04:57:24.507,okx,AERO/USDT:USDT,0.9008,62.0,0.9007,18.0,0.9011,3.0,0.9012,48.0
1753592244907,04:57:24.907,okx,AERO/USDT:USDT,0.9008,62.0,0.9007,18.0,0.9011,3.0,0.9012,48.0
1753592245507,04:57:25.507,okx,AERO/USDT:USDT,0.9008,56.0,0.9007,18.0,0.9011,3.0,0.9012,54.0
1753592245907,04:57:25.907,okx,AERO/USDT:USDT,0.9008,56.0,0.9007,18.0,0.9011,3.0,0.9012,54.0
1753592246507,04:57:26.507,okx,AERO/USDT:USDT,0.9008,62.0,0.9007,18.0,0.9011,3.0,0.9012,48.0
1753592247707,04:57:27.707,okx,AERO/USDT:USDT,0.9008,62.0,0.9007,18.0,0.9011,3.0,0.9012,46.0
1753592247807,04:57:27.807,okx,AERO/USDT:USDT,0.9008,62.0,0.9007,18.0,0.9011,3.0,0.9012,46.0
1753592248207,04:57:28.207,okx,AERO/USDT:USDT,0.9008,56.0,0.9007,18.0,0.9011,3.0,0.9012,54.0
1753592248407,04:57:28.407,okx,AERO/USDT:USDT,0.9008,56.0,0.9007,18.0,0.9011,3.0,0.9012,54.0
1753592248507,04:57:28.507,okx,AERO/USDT:USDT,0.9008,62.0,0.9007,18.0,0.9011,3.0,0.9012,48.0
1753592250407,04:57:30.407,okx,AERO/USDT:USDT,0.9008,62.0,0.9007,18.0,0.9011,3.0,0.9012,17.0
1753592250507,04:57:30.507,okx,AERO/USDT:USDT,0.9008,56.0,0.9007,18.0,0.9011,3.0,0.9012,17.0
1753592250607,04:57:30.607,okx,AERO/USDT:USDT,0.9008,56.0,0.9007,18.0,0.9011,3.0,0.9012,17.0
1753592251007,04:57:31.007,okx,AERO/USDT:USDT,0.9008,62.0,0.9007,18.0,0.9011,3.0,0.9012,17.0
1753592251207,04:57:31.207,okx,AERO/USDT:USDT,0.9008,62.0,0.9007,18.0,0.9011,3.0,0.9012,17.0
1753592252307,04:57:32.307,okx,AERO/USDT:USDT,0.9008,56.0,0.9007,18.0,0.9011,3.0,0.9012,17.0
1753592252407,04:57:32.407,okx,AERO/USDT:USDT,0.9008,56.0,0.9007,18.0,0.9011,3.0,0.9012,17.0
1753592252607,04:57:32.607,okx,AERO/USDT:USDT,0.9008,56.0,0.9007,18.0,0.9011,3.0,0.9012,17.0
1753592252907,04:57:32.907,okx,AERO/USDT:USDT,0.9008,62.0,0.9007,18.0,0.9011,3.0,0.9012,11.0
1753592253807,04:57:33.807,okx,AERO/USDT:USDT,0.9009,49.0,0.9008,20.0,0.9011,3.0,0.9012,9.0
1753592254207,04:57:34.207,okx,AERO/USDT:USDT,0.9009,49.0,0.9008,20.0,0.9011,3.0,0.9012,9.0
1753592254807,04:57:34.807,okx,AERO/USDT:USDT,0.9009,49.0,0.9008,20.0,0.9011,3.0,0.9012,9.0
1753592254907,04:57:34.907,okx,AERO/USDT:USDT,0.9009,49.0,0.9008,20.0,0.9011,3.0,0.9012,1.0
1753592255107,04:57:35.107,okx,AERO/USDT:USDT,0.901,43.0,0.9009,2.0,0.9011,3.0,0.9012,1.0
1753592255307,04:57:35.307,okx,AERO/USDT:USDT,0.901,43.0,0.9009,8.0,0.9011,3.0,0.9012,1.0
1753592255607,04:57:35.607,okx,AERO/USDT:USDT,0.901,49.0,0.9009,8.0,0.9011,3.0,0.9012,1.0
1753592256007,04:57:36.007,okx,AERO/USDT:USDT,0.901,43.0,0.9009,8.0,0.9011,3.0,0.9012,1.0
1753592256107,04:57:36.107,okx,AERO/USDT:USDT,0.901,43.0,0.9009,8.0,0.9011,3.0,0.9012,1.0
1753592256307,04:57:36.307,okx,AERO/USDT:USDT,0.901,49.0,0.9009,8.0,0.9011,3.0,0.9012,1.0
1753592256607,04:57:36.607,okx,AERO/USDT:USDT,0.901,49.0,0.9009,8.0,0.9011,3.0,0.9012,1.0
1753592257107,04:57:37.107,okx,AERO/USDT:USDT,0.901,43.0,0.9009,8.0,0.9011,3.0,0.9012,1.0
1753592257307,04:57:37.307,okx,AERO/USDT:USDT,0.901,49.0,0.9009,8.0,0.9011,3.0,0.9012,1.0
1753592257707,04:57:37.707,okx,AERO/USDT:USDT,0.901,49.0,0.9009,8.0,0.9011,3.0,0.9012,1.0
1753592258107,04:57:38.107,okx,AERO/USDT:USDT,0.901,49.0,0.9009,8.0,0.9011,3.0,0.9012,1.0
1753592258207,04:57:38.207,okx,AERO/USDT:USDT,0.901,49.0,0.9009,8.0,0.9011,3.0,0.9012,1.0
1753592258807,04:57:38.807,okx,AERO/USDT:USDT,0.901,49.0,0.9009,8.0,0.9011,3.0,0.9012,1.0
1753592259407,04:57:39.407,okx,AERO/USDT:USDT,0.901,49.0,0.9009,8.0,0.9011,3.0,0.9012,1.0
1753592259607,04:57:39.607,okx,AERO/USDT:USDT,0.901,49.0,0.9009,8.0,0.9011,3.0,0.9012,1.0
1753592259707,04:57:39.707,okx,AERO/USDT:USDT,0.901,49.0,0.9009,8.0,0.9011,3.0,0.9012,1.0
1753592259807,04:57:39.807,okx,AERO/USDT:USDT,0.901,49.0,0.9009,8.0,0.9011,3.0,0.9012,1.0
1753592259907,04:57:39.907,okx,AERO/USDT:USDT,0.901,49.0,0.9009,8.0,0.9011,3.0,0.9012,1.0
1753592260207,04:57:40.207,okx,AERO/USDT:USDT,0.901,49.0,0.9009,16.0,0.9013,8.0,0.9014,9.0
1753592260707,04:57:40.707,okx,AERO/USDT:USDT,0.9011,35.0,0.901,9.0,0.9013,8.0,0.9014,9.0
1753592261007,04:57:41.007,okx,AERO/USDT:USDT,0.9011,35.0,0.901,9.0,0.9013,8.0,0.9014,9.0
1753592261207,04:57:41.207,okx,AERO/USDT:USDT,0.9011,35.0,0.901,9.0,0.9013,8.0,0.9014,9.0
1753592261807,04:57:41.807,okx,AERO/USDT:USDT,0.9011,29.0,0.901,9.0,0.9013,8.0,0.9014,9.0
1753592263807,04:57:43.807,okx,AERO/USDT:USDT,0.9011,35.0,0.901,9.0,0.9013,8.0,0.9014,9.0
1753592263907,04:57:43.907,okx,AERO/USDT:USDT,0.9011,35.0,0.901,9.0,0.9013,8.0,0.9014,9.0
1753592264107,04:57:44.107,okx,AERO/USDT:USDT,0.9011,35.0,0.901,9.0,0.9013,8.0,0.9014,9.0
1753592264307,04:57:44.307,okx,AERO/USDT:USDT,0.9011,35.0,0.901,9.0,0.9013,8.0,0.9014,9.0
1753592264507,04:57:44.507,okx,AERO/USDT:USDT,0.9011,35.0,0.901,9.0,0.9013,8.0,0.9014,9.0
1753592264907,04:57:44.907,okx,AERO/USDT:USDT,0.9011,35.0,0.901,9.0,0.9013,8.0,0.9014,9.0
1753592265007,04:57:45.007,okx,AERO/USDT:USDT,0.9011,35.0,0.901,9.0,0.9013,8.0,0.9014,9.0
1753592265407,04:57:45.407,okx,AERO/USDT:USDT,0.9011,35.0,0.901,9.0,0.9013,8.0,0.9014,9.0
1753592265507,04:57:45.507,okx,AERO/USDT:USDT,0.9011,35.0,0.901,9.0,0.9013,8.0,0.9014,9.0
1753592266007,04:57:46.007,okx,AERO/USDT:USDT,0.9011,35.0,0.901,9.0,0.9013,8.0,0.9014,9.0
1753592267007,04:57:47.007,okx,AERO/USDT:USDT,0.9011,35.0,0.901,9.0,0.9013,8.0,0.9014,9.0
1753592267907,04:57:47.907,okx,AERO/USDT:USDT,0.9011,35.0,0.901,9.0,0.9013,8.0,0.9014,9.0
1753592268507,04:57:48.507,okx,AERO/USDT:USDT,0.9011,35.0,0.901,9.0,0.9013,8.0,0.9014,9.0
1753592268907,04:57:48.907,okx,AERO/USDT:USDT,0.9011,27.0,0.901,3.0,0.9013,10.0,0.9014,17.0
1753592269407,04:57:49.407,okx,AERO/USDT:USDT,0.9011,27.0,0.901,3.0,0.9013,10.0,0.9014,17.0
1753592269607,04:57:49.607,okx,AERO/USDT:USDT,0.9011,27.0,0.901,9.0,0.9013,8.0,0.9014,11.0
1753592269707,04:57:49.707,okx,AERO/USDT:USDT,0.9011,27.0,0.901,9.0,0.9013,8.0,0.9014,11.0
1753592269907,04:57:49.907,okx,AERO/USDT:USDT,0.9011,27.0,0.901,9.0,0.9013,8.0,0.9014,11.0
1753592270107,04:57:50.107,okx,AERO/USDT:USDT,0.9011,27.0,0.901,9.0,0.9013,8.0,0.9014,11.0
1753592270207,04:57:50.207,okx,AERO/USDT:USDT,0.9011,27.0,0.901,9.0,0.9013,8.0,0.9014,11.0
1753592270307,04:57:50.307,okx,AERO/USDT:USDT,0.9011,33.0,0.901,9.0,0.9013,8.0,0.9014,9.0
1753592270507,04:57:50.507,okx,AERO/USDT:USDT,0.9011,35.0,0.901,9.0,0.9013,8.0,0.9014,11.0
1753592272107,04:57:52.107,okx,AERO/USDT:USDT,0.901,46.0,0.9009,14.0,0.9013,8.0,0.9014,53.0
1753592272307,04:57:52.307,okx,AERO/USDT:USDT,0.901,46.0,0.9009,14.0,0.9013,8.0,0.9014,53.0
1753592272407,04:57:52.407,okx,AERO/USDT:USDT,0.901,46.0,0.9009,14.0,0.9013,8.0,0.9014,53.0
1753592272607,04:57:52.607,okx,AERO/USDT:USDT,0.901,46.0,0.9009,14.0,0.9013,8.0,0.9014,53.0
1753592272807,04:57:52.807,okx,AERO/USDT:USDT,0.901,38.0,0.9009,10.0,0.9013,16.0,0.9014,59.0
1753592273207,04:57:53.207,okx,AERO/USDT:USDT,0.901,38.0,0.9009,10.0,0.9013,16.0,0.9014,59.0
1753592273307,04:57:53.307,okx,AERO/USDT:USDT,0.901,38.0,0.9009,10.0,0.9013,16.0,0.9014,59.0
1753592273507,04:57:53.507,okx,AERO/USDT:USDT,0.901,38.0,0.9009,10.0,0.9013,16.0,0.9014,59.0
1753592273807,04:57:53.807,okx,AERO/USDT:USDT,0.9009,46.0,0.9008,12.0,0.9013,46.0,0.9014,17.0
1753592274007,04:57:54.007,okx,AERO/USDT:USDT,0.9009,46.0,0.9008,12.0,0.9013,46.0,0.9014,17.0
1753592274107,04:57:54.107,okx,AERO/USDT:USDT,0.9009,46.0,0.9008,12.0,0.9013,46.0,0.9014,17.0
1753592275707,04:57:55.707,okx,AERO/USDT:USDT,0.9009,46.0,0.9008,12.0,0.9013,46.0,0.9014,15.0
1753592276007,04:57:56.007,okx,AERO/USDT:USDT,0.9009,54.0,0.9008,18.0,0.9013,38.0,0.9014,15.0
1753592276107,04:57:56.107,okx,AERO/USDT:USDT,0.9009,54.0,0.9008,18.0,0.9013,38.0,0.9014,15.0
1753592276207,04:57:56.207,okx,AERO/USDT:USDT,0.9009,54.0,0.9008,18.0,0.9013,40.0,0.9014,15.0
1753592276607,04:57:56.607,okx,AERO/USDT:USDT,0.9009,54.0,0.9008,18.0,0.9013,38.0,0.9014,9.0
1753592276707,04:57:56.707,okx,AERO/USDT:USDT,0.9009,48.0,0.9008,18.0,0.9013,38.0,0.9014,15.0
1753592276807,04:57:56.807,okx,AERO/USDT:USDT,0.9009,48.0,0.9008,18.0,0.9013,46.0,0.9014,15.0
1753592277007,04:57:57.007,okx,AERO/USDT:USDT,0.9009,54.0,0.9008,18.0,0.9013,38.0,0.9014,15.0
1753592277207,04:57:57.207,okx,AERO/USDT:USDT,0.9009,54.0,0.9008,18.0,0.9013,38.0,0.9014,15.0
1753592277407,04:57:57.407,okx,AERO/USDT:USDT,0.9009,54.0,0.9008,18.0,0.9013,40.0,0.9014,15.0
1753592278207,04:57:58.207,okx,AERO/USDT:USDT,0.9009,48.0,0.9008,18.0,0.9013,46.0,0.9014,15.0
1753592278407,04:57:58.407,okx,AERO/USDT:USDT,0.9009,54.0,0.9008,18.0,0.9013,40.0,0.9014,15.0
1753592279007,04:57:59.007,okx,AERO/USDT:USDT,0.9009,46.0,0.9008,12.0,0.9013,46.0,0.9014,15.0
1753592279107,04:57:59.107,okx,AERO/USDT:USDT,0.9009,46.0,0.9008,12.0,0.9012,16.0,0.9013,46.0
1753592279207,04:57:59.207,okx,AERO/USDT:USDT,0.9009,46.0,0.9008,12.0,0.9012,16.0,0.9013,46.0
1753592279507,04:57:59.507,okx,AERO/USDT:USDT,0.9009,46.0,0.9008,12.0,0.9012,8.0,0.9013,46.0
1753592279707,04:57:59.707,okx,AERO/USDT:USDT,0.9009,46.0,0.9008,12.0,0.9012,8.0,0.9013,46.0
1753592280107,04:58:00.107,okx,AERO/USDT:USDT,0.9009,46.0,0.9008,14.0,0.9012,8.0,0.9013,46.0
1753592280307,04:58:00.307,okx,AERO/USDT:USDT,0.9009,46.0,0.9008,14.0,0.9012,8.0,0.9013,46.0
1753592280407,04:58:00.407,okx,AERO/USDT:USDT,0.9009,46.0,0.9008,14.0,0.9012,8.0,0.9013,46.0
1753592280607,04:58:00.607,okx,AERO/USDT:USDT,0.9009,46.0,0.9008,14.0,0.9012,8.0,0.9013,46.0
1753592280707,04:58:00.707,okx,AERO/USDT:USDT,0.9009,46.0,0.9008,14.0,0.9012,8.0,0.9013,46.0
1753592281207,04:58:01.207,okx,AERO/USDT:USDT,0.901,1.0,0.9009,46.0,0.9013,46.0,0.9014,15.0
1753592281507,04:58:01.507,okx,AERO/USDT:USDT,0.901,1.0,0.9009,8.0,0.9012,38.0,0.9013,16.0
1753592281807,04:58:01.807,okx,AERO/USDT:USDT,0.901,1.0,0.9009,8.0,0.9012,46.0,0.9013,16.0
1753592282307,04:58:02.307,okx,AERO/USDT:USDT,0.901,1.0,0.9009,8.0,0.9012,38.0,0.9013,16.0
1753592282907,04:58:02.907,okx,AERO/USDT:USDT,0.901,1.0,0.9009,8.0,0.9012,44.0,0.9013,16.0
1753592283107,04:58:03.107,okx,AERO/USDT:USDT,0.901,1.0,0.9009,8.0,0.9012,44.0,0.9013,16.0
1753592283507,04:58:03.507,okx,AERO/USDT:USDT,0.901,1.0,0.9009,8.0,0.9012,44.0,0.9013,16.0
1753592284107,04:58:04.107,okx,AERO/USDT:USDT,0.901,1.0,0.9009,8.0,0.9012,44.0,0.9013,16.0
1753592284207,04:58:04.207,okx,AERO/USDT:USDT,0.901,1.0,0.9009,8.0,0.9012,44.0,0.9013,16.0
1753592284707,04:58:04.707,okx,AERO/USDT:USDT,0.901,1.0,0.9009,8.0,0.9012,38.0,0.9013,16.0
1753592284807,04:58:04.807,okx,AERO/USDT:USDT,0.901,1.0,0.9009,8.0,0.9012,38.0,0.9013,16.0
1753592285807,04:58:05.807,okx,AERO/USDT:USDT,0.9008,7.0,0.9007,54.0,0.9011,50.0,0.9012,17.0
1753592285907,04:58:05.907,okx,AERO/USDT:USDT,0.9008,1.0,0.9007,54.0,0.9011,50.0,0.9012,17.0
1753592286307,04:58:06.307,okx,AERO/USDT:USDT,0.9008,1.0,0.9007,10.0,0.9011,50.0,0.9012,17.0
1753592286807,04:58:06.807,okx,AERO/USDT:USDT,0.9008,1.0,0.9007,16.0,0.9011,50.0,0.9012,17.0
1753592287107,04:58:07.107,okx,AERO/USDT:USDT,0.9008,1.0,0.9007,16.0,0.9011,50.0,0.9012,17.0
1753592287607,04:58:07.607,okx,AERO/USDT:USDT,0.9008,1.0,0.9007,16.0,0.9011,50.0,0.9012,17.0
1753592287807,04:58:07.807,okx,AERO/USDT:USDT,0.9008,1.0,0.9007,16.0,0.9011,50.0,0.9012,17.0
1753592288307,04:58:08.307,okx,AERO/USDT:USDT,0.9008,1.0,0.9007,16.0,0.9011,50.0,0.9012,17.0
1753592288507,04:58:08.507,okx,AERO/USDT:USDT,0.9008,1.0,0.9007,16.0,0.901,38.0,0.9011,10.0
1753592288607,04:58:08.607,okx,AERO/USDT:USDT,0.9008,7.0,0.9007,16.0,0.901,38.0,0.9011,8.0
1753592288907,04:58:08.907,okx,AERO/USDT:USDT,0.9008,9.0,0.9007,49.0,0.9011,46.0,0.9012,9.0
1753592289007,04:58:09.007,okx,AERO/USDT:USDT,0.9008,9.0,0.9007,49.0,0.9011,46.0,0.9012,9.0
1753592289207,04:58:09.207,okx,AERO/USDT:USDT,0.9008,9.0,0.9007,49.0,0.9011,46.0,0.9012,9.0
1753592289307,04:58:09.307,okx,AERO/USDT:USDT,0.9008,9.0,0.9007,49.0,0.9011,46.0,0.9012,9.0
1753592289507,04:58:09.507,okx,AERO/USDT:USDT,0.9008,9.0,0.9007,49.0,0.9011,46.0,0.9012,9.0
1753592290007,04:58:10.007,okx,AERO/USDT:USDT,0.9008,9.0,0.9007,49.0,0.9011,46.0,0.9012,9.0
1753592290407,04:58:10.407,okx,AERO/USDT:USDT,0.9008,9.0,0.9007,49.0,0.9011,46.0,0.9012,9.0
1753592290807,04:58:10.807,okx,AERO/USDT:USDT,0.9008,9.0,0.9007,49.0,0.9011,46.0,0.9012,9.0
1753592290907,04:58:10.907,okx,AERO/USDT:USDT,0.9008,9.0,0.9007,49.0,0.9011,46.0,0.9012,9.0
1753592291107,04:58:11.107,okx,AERO/USDT:USDT,0.9008,9.0,0.9007,49.0,0.9011,46.0,0.9012,9.0
1753592291207,04:58:11.207,okx,AERO/USDT:USDT,0.9008,3.0,0.9007,49.0,0.9011,46.0,0.9012,9.0
1753592291307,04:58:11.307,okx,AERO/USDT:USDT,0.9008,3.0,0.9007,49.0,0.9011,46.0,0.9012,9.0
1753592291407,04:58:11.407,okx,AERO/USDT:USDT,0.9008,9.0,0.9007,49.0,0.9011,46.0,0.9012,9.0
1753592291807,04:58:11.807,okx,AERO/USDT:USDT,0.9008,9.0,0.9007,49.0,0.9011,46.0,0.9012,9.0
1753592292807,04:58:12.807,okx,AERO/USDT:USDT,0.9008,1.0,0.9007,43.0,0.9011,54.0,0.9012,17.0
1753592292907,04:58:12.907,okx,AERO/USDT:USDT,0.9008,1.0,0.9007,43.0,0.9011,54.0,0.9012,17.0
1753592293007,04:58:13.007,okx,AERO/USDT:USDT,0.9008,1.0,0.9007,49.0,0.9011,48.0,0.9012,17.0
1753592293207,04:58:13.207,okx,AERO/USDT:USDT,0.9008,1.0,0.9007,49.0,0.9011,48.0,0.9012,17.0
1753592293307,04:58:13.307,okx,AERO/USDT:USDT,0.9008,1.0,0.9007,49.0,0.9011,48.0,0.9012,17.0
1753592294007,04:58:14.007,okx,AERO/USDT:USDT,0.9008,1.0,0.9007,41.0,0.9011,54.0,0.9012,17.0
1753592294507,04:58:14.507,okx,AERO/USDT:USDT,0.9008,1.0,0.9007,49.0,0.9011,48.0,0.9012,17.0
1753592294607,04:58:14.607,okx,AERO/USDT:USDT,0.9008,1.0,0.9007,49.0,0.9011,48.0,0.9012,17.0
1753592294707,04:58:14.707,okx,AERO/USDT:USDT,0.9008,1.0,0.9007,49.0,0.9011,48.0,0.9012,17.0
1753592294807,04:58:14.807,okx,AERO/USDT:USDT,0.9008,1.0,0.9007,49.0,0.9011,48.0,0.9012,17.0
1753592295007,04:58:15.007,okx,AERO/USDT:USDT,0.9008,9.0,0.9007,49.0,0.9011,46.0,0.9012,9.0
