timestamp,time,exchange,symbol,bid1_price,bid1_volume,bid2_price,bid2_volume,ask1_price,ask1_volume,ask2_price,ask2_volume
1753591881294,04:51:21.294,bitget,AERO/USDT:USDT,0.9,101.0,0.8998,85.0,0.9002,656.0,0.9003,85.0
1753591882645,04:51:22.645,bitget,AERO/USDT:USDT,0.8998,85.0,0.8997,124.0,0.9002,656.0,0.9003,85.0
1753591882945,04:51:22.945,bitget,AERO/USDT:USDT,0.8999,101.0,0.8998,85.0,0.9002,656.0,0.9003,85.0
1753591883545,04:51:23.545,bitget,AERO/USDT:USDT,0.8999,101.0,0.8998,85.0,0.9002,656.0,0.9003,85.0
1753591883995,04:51:23.995,bitget,AERO/USDT:USDT,0.8999,101.0,0.8998,85.0,0.9002,656.0,0.9003,85.0
1753591884146,04:51:24.146,bitget,AERO/USDT:USDT,0.8999,101.0,0.8998,85.0,0.9002,656.0,0.9003,85.0
1753591884296,04:51:24.296,bitget,AERO/USDT:USDT,0.8999,101.0,0.8998,85.0,0.9002,656.0,0.9003,85.0
1753591885196,04:51:25.196,bitget,AERO/USDT:USDT,0.8999,101.0,0.8998,85.0,0.9002,656.0,0.9003,85.0
1753591885797,04:51:25.797,bitget,AERO/USDT:USDT,0.8999,101.0,0.8998,85.0,0.9002,656.0,0.9003,85.0
1753591886247,04:51:26.247,bitget,AERO/USDT:USDT,0.8999,101.0,0.8998,85.0,0.9002,656.0,0.9003,85.0
1753591886547,04:51:26.547,bitget,AERO/USDT:USDT,0.8999,101.0,0.8998,85.0,0.9002,656.0,0.9003,85.0
1753591886847,04:51:26.847,bitget,AERO/USDT:USDT,0.8999,101.0,0.8998,85.0,0.9002,656.0,0.9003,85.0
1753591887147,04:51:27.147,bitget,AERO/USDT:USDT,0.8999,101.0,0.8998,85.0,0.9002,656.0,0.9003,85.0
1753591887898,04:51:27.898,bitget,AERO/USDT:USDT,0.8999,101.0,0.8998,85.0,0.9002,656.0,0.9003,85.0
1753591888648,04:51:28.648,bitget,AERO/USDT:USDT,0.8999,101.0,0.8998,85.0,0.9002,656.0,0.9003,85.0
1753591888798,04:51:28.798,bitget,AERO/USDT:USDT,0.8999,101.0,0.8998,85.0,0.9002,656.0,0.9003,85.0
1753591889099,04:51:29.099,bitget,AERO/USDT:USDT,0.8999,101.0,0.8998,85.0,0.9002,656.0,0.9003,85.0
1753591889699,04:51:29.699,bitget,AERO/USDT:USDT,0.8999,101.0,0.8998,85.0,0.9002,656.0,0.9003,85.0
1753591889849,04:51:29.849,bitget,AERO/USDT:USDT,0.8999,101.0,0.8998,85.0,0.9002,656.0,0.9003,85.0
1753591890149,04:51:30.149,bitget,AERO/USDT:USDT,0.8999,101.0,0.8998,85.0,0.9002,656.0,0.9003,85.0
1753591890299,04:51:30.299,bitget,AERO/USDT:USDT,0.8999,101.0,0.8998,85.0,0.9002,656.0,0.9003,85.0
1753591890449,04:51:30.449,bitget,AERO/USDT:USDT,0.8999,101.0,0.8998,85.0,0.9002,656.0,0.9003,85.0
1753591891050,04:51:31.050,bitget,AERO/USDT:USDT,0.8999,101.0,0.8998,85.0,0.9002,656.0,0.9003,85.0
1753591891200,04:51:31.200,bitget,AERO/USDT:USDT,0.8999,101.0,0.8998,85.0,0.9002,656.0,0.9003,85.0
1753591891650,04:51:31.650,bitget,AERO/USDT:USDT,0.8999,101.0,0.8998,85.0,0.9002,656.0,0.9003,85.0
1753591891950,04:51:31.950,bitget,AERO/USDT:USDT,0.8999,139.0,0.8998,126.0,0.9002,101.0,0.9003,85.0
1753591892250,04:51:32.250,bitget,AERO/USDT:USDT,0.8999,139.0,0.8998,126.0,0.9002,101.0,0.9003,85.0
1753591892401,04:51:32.401,bitget,AERO/USDT:USDT,0.8999,139.0,0.8998,126.0,0.9002,101.0,0.9003,85.0
1753591893301,04:51:33.301,bitget,AERO/USDT:USDT,0.8999,227.0,0.8998,126.0,0.9003,85.0,0.9004,38.0
1753591893451,04:51:33.451,bitget,AERO/USDT:USDT,0.8999,227.0,0.8998,126.0,0.9003,85.0,0.9004,38.0
1753591893601,04:51:33.601,bitget,AERO/USDT:USDT,0.8999,227.0,0.8998,126.0,0.9003,85.0,0.9004,38.0
1753591893751,04:51:33.751,bitget,AERO/USDT:USDT,0.8999,227.0,0.8998,126.0,0.9003,85.0,0.9004,38.0
1753591893902,04:51:33.902,bitget,AERO/USDT:USDT,0.8999,227.0,0.8998,126.0,0.9003,85.0,0.9004,38.0
1753591894502,04:51:34.502,bitget,AERO/USDT:USDT,0.8999,227.0,0.8998,126.0,0.9003,85.0,0.9004,38.0
1753591894802,04:51:34.802,bitget,AERO/USDT:USDT,0.8999,227.0,0.8998,126.0,0.9003,85.0,0.9004,38.0
1753591894952,04:51:34.952,bitget,AERO/USDT:USDT,0.8999,227.0,0.8998,126.0,0.9003,85.0,0.9004,38.0
1753591895102,04:51:35.102,bitget,AERO/USDT:USDT,0.8999,227.0,0.8998,126.0,0.9003,85.0,0.9004,38.0
1753591897054,04:51:37.054,bitget,AERO/USDT:USDT,0.8999,227.0,0.8998,126.0,0.9003,134.0,0.9004,38.0
1753591897354,04:51:37.354,bitget,AERO/USDT:USDT,0.8999,227.0,0.8998,126.0,0.9003,134.0,0.9004,38.0
1753591897954,04:51:37.954,bitget,AERO/USDT:USDT,0.8999,227.0,0.8998,126.0,0.9003,134.0,0.9004,38.0
1753591898104,04:51:38.104,bitget,AERO/USDT:USDT,0.8999,227.0,0.8998,126.0,0.9003,134.0,0.9004,38.0
1753591898855,04:51:38.855,bitget,AERO/USDT:USDT,0.8999,227.0,0.8998,126.0,0.9003,134.0,0.9004,38.0
1753591899005,04:51:39.005,bitget,AERO/USDT:USDT,0.8999,227.0,0.8998,126.0,0.9003,134.0,0.9004,38.0
1753591899755,04:51:39.755,bitget,AERO/USDT:USDT,0.9001,101.0,0.9,85.0,0.9005,186.0,0.9006,87.0
1753591900506,04:51:40.506,bitget,AERO/USDT:USDT,0.9002,85.0,0.9001,186.0,0.9005,101.0,0.9006,87.0
1753591900656,04:51:40.656,bitget,AERO/USDT:USDT,0.9003,101.0,0.9002,85.0,0.9005,101.0,0.9006,87.0
1753591901106,04:51:41.106,bitget,AERO/USDT:USDT,0.9003,101.0,0.9001,85.0,0.9005,101.0,0.9006,87.0
1753591902007,04:51:42.007,bitget,AERO/USDT:USDT,0.9003,101.0,0.9001,85.0,0.9005,101.0,0.9006,87.0
1753591902157,04:51:42.157,bitget,AERO/USDT:USDT,0.9003,101.0,0.9001,85.0,0.9005,101.0,0.9006,87.0
1753591902307,04:51:42.307,bitget,AERO/USDT:USDT,0.9003,101.0,0.9001,85.0,0.9005,101.0,0.9006,87.0
1753591902607,04:51:42.607,bitget,AERO/USDT:USDT,0.9003,101.0,0.9001,85.0,0.9005,101.0,0.9006,87.0
1753591902757,04:51:42.757,bitget,AERO/USDT:USDT,0.9003,101.0,0.9001,85.0,0.9005,101.0,0.9006,87.0
1753591902907,04:51:42.907,bitget,AERO/USDT:USDT,0.9003,101.0,0.9001,85.0,0.9005,101.0,0.9006,87.0
1753591903057,04:51:43.057,bitget,AERO/USDT:USDT,0.9003,101.0,0.9001,85.0,0.9005,101.0,0.9006,87.0
1753591903207,04:51:43.207,bitget,AERO/USDT:USDT,0.9003,101.0,0.9001,85.0,0.9005,186.0,0.9006,87.0
1753591903357,04:51:43.357,bitget,AERO/USDT:USDT,0.9003,101.0,0.9001,85.0,0.9005,186.0,0.9006,87.0
1753591903508,04:51:43.508,bitget,AERO/USDT:USDT,0.9003,101.0,0.9001,85.0,0.9005,186.0,0.9006,87.0
1753591903658,04:51:43.658,bitget,AERO/USDT:USDT,0.9003,101.0,0.9001,85.0,0.9005,186.0,0.9006,87.0
1753591904558,04:51:44.558,bitget,AERO/USDT:USDT,0.9003,101.0,0.9,85.0,0.9005,186.0,0.9006,87.0
1753591904708,04:51:44.708,bitget,AERO/USDT:USDT,0.9003,101.0,0.9,85.0,0.9005,186.0,0.9006,87.0
1753591905008,04:51:45.008,bitget,AERO/USDT:USDT,0.9003,101.0,0.9,85.0,0.9005,186.0,0.9006,87.0
1753591905158,04:51:45.158,bitget,AERO/USDT:USDT,0.9003,101.0,0.9,85.0,0.9005,186.0,0.9006,87.0
1753591905309,04:51:45.309,bitget,AERO/USDT:USDT,0.9003,101.0,0.9,85.0,0.9005,186.0,0.9006,87.0
1753591905459,04:51:45.459,bitget,AERO/USDT:USDT,0.9003,101.0,0.9,85.0,0.9005,186.0,0.9006,87.0
1753591905759,04:51:45.759,bitget,AERO/USDT:USDT,0.9003,101.0,0.9,85.0,0.9005,186.0,0.9006,87.0
1753591906209,04:51:46.209,bitget,AERO/USDT:USDT,0.9003,101.0,0.9,85.0,0.9005,186.0,0.9006,87.0
1753591906509,04:51:46.509,bitget,AERO/USDT:USDT,0.9003,101.0,0.9,85.0,0.9005,186.0,0.9006,87.0
1753591906659,04:51:46.659,bitget,AERO/USDT:USDT,0.9003,101.0,0.9,85.0,0.9005,186.0,0.9006,87.0
1753591906809,04:51:46.809,bitget,AERO/USDT:USDT,0.9003,101.0,0.9,85.0,0.9005,186.0,0.9006,87.0
1753591907110,04:51:47.110,bitget,AERO/USDT:USDT,0.9003,101.0,0.9,85.0,0.9005,186.0,0.9006,87.0
1753591907260,04:51:47.260,bitget,AERO/USDT:USDT,0.9003,101.0,0.9,85.0,0.9005,186.0,0.9006,87.0
1753591907410,04:51:47.410,bitget,AERO/USDT:USDT,0.9003,101.0,0.9,85.0,0.9005,186.0,0.9006,87.0
1753591907560,04:51:47.560,bitget,AERO/USDT:USDT,0.9003,101.0,0.9,85.0,0.9005,186.0,0.9006,87.0
1753591907710,04:51:47.710,bitget,AERO/USDT:USDT,0.9003,101.0,0.9,85.0,0.9005,186.0,0.9006,87.0
1753591908160,04:51:48.160,bitget,AERO/USDT:USDT,0.9003,101.0,0.9,85.0,0.9005,186.0,0.9006,87.0
1753591908310,04:51:48.310,bitget,AERO/USDT:USDT,0.9003,101.0,0.9,85.0,0.9005,186.0,0.9006,87.0
1753591908461,04:51:48.461,bitget,AERO/USDT:USDT,0.9003,101.0,0.9,85.0,0.9005,186.0,0.9006,87.0
1753591908761,04:51:48.761,bitget,AERO/USDT:USDT,0.9003,101.0,0.9,85.0,0.9005,186.0,0.9006,87.0
1753591909061,04:51:49.061,bitget,AERO/USDT:USDT,0.9003,101.0,0.9,85.0,0.9005,186.0,0.9006,87.0
1753591909211,04:51:49.211,bitget,AERO/USDT:USDT,0.9003,101.0,0.9,85.0,0.9005,186.0,0.9006,87.0
1753591909511,04:51:49.511,bitget,AERO/USDT:USDT,0.9003,101.0,0.9,85.0,0.9005,186.0,0.9006,87.0
1753591909661,04:51:49.661,bitget,AERO/USDT:USDT,0.9003,101.0,0.9,85.0,0.9005,186.0,0.9006,87.0
1753591909811,04:51:49.811,bitget,AERO/USDT:USDT,0.9003,101.0,0.9,85.0,0.9005,186.0,0.9006,87.0
1753591909961,04:51:49.961,bitget,AERO/USDT:USDT,0.9003,101.0,0.9,85.0,0.9005,186.0,0.9006,87.0
1753591910111,04:51:50.111,bitget,AERO/USDT:USDT,0.9003,101.0,0.9,85.0,0.9005,186.0,0.9006,87.0
1753591910412,04:51:50.412,bitget,AERO/USDT:USDT,0.9003,101.0,0.9,85.0,0.9005,186.0,0.9006,87.0
1753591910562,04:51:50.562,bitget,AERO/USDT:USDT,0.9003,101.0,0.9,85.0,0.9005,186.0,0.9006,87.0
1753591910712,04:51:50.712,bitget,AERO/USDT:USDT,0.9003,101.0,0.9,85.0,0.9005,186.0,0.9006,87.0
1753591910862,04:51:50.862,bitget,AERO/USDT:USDT,0.9003,101.0,0.9,85.0,0.9005,186.0,0.9006,87.0
1753591911012,04:51:51.012,bitget,AERO/USDT:USDT,0.9003,101.0,0.9,85.0,0.9005,186.0,0.9006,87.0
1753591911162,04:51:51.162,bitget,AERO/USDT:USDT,0.9003,101.0,0.9,547.0,0.9005,186.0,0.9006,87.0
1753591912063,04:51:52.063,bitget,AERO/USDT:USDT,0.9,585.0,0.8999,88.0,0.9003,101.0,0.9004,86.0
1753591912363,04:51:52.363,bitget,AERO/USDT:USDT,0.9001,225.0,0.9,588.0,0.9003,101.0,0.9006,87.0
1753591912813,04:51:52.813,bitget,AERO/USDT:USDT,0.9001,225.0,0.9,588.0,0.9005,101.0,0.9006,87.0
1753591912963,04:51:52.963,bitget,AERO/USDT:USDT,0.9002,86.0,0.9001,225.0,0.9005,101.0,0.9006,87.0
1753591913113,04:51:53.113,bitget,AERO/USDT:USDT,0.9002,86.0,0.9001,225.0,0.9005,101.0,0.9006,87.0
1753591913564,04:51:53.564,bitget,AERO/USDT:USDT,0.9002,86.0,0.9001,225.0,0.9005,187.0,0.9006,87.0
1753591913714,04:51:53.714,bitget,AERO/USDT:USDT,0.9002,86.0,0.9001,225.0,0.9005,187.0,0.9006,87.0
1753591913864,04:51:53.864,bitget,AERO/USDT:USDT,0.9002,86.0,0.9001,225.0,0.9005,187.0,0.9006,87.0
1753591914014,04:51:54.014,bitget,AERO/USDT:USDT,0.9002,86.0,0.9001,225.0,0.9005,187.0,0.9006,87.0
1753591914164,04:51:54.164,bitget,AERO/USDT:USDT,0.9002,86.0,0.9001,225.0,0.9005,187.0,0.9006,87.0
1753591914314,04:51:54.314,bitget,AERO/USDT:USDT,0.9002,86.0,0.9001,225.0,0.9005,187.0,0.9006,87.0
1753591914614,04:51:54.614,bitget,AERO/USDT:USDT,0.9002,86.0,0.9001,225.0,0.9005,187.0,0.9006,87.0
1753591914764,04:51:54.764,bitget,AERO/USDT:USDT,0.9002,86.0,0.9001,225.0,0.9005,187.0,0.9006,87.0
1753591915365,04:51:55.365,bitget,AERO/USDT:USDT,0.9001,225.0,0.9,588.0,0.9005,187.0,0.9006,87.0
1753591915665,04:51:55.665,bitget,AERO/USDT:USDT,0.9001,225.0,0.9,588.0,0.9005,187.0,0.9006,87.0
1753591915815,04:51:55.815,bitget,AERO/USDT:USDT,0.9001,225.0,0.9,588.0,0.9005,187.0,0.9006,87.0
1753591915965,04:51:55.965,bitget,AERO/USDT:USDT,0.9001,225.0,0.9,588.0,0.9005,187.0,0.9006,87.0
1753591916865,04:51:56.865,bitget,AERO/USDT:USDT,0.9001,225.0,0.9,588.0,0.9005,187.0,0.9006,87.0
1753591917166,04:51:57.166,bitget,AERO/USDT:USDT,0.9001,225.0,0.9,588.0,0.9005,187.0,0.9006,87.0
1753591917316,04:51:57.316,bitget,AERO/USDT:USDT,0.9001,225.0,0.9,588.0,0.9005,187.0,0.9006,87.0
1753591917916,04:51:57.916,bitget,AERO/USDT:USDT,0.9001,225.0,0.9,588.0,0.9005,187.0,0.9006,87.0
1753591918366,04:51:58.366,bitget,AERO/USDT:USDT,0.9001,225.0,0.9,588.0,0.9005,187.0,0.9006,87.0
1753591918667,04:51:58.667,bitget,AERO/USDT:USDT,0.9001,225.0,0.9,588.0,0.9005,187.0,0.9006,87.0
1753591918817,04:51:58.817,bitget,AERO/USDT:USDT,0.9001,225.0,0.9,588.0,0.9005,187.0,0.9006,87.0
1753591919117,04:51:59.117,bitget,AERO/USDT:USDT,0.9001,225.0,0.9,588.0,0.9004,86.0,0.9005,187.0
1753591919267,04:51:59.267,bitget,AERO/USDT:USDT,0.9001,225.0,0.9,588.0,0.9004,298.0,0.9005,225.0
1753591919417,04:51:59.417,bitget,AERO/USDT:USDT,0.9001,225.0,0.9,588.0,0.9004,298.0,0.9005,225.0
1753591919567,04:51:59.567,bitget,AERO/USDT:USDT,0.9001,225.0,0.9,588.0,0.9004,298.0,0.9005,225.0
1753591919867,04:51:59.867,bitget,AERO/USDT:USDT,0.9001,225.0,0.9,588.0,0.9003,101.0,0.9004,298.0
1753591920167,04:52:00.167,bitget,AERO/USDT:USDT,0.9001,139.0,0.9,588.0,0.9003,101.0,0.9004,298.0
1753591920318,04:52:00.318,bitget,AERO/USDT:USDT,0.9001,139.0,0.9,588.0,0.9003,101.0,0.9004,298.0
1753591920768,04:52:00.768,bitget,AERO/USDT:USDT,0.9001,139.0,0.9,588.0,0.9003,101.0,0.9004,298.0
1753591920918,04:52:00.918,bitget,AERO/USDT:USDT,0.9001,139.0,0.9,588.0,0.9003,101.0,0.9004,298.0
1753591921218,04:52:01.218,bitget,AERO/USDT:USDT,0.9001,139.0,0.9,588.0,0.9003,101.0,0.9004,298.0
1753591921368,04:52:01.368,bitget,AERO/USDT:USDT,0.9001,139.0,0.9,588.0,0.9003,101.0,0.9004,298.0
1753591921518,04:52:01.518,bitget,AERO/USDT:USDT,0.9001,139.0,0.9,588.0,0.9003,101.0,0.9005,86.0
1753591921969,04:52:01.969,bitget,AERO/USDT:USDT,0.9004,86.0,0.9003,226.0,0.9006,101.0,0.9007,4728.0
1753591922269,04:52:02.269,bitget,AERO/USDT:USDT,0.9004,86.0,0.9003,226.0,0.9006,101.0,0.9008,4812.0
1753591922419,04:52:02.419,bitget,AERO/USDT:USDT,0.9004,86.0,0.9003,226.0,0.9006,101.0,0.9008,4812.0
1753591922719,04:52:02.719,bitget,AERO/USDT:USDT,0.9003,226.0,0.9002,86.0,0.9006,430.0,0.9008,4812.0
1753591922869,04:52:02.869,bitget,AERO/USDT:USDT,0.9003,226.0,0.9002,86.0,0.9006,430.0,0.9008,4812.0
1753591923019,04:52:03.019,bitget,AERO/USDT:USDT,0.9003,226.0,0.9002,86.0,0.9006,430.0,0.9008,4812.0
1753591923319,04:52:03.319,bitget,AERO/USDT:USDT,0.9003,226.0,0.9002,86.0,0.9006,430.0,0.9008,4812.0
1753591923469,04:52:03.469,bitget,AERO/USDT:USDT,0.9003,226.0,0.9001,86.0,0.9006,430.0,0.9008,4812.0
1753591923620,04:52:03.620,bitget,AERO/USDT:USDT,0.9003,226.0,0.9001,86.0,0.9006,430.0,0.9008,4812.0
1753591923920,04:52:03.920,bitget,AERO/USDT:USDT,0.9003,226.0,0.9001,86.0,0.9006,430.0,0.9008,4812.0
1753591924070,04:52:04.070,bitget,AERO/USDT:USDT,0.9003,226.0,0.9001,86.0,0.9006,430.0,0.9008,4812.0
1753591924220,04:52:04.220,bitget,AERO/USDT:USDT,0.9003,226.0,0.9001,86.0,0.9006,430.0,0.9008,4812.0
1753591924370,04:52:04.370,bitget,AERO/USDT:USDT,0.9003,226.0,0.9001,86.0,0.9006,430.0,0.9008,4812.0
1753591924670,04:52:04.670,bitget,AERO/USDT:USDT,0.9003,226.0,0.9001,86.0,0.9006,187.0,0.9008,4812.0
1753591924820,04:52:04.820,bitget,AERO/USDT:USDT,0.9003,226.0,0.9001,86.0,0.9006,187.0,0.9008,4812.0
1753591925120,04:52:05.120,bitget,AERO/USDT:USDT,0.9003,226.0,0.9001,86.0,0.9006,187.0,0.9008,4812.0
1753591925421,04:52:05.421,bitget,AERO/USDT:USDT,0.9003,226.0,0.9001,86.0,0.9006,187.0,0.9008,4812.0
1753591925721,04:52:05.721,bitget,AERO/USDT:USDT,0.9003,226.0,0.9001,86.0,0.9006,243.0,0.9008,4812.0
1753591925871,04:52:05.871,bitget,AERO/USDT:USDT,0.9003,226.0,0.9001,86.0,0.9006,243.0,0.9008,4812.0
1753591926021,04:52:06.021,bitget,AERO/USDT:USDT,0.9003,226.0,0.9001,86.0,0.9006,243.0,0.9008,4812.0
1753591926321,04:52:06.321,bitget,AERO/USDT:USDT,0.9003,140.0,0.9001,86.0,0.9006,243.0,0.9008,4812.0
1753591926922,04:52:06.922,bitget,AERO/USDT:USDT,0.9003,140.0,0.9001,86.0,0.9006,243.0,0.9008,4812.0
1753591927072,04:52:07.072,bitget,AERO/USDT:USDT,0.9003,140.0,0.9001,86.0,0.9006,243.0,0.9008,4812.0
1753591927372,04:52:07.372,bitget,AERO/USDT:USDT,0.9003,140.0,0.9001,86.0,0.9006,243.0,0.9008,4812.0
1753591927672,04:52:07.672,bitget,AERO/USDT:USDT,0.9003,140.0,0.9001,86.0,0.9006,243.0,0.9008,4812.0
1753591927822,04:52:07.822,bitget,AERO/USDT:USDT,0.9003,140.0,0.9001,86.0,0.9006,243.0,0.9008,4812.0
1753591927972,04:52:07.972,bitget,AERO/USDT:USDT,0.9003,140.0,0.9001,86.0,0.9006,243.0,0.9008,4812.0
1753591928422,04:52:08.422,bitget,AERO/USDT:USDT,0.9003,140.0,0.9001,86.0,0.9006,243.0,0.9008,4812.0
1753591928723,04:52:08.723,bitget,AERO/USDT:USDT,0.9003,140.0,0.9001,86.0,0.9006,243.0,0.9008,4812.0
1753591929023,04:52:09.023,bitget,AERO/USDT:USDT,0.9003,140.0,0.9001,86.0,0.9006,157.0,0.9008,4812.0
1753591929173,04:52:09.173,bitget,AERO/USDT:USDT,0.9003,226.0,0.9001,86.0,0.9006,157.0,0.9008,4812.0
1753591929323,04:52:09.323,bitget,AERO/USDT:USDT,0.9003,226.0,0.9001,86.0,0.9006,157.0,0.9008,4812.0
1753591929473,04:52:09.473,bitget,AERO/USDT:USDT,0.9004,86.0,0.9003,226.0,0.9006,157.0,0.9008,4812.0
1753591929773,04:52:09.773,bitget,AERO/USDT:USDT,0.9004,86.0,0.9003,226.0,0.9006,157.0,0.9008,4812.0
1753591929923,04:52:09.923,bitget,AERO/USDT:USDT,0.9004,86.0,0.9003,226.0,0.9006,157.0,0.9008,4812.0
1753591930073,04:52:10.073,bitget,AERO/USDT:USDT,0.9004,86.0,0.9003,226.0,0.9006,157.0,0.9008,4812.0
1753591930223,04:52:10.223,bitget,AERO/USDT:USDT,0.9004,86.0,0.9003,226.0,0.9006,157.0,0.9008,4812.0
1753591930374,04:52:10.374,bitget,AERO/USDT:USDT,0.9004,86.0,0.9003,226.0,0.9006,157.0,0.9008,4812.0
1753591930524,04:52:10.524,bitget,AERO/USDT:USDT,0.9004,86.0,0.9003,226.0,0.9006,157.0,0.9008,4812.0
1753591930674,04:52:10.674,bitget,AERO/USDT:USDT,0.9004,86.0,0.9003,226.0,0.9006,157.0,0.9008,4812.0
1753591931424,04:52:11.424,bitget,AERO/USDT:USDT,0.9004,86.0,0.9003,226.0,0.9006,157.0,0.9008,4812.0
1753591931574,04:52:11.574,bitget,AERO/USDT:USDT,0.9004,86.0,0.9003,226.0,0.9006,157.0,0.9008,4812.0
1753591931724,04:52:11.724,bitget,AERO/USDT:USDT,0.9004,86.0,0.9003,226.0,0.9006,157.0,0.9008,4812.0
1753591931874,04:52:11.874,bitget,AERO/USDT:USDT,0.9004,86.0,0.9003,226.0,0.9006,157.0,0.9008,4812.0
1753591932025,04:52:12.025,bitget,AERO/USDT:USDT,0.9004,86.0,0.9003,226.0,0.9006,157.0,0.9008,4812.0
1753591932175,04:52:12.175,bitget,AERO/USDT:USDT,0.9003,226.0,0.9001,86.0,0.9006,157.0,0.9008,4812.0
1753591932475,04:52:12.475,bitget,AERO/USDT:USDT,0.9003,226.0,0.9001,86.0,0.9006,157.0,0.9008,4812.0
1753591932775,04:52:12.775,bitget,AERO/USDT:USDT,0.9003,226.0,0.9001,86.0,0.9006,157.0,0.9008,4812.0
1753591933225,04:52:13.225,bitget,AERO/USDT:USDT,0.9003,226.0,0.9001,86.0,0.9006,157.0,0.9008,4812.0
1753591933525,04:52:13.525,bitget,AERO/USDT:USDT,0.9003,226.0,0.9001,86.0,0.9006,157.0,0.9008,4812.0
1753591934126,04:52:14.126,bitget,AERO/USDT:USDT,0.9003,226.0,0.9001,86.0,0.9006,157.0,0.9008,4812.0
1753591934276,04:52:14.276,bitget,AERO/USDT:USDT,0.9003,226.0,0.9001,86.0,0.9006,157.0,0.9008,4812.0
1753591934426,04:52:14.426,bitget,AERO/USDT:USDT,0.9003,226.0,0.9001,86.0,0.9006,157.0,0.9008,4812.0
1753591934576,04:52:14.576,bitget,AERO/USDT:USDT,0.9003,226.0,0.9001,86.0,0.9006,157.0,0.9008,4812.0
1753591934726,04:52:14.726,bitget,AERO/USDT:USDT,0.9003,226.0,0.9001,86.0,0.9006,157.0,0.9008,4812.0
1753591934876,04:52:14.876,bitget,AERO/USDT:USDT,0.9004,84.0,0.9003,226.0,0.9006,157.0,0.9008,4812.0
1753591935026,04:52:15.026,bitget,AERO/USDT:USDT,0.9004,84.0,0.9003,226.0,0.9006,157.0,0.9008,4812.0
1753591935176,04:52:15.176,bitget,AERO/USDT:USDT,0.9004,84.0,0.9003,226.0,0.9006,157.0,0.9008,4812.0
1753591935327,04:52:15.327,bitget,AERO/USDT:USDT,0.9004,84.0,0.9003,226.0,0.9006,157.0,0.9008,4812.0
1753591936077,04:52:16.077,bitget,AERO/USDT:USDT,0.9004,84.0,0.9003,226.0,0.9006,157.0,0.9008,4812.0
1753591936227,04:52:16.227,bitget,AERO/USDT:USDT,0.9004,84.0,0.9003,226.0,0.9006,157.0,0.9008,4812.0
1753591936527,04:52:16.527,bitget,AERO/USDT:USDT,0.9004,84.0,0.9003,226.0,0.9006,157.0,0.9008,4812.0
1753591936677,04:52:16.677,bitget,AERO/USDT:USDT,0.9004,84.0,0.9003,226.0,0.9006,157.0,0.9008,4812.0
1753591936827,04:52:16.827,bitget,AERO/USDT:USDT,0.9004,84.0,0.9003,226.0,0.9006,157.0,0.9008,4812.0
1753591936977,04:52:16.977,bitget,AERO/USDT:USDT,0.9004,84.0,0.9003,226.0,0.9006,157.0,0.9008,4812.0
1753591937428,04:52:17.428,bitget,AERO/USDT:USDT,0.9004,84.0,0.9003,226.0,0.9006,101.0,0.9008,4812.0
1753591937578,04:52:17.578,bitget,AERO/USDT:USDT,0.9004,84.0,0.9003,226.0,0.9006,101.0,0.9008,4812.0
1753591938028,04:52:18.028,bitget,AERO/USDT:USDT,0.9004,84.0,0.9003,226.0,0.9006,101.0,0.9008,4812.0
1753591938178,04:52:18.178,bitget,AERO/USDT:USDT,0.9004,84.0,0.9003,226.0,0.9006,101.0,0.9008,4810.0
1753591938478,04:52:18.478,bitget,AERO/USDT:USDT,0.9004,84.0,0.9003,226.0,0.9006,101.0,0.9008,4810.0
1753591938628,04:52:18.628,bitget,AERO/USDT:USDT,0.9004,84.0,0.9003,226.0,0.9006,101.0,0.9008,4810.0
1753591938778,04:52:18.778,bitget,AERO/USDT:USDT,0.9004,84.0,0.9003,226.0,0.9006,101.0,0.9008,4810.0
1753591938929,04:52:18.929,bitget,AERO/USDT:USDT,0.9004,84.0,0.9003,226.0,0.9006,101.0,0.9008,4810.0
1753591939079,04:52:19.079,bitget,AERO/USDT:USDT,0.9004,84.0,0.9003,226.0,0.9006,101.0,0.9008,4810.0
1753591939529,04:52:19.529,bitget,AERO/USDT:USDT,0.9004,84.0,0.9003,226.0,0.9006,101.0,0.9008,4810.0
1753591939679,04:52:19.679,bitget,AERO/USDT:USDT,0.9004,84.0,0.9003,226.0,0.9006,101.0,0.9008,4810.0
1753591939829,04:52:19.829,bitget,AERO/USDT:USDT,0.9004,84.0,0.9003,226.0,0.9006,101.0,0.9008,4810.0
1753591939979,04:52:19.979,bitget,AERO/USDT:USDT,0.9004,84.0,0.9003,226.0,0.9006,101.0,0.9008,4810.0
1753591940279,04:52:20.279,bitget,AERO/USDT:USDT,0.9004,84.0,0.9003,226.0,0.9006,101.0,0.9008,4810.0
1753591940430,04:52:20.430,bitget,AERO/USDT:USDT,0.9004,84.0,0.9003,226.0,0.9006,101.0,0.9008,4810.0
1753591940580,04:52:20.580,bitget,AERO/USDT:USDT,0.9004,84.0,0.9003,226.0,0.9006,101.0,0.9008,4810.0
1753591940880,04:52:20.880,bitget,AERO/USDT:USDT,0.9004,84.0,0.9003,226.0,0.9006,157.0,0.9008,4810.0
1753591941180,04:52:21.180,bitget,AERO/USDT:USDT,0.9005,101.0,0.9004,84.0,0.9006,56.0,0.9008,4810.0
1753591941330,04:52:21.330,bitget,AERO/USDT:USDT,0.9005,101.0,0.9004,84.0,0.9006,56.0,0.9008,4810.0
1753591941630,04:52:21.630,bitget,AERO/USDT:USDT,0.9005,101.0,0.9004,84.0,0.9006,56.0,0.9008,4810.0
1753591941780,04:52:21.780,bitget,AERO/USDT:USDT,0.9005,101.0,0.9004,84.0,0.9006,56.0,0.9008,4810.0
1753591941931,04:52:21.931,bitget,AERO/USDT:USDT,0.9005,101.0,0.9004,84.0,0.9006,56.0,0.9008,4810.0
1753591942081,04:52:22.081,bitget,AERO/USDT:USDT,0.9005,101.0,0.9004,84.0,0.9006,56.0,0.9008,4810.0
1753591942381,04:52:22.381,bitget,AERO/USDT:USDT,0.9005,101.0,0.9004,84.0,0.9006,56.0,0.9008,4810.0
1753591942681,04:52:22.681,bitget,AERO/USDT:USDT,0.9005,101.0,0.9004,84.0,0.9006,56.0,0.9008,4810.0
1753591942831,04:52:22.831,bitget,AERO/USDT:USDT,0.9005,101.0,0.9004,84.0,0.9006,56.0,0.9008,4810.0
1753591942981,04:52:22.981,bitget,AERO/USDT:USDT,0.9005,101.0,0.9004,84.0,0.9006,56.0,0.9008,4810.0
1753591943431,04:52:23.431,bitget,AERO/USDT:USDT,0.9005,224.0,0.9004,124.0,0.9008,4724.0,0.901,997.0
1753591943581,04:52:23.581,bitget,AERO/USDT:USDT,0.9005,224.0,0.9004,124.0,0.9008,4724.0,0.9009,84.0
1753591943882,04:52:23.882,bitget,AERO/USDT:USDT,0.9005,224.0,0.9004,124.0,0.9008,4724.0,0.9009,84.0
1753591944032,04:52:24.032,bitget,AERO/USDT:USDT,0.9005,224.0,0.9004,124.0,0.9008,4724.0,0.9009,84.0
1753591944482,04:52:24.482,bitget,AERO/USDT:USDT,0.9005,224.0,0.9004,124.0,0.9008,4724.0,0.9009,84.0
1753591944632,04:52:24.632,bitget,AERO/USDT:USDT,0.9005,224.0,0.9004,124.0,0.9008,4724.0,0.9009,84.0
1753591944932,04:52:24.932,bitget,AERO/USDT:USDT,0.9005,224.0,0.9004,124.0,0.9008,4724.0,0.9009,84.0
1753591945082,04:52:25.082,bitget,AERO/USDT:USDT,0.9005,224.0,0.9004,124.0,0.9008,4724.0,0.9009,84.0
1753591945232,04:52:25.232,bitget,AERO/USDT:USDT,0.9005,224.0,0.9004,124.0,0.9008,4724.0,0.9009,84.0
1753591945383,04:52:25.383,bitget,AERO/USDT:USDT,0.9005,224.0,0.9004,124.0,0.9008,4724.0,0.9009,84.0
1753591945683,04:52:25.683,bitget,AERO/USDT:USDT,0.9005,224.0,0.9004,124.0,0.9008,4724.0,0.901,84.0
1753591945983,04:52:25.983,bitget,AERO/USDT:USDT,0.9005,224.0,0.9004,124.0,0.9008,4724.0,0.901,84.0
1753591946133,04:52:26.133,bitget,AERO/USDT:USDT,0.9005,224.0,0.9004,124.0,0.9008,4724.0,0.901,84.0
1753591946283,04:52:26.283,bitget,AERO/USDT:USDT,0.9005,185.0,0.9004,84.0,0.9008,4724.0,0.901,84.0
1753591946433,04:52:26.433,bitget,AERO/USDT:USDT,0.9005,185.0,0.9004,123.0,0.9008,4724.0,0.901,84.0
1753591946583,04:52:26.583,bitget,AERO/USDT:USDT,0.9005,185.0,0.9004,123.0,0.9008,4724.0,0.901,84.0
1753591946733,04:52:26.733,bitget,AERO/USDT:USDT,0.9005,185.0,0.9004,123.0,0.9008,4724.0,0.901,84.0
1753591946884,04:52:26.884,bitget,AERO/USDT:USDT,0.9005,185.0,0.9004,123.0,0.9008,4724.0,0.901,84.0
1753591947034,04:52:27.034,bitget,AERO/USDT:USDT,0.9005,185.0,0.9004,123.0,0.9008,4724.0,0.901,84.0
1753591947184,04:52:27.184,bitget,AERO/USDT:USDT,0.9005,185.0,0.9004,123.0,0.9008,4724.0,0.901,84.0
1753591947334,04:52:27.334,bitget,AERO/USDT:USDT,0.9005,185.0,0.9004,123.0,0.9008,4724.0,0.901,84.0
1753591947484,04:52:27.484,bitget,AERO/USDT:USDT,0.9005,185.0,0.9004,123.0,0.9008,4724.0,0.901,84.0
1753591947784,04:52:27.784,bitget,AERO/USDT:USDT,0.9005,185.0,0.9004,123.0,0.9008,4724.0,0.901,84.0
1753591947934,04:52:27.934,bitget,AERO/USDT:USDT,0.9005,185.0,0.9004,123.0,0.9008,4724.0,0.901,84.0
1753591948084,04:52:28.084,bitget,AERO/USDT:USDT,0.9005,185.0,0.9004,123.0,0.9008,4724.0,0.901,84.0
1753591948234,04:52:28.234,bitget,AERO/USDT:USDT,0.9005,185.0,0.9004,123.0,0.9008,4724.0,0.901,84.0
1753591948685,04:52:28.685,bitget,AERO/USDT:USDT,0.9005,101.0,0.9003,548.0,0.9007,188.0,0.9008,5279.0
1753591948835,04:52:28.835,bitget,AERO/USDT:USDT,0.9005,101.0,0.9003,548.0,0.9007,188.0,0.9008,5279.0
1753591949135,04:52:29.135,bitget,AERO/USDT:USDT,0.9005,101.0,0.9003,548.0,0.9007,188.0,0.9008,5279.0
1753591949435,04:52:29.435,bitget,AERO/USDT:USDT,0.9005,101.0,0.9003,548.0,0.9007,188.0,0.9008,5279.0
1753591949585,04:52:29.585,bitget,AERO/USDT:USDT,0.9003,548.0,0.9001,86.0,0.9006,87.0,0.9007,225.0
1753591949735,04:52:29.735,bitget,AERO/USDT:USDT,0.9003,86.0,0.9002,501.0,0.9007,225.0,0.9008,5316.0
1753591949885,04:52:29.885,bitget,AERO/USDT:USDT,0.9002,501.0,0.9001,86.0,0.9007,225.0,0.9008,5316.0
1753591950336,04:52:30.336,bitget,AERO/USDT:USDT,0.9003,101.0,0.9002,549.0,0.9005,101.0,0.9006,87.0
1753591950786,04:52:30.786,bitget,AERO/USDT:USDT,0.9003,101.0,0.9002,549.0,0.9005,101.0,0.9006,87.0
1753591950936,04:52:30.936,bitget,AERO/USDT:USDT,0.9003,101.0,0.9002,549.0,0.9005,101.0,0.9006,87.0
1753591951086,04:52:31.086,bitget,AERO/USDT:USDT,0.9003,101.0,0.9002,549.0,0.9005,101.0,0.9006,87.0
1753591951386,04:52:31.386,bitget,AERO/USDT:USDT,0.9003,188.0,0.9002,549.0,0.9006,188.0,0.9007,175.0
1753591951536,04:52:31.536,bitget,AERO/USDT:USDT,0.9003,188.0,0.9002,588.0,0.9006,188.0,0.9007,175.0
1753591951836,04:52:31.836,bitget,AERO/USDT:USDT,0.9003,188.0,0.9002,588.0,0.9006,188.0,0.9007,175.0
1753591952287,04:52:32.287,bitget,AERO/USDT:USDT,0.9003,188.0,0.9002,588.0,0.9006,101.0,0.9007,175.0
1753591952437,04:52:32.437,bitget,AERO/USDT:USDT,0.9003,188.0,0.9002,588.0,0.9006,101.0,0.9007,175.0
1753591952737,04:52:32.737,bitget,AERO/USDT:USDT,0.9003,188.0,0.9002,588.0,0.9006,101.0,0.9007,175.0
1753591952887,04:52:32.887,bitget,AERO/USDT:USDT,0.9003,188.0,0.9002,588.0,0.9006,101.0,0.9007,175.0
1753591953037,04:52:33.037,bitget,AERO/USDT:USDT,0.9003,188.0,0.9002,588.0,0.9006,101.0,0.9007,175.0
1753591953337,04:52:33.337,bitget,AERO/USDT:USDT,0.9003,188.0,0.9002,588.0,0.9006,101.0,0.9007,175.0
1753591953487,04:52:33.487,bitget,AERO/USDT:USDT,0.9003,188.0,0.9002,588.0,0.9006,101.0,0.9007,175.0
1753591953638,04:52:33.638,bitget,AERO/USDT:USDT,0.9003,188.0,0.9002,588.0,0.9006,101.0,0.9007,175.0
1753591953788,04:52:33.788,bitget,AERO/USDT:USDT,0.9003,188.0,0.9002,588.0,0.9006,101.0,0.9007,175.0
1753591953938,04:52:33.938,bitget,AERO/USDT:USDT,0.9003,188.0,0.9002,588.0,0.9006,101.0,0.9007,175.0
1753591954088,04:52:34.088,bitget,AERO/USDT:USDT,0.9003,188.0,0.9002,588.0,0.9006,101.0,0.9007,175.0
1753591954538,04:52:34.538,bitget,AERO/USDT:USDT,0.9003,188.0,0.9002,588.0,0.9006,101.0,0.9007,175.0
1753591954688,04:52:34.688,bitget,AERO/USDT:USDT,0.9003,188.0,0.9002,588.0,0.9006,101.0,0.9007,175.0
1753591954838,04:52:34.838,bitget,AERO/USDT:USDT,0.9003,188.0,0.9002,588.0,0.9006,101.0,0.9007,175.0
1753591954988,04:52:34.988,bitget,AERO/USDT:USDT,0.9003,188.0,0.9002,588.0,0.9006,101.0,0.9007,175.0
1753591955138,04:52:35.138,bitget,AERO/USDT:USDT,0.9003,188.0,0.9002,588.0,0.9006,101.0,0.9007,175.0
1753591955589,04:52:35.589,bitget,AERO/USDT:USDT,0.9003,188.0,0.9002,588.0,0.9006,101.0,0.9007,175.0
1753591956039,04:52:36.039,bitget,AERO/USDT:USDT,0.9003,188.0,0.9002,588.0,0.9006,101.0,0.9007,175.0
1753591956489,04:52:36.489,bitget,AERO/USDT:USDT,0.9003,188.0,0.9002,588.0,0.9006,101.0,0.9007,175.0
1753591956639,04:52:36.639,bitget,AERO/USDT:USDT,0.9003,188.0,0.9002,588.0,0.9006,101.0,0.9007,175.0
1753591956789,04:52:36.789,bitget,AERO/USDT:USDT,0.9003,188.0,0.9002,588.0,0.9006,101.0,0.9007,175.0
1753591956940,04:52:36.940,bitget,AERO/USDT:USDT,0.9003,188.0,0.9002,588.0,0.9006,101.0,0.9007,175.0
1753591957090,04:52:37.090,bitget,AERO/USDT:USDT,0.9003,188.0,0.9002,588.0,0.9006,101.0,0.9007,175.0
1753591957240,04:52:37.240,bitget,AERO/USDT:USDT,0.9003,188.0,0.9002,588.0,0.9006,101.0,0.9007,175.0
1753591957390,04:52:37.390,bitget,AERO/USDT:USDT,0.9003,188.0,0.9002,588.0,0.9006,101.0,0.9007,175.0
1753591957540,04:52:37.540,bitget,AERO/USDT:USDT,0.9003,188.0,0.9002,588.0,0.9006,101.0,0.9007,175.0
1753591957690,04:52:37.690,bitget,AERO/USDT:USDT,0.9003,188.0,0.9002,588.0,0.9006,101.0,0.9007,175.0
1753591958140,04:52:38.140,bitget,AERO/USDT:USDT,0.9003,188.0,0.9002,588.0,0.9006,101.0,0.9007,175.0
1753591958591,04:52:38.591,bitget,AERO/USDT:USDT,0.9003,188.0,0.9002,588.0,0.9006,185.0,0.9007,175.0
1753591959041,04:52:39.041,bitget,AERO/USDT:USDT,0.9003,188.0,0.9002,588.0,0.9006,101.0,0.9007,175.0
1753591959341,04:52:39.341,bitget,AERO/USDT:USDT,0.9003,188.0,0.9002,588.0,0.9006,101.0,0.9007,175.0
1753591959641,04:52:39.641,bitget,AERO/USDT:USDT,0.9003,188.0,0.9002,588.0,0.9006,101.0,0.9007,175.0
1753591960092,04:52:40.092,bitget,AERO/USDT:USDT,0.9005,185.0,0.9004,122.0,0.9008,4722.0,0.901,84.0
1753591960242,04:52:40.242,bitget,AERO/USDT:USDT,0.9005,185.0,0.9004,122.0,0.9008,4722.0,0.901,84.0
1753591960842,04:52:40.842,bitget,AERO/USDT:USDT,0.9005,185.0,0.9004,122.0,0.9008,4722.0,0.901,84.0
1753591960992,04:52:40.992,bitget,AERO/USDT:USDT,0.9005,185.0,0.9004,122.0,0.9008,4722.0,0.901,84.0
1753591961292,04:52:41.292,bitget,AERO/USDT:USDT,0.9005,185.0,0.9004,122.0,0.9008,4722.0,0.901,84.0
1753591961442,04:52:41.442,bitget,AERO/USDT:USDT,0.9005,185.0,0.9004,122.0,0.9008,4934.0,0.901,84.0
1753591961743,04:52:41.743,bitget,AERO/USDT:USDT,0.9003,549.0,0.9002,87.0,0.9006,84.0,0.9007,222.0
1753591961893,04:52:41.893,bitget,AERO/USDT:USDT,0.9003,87.0,0.9002,87.0,0.9006,84.0,0.9007,222.0
1753591962043,04:52:42.043,bitget,AERO/USDT:USDT,0.9003,185.0,0.9002,549.0,0.9006,84.0,0.9007,222.0
1753591962193,04:52:42.193,bitget,AERO/USDT:USDT,0.9003,185.0,0.9002,588.0,0.9006,84.0,0.9007,222.0
1753591962493,04:52:42.493,bitget,AERO/USDT:USDT,0.9003,185.0,0.9002,588.0,0.9007,185.0,0.9008,4934.0
1753591962643,04:52:42.643,bitget,AERO/USDT:USDT,0.9003,185.0,0.9002,588.0,0.9007,185.0,0.9008,4934.0
1753591962793,04:52:42.793,bitget,AERO/USDT:USDT,0.9003,185.0,0.9002,588.0,0.9007,185.0,0.9008,4934.0
1753591962943,04:52:42.943,bitget,AERO/USDT:USDT,0.9003,185.0,0.9002,588.0,0.9007,185.0,0.9008,4934.0
1753591963093,04:52:43.093,bitget,AERO/USDT:USDT,0.9003,185.0,0.9002,588.0,0.9007,185.0,0.9008,4934.0
1753591963394,04:52:43.394,bitget,AERO/USDT:USDT,0.9003,185.0,0.9002,588.0,0.9007,185.0,0.9008,4934.0
1753591963544,04:52:43.544,bitget,AERO/USDT:USDT,0.9004,84.0,0.9003,185.0,0.9007,185.0,0.9008,4722.0
1753591963694,04:52:43.694,bitget,AERO/USDT:USDT,0.9004,84.0,0.9003,185.0,0.9007,185.0,0.9008,4722.0
1753591963844,04:52:43.844,bitget,AERO/USDT:USDT,0.9004,122.0,0.9003,226.0,0.9007,185.0,0.9008,4722.0
1753591963994,04:52:43.994,bitget,AERO/USDT:USDT,0.9004,122.0,0.9003,226.0,0.9007,185.0,0.9008,4722.0
1753591964144,04:52:44.144,bitget,AERO/USDT:USDT,0.9004,122.0,0.9003,226.0,0.9007,185.0,0.9008,4722.0
1753591964294,04:52:44.294,bitget,AERO/USDT:USDT,0.9004,122.0,0.9003,226.0,0.9007,185.0,0.9008,4722.0
1753591964444,04:52:44.444,bitget,AERO/USDT:USDT,0.9004,122.0,0.9003,226.0,0.9007,185.0,0.9008,4722.0
1753591964895,04:52:44.895,bitget,AERO/USDT:USDT,0.9004,122.0,0.9003,226.0,0.9007,397.0,0.9008,4722.0
1753591965045,04:52:45.045,bitget,AERO/USDT:USDT,0.9004,122.0,0.9003,226.0,0.9007,397.0,0.9008,4722.0
1753591965195,04:52:45.195,bitget,AERO/USDT:USDT,0.9004,122.0,0.9003,226.0,0.9007,397.0,0.9008,4722.0
1753591965495,04:52:45.495,bitget,AERO/USDT:USDT,0.9004,122.0,0.9003,688.0,0.9007,397.0,0.9008,4722.0
1753591965795,04:52:45.795,bitget,AERO/USDT:USDT,0.9004,122.0,0.9003,688.0,0.9007,397.0,0.9008,4722.0
1753591966095,04:52:46.095,bitget,AERO/USDT:USDT,0.9004,122.0,0.9003,688.0,0.9007,397.0,0.9008,4722.0
1753591966245,04:52:46.245,bitget,AERO/USDT:USDT,0.9004,122.0,0.9003,688.0,0.9007,397.0,0.9008,4722.0
1753591966395,04:52:46.395,bitget,AERO/USDT:USDT,0.9004,122.0,0.9003,688.0,0.9007,397.0,0.9008,4722.0
1753591966546,04:52:46.546,bitget,AERO/USDT:USDT,0.9004,122.0,0.9003,688.0,0.9007,397.0,0.9008,4722.0
1753591967146,04:52:47.146,bitget,AERO/USDT:USDT,0.9004,122.0,0.9003,688.0,0.9007,397.0,0.9008,4722.0
1753591967446,04:52:47.446,bitget,AERO/USDT:USDT,0.9004,122.0,0.9003,688.0,0.9007,397.0,0.9008,4722.0
1753591967596,04:52:47.596,bitget,AERO/USDT:USDT,0.9004,122.0,0.9003,688.0,0.9007,185.0,0.9008,4722.0
1753591967746,04:52:47.746,bitget,AERO/USDT:USDT,0.9004,122.0,0.9003,688.0,0.9007,185.0,0.9008,4722.0
1753591967896,04:52:47.896,bitget,AERO/USDT:USDT,0.9004,122.0,0.9003,688.0,0.9007,185.0,0.9008,4722.0
1753591968047,04:52:48.047,bitget,AERO/USDT:USDT,0.9004,122.0,0.9003,688.0,0.9007,185.0,0.9008,4722.0
1753591968197,04:52:48.197,bitget,AERO/USDT:USDT,0.9005,188.0,0.9004,84.0,0.9007,101.0,0.9008,4722.0
1753591968497,04:52:48.497,bitget,AERO/USDT:USDT,0.9005,188.0,0.9004,84.0,0.9007,101.0,0.9008,4722.0
1753591968647,04:52:48.647,bitget,AERO/USDT:USDT,0.9005,188.0,0.9004,84.0,0.9007,101.0,0.9008,4722.0
1753591968947,04:52:48.947,bitget,AERO/USDT:USDT,0.9005,188.0,0.9004,84.0,0.9007,101.0,0.9008,4722.0
1753591969247,04:52:49.247,bitget,AERO/USDT:USDT,0.9005,188.0,0.9004,84.0,0.9007,101.0,0.9008,4722.0
1753591969397,04:52:49.397,bitget,AERO/USDT:USDT,0.9005,188.0,0.9004,84.0,0.9007,101.0,0.9008,4722.0
1753591969848,04:52:49.848,bitget,AERO/USDT:USDT,0.9005,188.0,0.9004,84.0,0.9007,101.0,0.9008,4722.0
1753591970148,04:52:50.148,bitget,AERO/USDT:USDT,0.9005,188.0,0.9004,84.0,0.9007,101.0,0.9008,4722.0
1753591970448,04:52:50.448,bitget,AERO/USDT:USDT,0.9005,188.0,0.9004,84.0,0.9007,101.0,0.9008,4722.0
1753591970898,04:52:50.898,bitget,AERO/USDT:USDT,0.9005,188.0,0.9004,84.0,0.9007,101.0,0.9008,4722.0
1753591971199,04:52:51.199,bitget,AERO/USDT:USDT,0.9005,188.0,0.9004,84.0,0.9007,101.0,0.9008,4722.0
1753591971499,04:52:51.499,bitget,AERO/USDT:USDT,0.9005,188.0,0.9004,84.0,0.9007,101.0,0.9008,4722.0
