timestamp,time,exchange,symbol,bid1_price,bid1_volume,bid2_price,bid2_volume,ask1_price,ask1_volume,ask2_price,ask2_volume
1753591883762,04:51:23.762,binance,ADA/USDT:USDT,0.8313,21033.0,0.8312,40414.0,0.8314,48700.0,0.8315,108502.0
1753591883866,04:51:23.866,binance,ADA/USDT:USDT,0.8313,21033.0,0.8312,40414.0,0.8314,42630.0,0.8315,108502.0
1753591883969,04:51:23.969,binance,ADA/USDT:USDT,0.8313,21033.0,0.8312,40439.0,0.8314,42510.0,0.8315,108502.0
1753591884072,04:51:24.072,binance,ADA/USDT:USDT,0.8313,24058.0,0.8312,40439.0,0.8314,42510.0,0.8315,108477.0
1753591884175,04:51:24.175,binance,ADA/USDT:USDT,0.8313,24058.0,0.8312,40439.0,0.8314,42970.0,0.8315,108502.0
1753591884278,04:51:24.278,binance,ADA/USDT:USDT,0.8313,24058.0,0.8312,40679.0,0.8314,37482.0,0.8315,108477.0
1753591884402,04:51:24.402,binance,ADA/USDT:USDT,0.8313,21040.0,0.8312,40405.0,0.8314,49747.0,0.8315,108262.0
1753591884994,04:51:24.994,binance,ADA/USDT:USDT,0.8313,24179.0,0.8312,40439.0,0.8314,38195.0,0.8315,108468.0
1753591885112,04:51:25.112,binance,ADA/USDT:USDT,0.8313,21383.0,0.8312,40439.0,0.8314,38194.0,0.8315,108477.0
1753591885216,04:51:25.216,binance,ADA/USDT:USDT,0.8313,21632.0,0.8312,40414.0,0.8314,50969.0,0.8315,108477.0
1753591885341,04:51:25.341,binance,ADA/USDT:USDT,0.8313,21652.0,0.8312,40414.0,0.8314,44950.0,0.8315,108477.0
1753591885445,04:51:25.445,binance,ADA/USDT:USDT,0.8313,21605.0,0.8312,40414.0,0.8314,50992.0,0.8315,108502.0
1753591885560,04:51:25.560,binance,ADA/USDT:USDT,0.8313,21708.0,0.8312,40414.0,0.8314,50992.0,0.8315,108502.0
1753591885674,04:51:25.674,binance,ADA/USDT:USDT,0.8313,21708.0,0.8312,40414.0,0.8314,50992.0,0.8315,108502.0
1753591885810,04:51:25.810,binance,ADA/USDT:USDT,0.8313,24711.0,0.8312,40679.0,0.8314,38304.0,0.8315,108477.0
1753591885913,04:51:25.913,binance,ADA/USDT:USDT,0.8313,24711.0,0.8312,40679.0,0.8314,38184.0,0.8315,108477.0
1753591886048,04:51:26.048,binance,ADA/USDT:USDT,0.8313,21708.0,0.8312,40679.0,0.8314,38184.0,0.8315,108477.0
1753591886201,04:51:26.201,binance,ADA/USDT:USDT,0.8313,21708.0,0.8312,40414.0,0.8314,46710.0,0.8315,108502.0
1753591886302,04:51:26.302,binance,ADA/USDT:USDT,0.8313,21700.0,0.8312,40414.0,0.8314,46734.0,0.8315,108502.0
1753591886411,04:51:26.411,binance,ADA/USDT:USDT,0.8313,21708.0,0.8312,40414.0,0.8314,38303.0,0.8315,108477.0
1753591886518,04:51:26.518,binance,ADA/USDT:USDT,0.8313,21708.0,0.8312,40414.0,0.8314,38303.0,0.8315,108477.0
1753591886635,04:51:26.635,binance,ADA/USDT:USDT,0.8313,21708.0,0.8312,40439.0,0.8314,40937.0,0.8315,108477.0
1753591886738,04:51:26.738,binance,ADA/USDT:USDT,0.8313,21708.0,0.8312,40414.0,0.8314,49572.0,0.8315,108477.0
1753591886843,04:51:26.843,binance,ADA/USDT:USDT,0.8313,21708.0,0.8312,40414.0,0.8314,49572.0,0.8315,108477.0
1753591887281,04:51:27.281,binance,ADA/USDT:USDT,0.8313,21708.0,0.8312,40414.0,0.8314,49717.0,0.8315,108502.0
1753591887390,04:51:27.390,binance,ADA/USDT:USDT,0.8313,21715.0,0.8312,40439.0,0.8314,41057.0,0.8315,108477.0
1753591887508,04:51:27.508,binance,ADA/USDT:USDT,0.8313,21722.0,0.8312,40439.0,0.8314,41206.0,0.8315,108477.0
1753591887803,04:51:27.803,binance,ADA/USDT:USDT,0.8313,27793.0,0.8312,40672.0,0.8314,38331.0,0.8315,107695.0
1753591888582,04:51:28.582,binance,ADA/USDT:USDT,0.8313,28006.0,0.8312,40432.0,0.8314,38350.0,0.8315,107704.0
1753591888708,04:51:28.708,binance,ADA/USDT:USDT,0.8313,28006.0,0.8312,40432.0,0.8314,38350.0,0.8315,107704.0
1753591888812,04:51:28.812,binance,ADA/USDT:USDT,0.8313,28006.0,0.8312,40432.0,0.8314,38348.0,0.8315,107704.0
1753591888985,04:51:28.985,binance,ADA/USDT:USDT,0.8313,21967.0,0.8312,40398.0,0.8314,44877.0,0.8315,108495.0
1753591889089,04:51:29.089,binance,ADA/USDT:USDT,0.8313,11205.0,0.8312,40398.0,0.8314,49213.0,0.8315,108495.0
1753591889545,04:51:29.545,binance,ADA/USDT:USDT,0.8313,1998.0,0.8312,40407.0,0.8314,49492.0,0.8315,111200.0
1753591889666,04:51:29.666,binance,ADA/USDT:USDT,0.8313,1998.0,0.8312,40407.0,0.8314,49732.0,0.8315,111200.0
1753591889822,04:51:29.822,binance,ADA/USDT:USDT,0.8313,13983.0,0.8312,40407.0,0.8314,43527.0,0.8315,111166.0
1753591889923,04:51:29.923,binance,ADA/USDT:USDT,0.8313,28083.0,0.8312,40407.0,0.8314,40087.0,0.8315,107575.0
1753591890039,04:51:30.039,binance,ADA/USDT:USDT,0.8313,14164.0,0.8312,40407.0,0.8314,43602.0,0.8315,108379.0
1753591890151,04:51:30.151,binance,ADA/USDT:USDT,0.8313,14191.0,0.8312,40407.0,0.8314,42911.0,0.8315,108379.0
1753591890253,04:51:30.253,binance,ADA/USDT:USDT,0.8313,11193.0,0.8312,40432.0,0.8314,43112.0,0.8315,108644.0
1753591890366,04:51:30.366,binance,ADA/USDT:USDT,0.8313,11227.0,0.8312,40432.0,0.8314,43112.0,0.8315,108644.0
1753591890471,04:51:30.471,binance,ADA/USDT:USDT,0.8313,11227.0,0.8312,40407.0,0.8314,48878.0,0.8315,108644.0
1753591890700,04:51:30.700,binance,ADA/USDT:USDT,0.8313,25012.0,0.8312,40407.0,0.8314,43035.0,0.8315,108619.0
1753591890801,04:51:30.801,binance,ADA/USDT:USDT,0.8313,22014.0,0.8312,40407.0,0.8314,41704.0,0.8315,108619.0
1753591890903,04:51:30.903,binance,ADA/USDT:USDT,0.8313,22014.0,0.8312,40407.0,0.8314,41704.0,0.8315,108619.0
1753591891060,04:51:31.060,binance,ADA/USDT:USDT,0.8313,21989.0,0.8312,40432.0,0.8314,37375.0,0.8315,108619.0
1753591891166,04:51:31.166,binance,ADA/USDT:USDT,0.8313,45197.0,0.8312,58090.0,0.8314,1858.0,0.8315,80040.0
1753591891268,04:51:31.268,binance,ADA/USDT:USDT,0.8314,86794.0,0.8313,56249.0,0.8315,17342.0,0.8316,49656.0
1753591891371,04:51:31.371,binance,ADA/USDT:USDT,0.8315,68444.0,0.8314,67819.0,0.8316,17425.0,0.8317,62099.0
1753591891472,04:51:31.472,binance,ADA/USDT:USDT,0.8315,72670.0,0.8314,69221.0,0.8316,10064.0,0.8317,32472.0
1753591891573,04:51:31.573,binance,ADA/USDT:USDT,0.8315,73640.0,0.8314,72551.0,0.8316,406.0,0.8317,32655.0
1753591891680,04:51:31.680,binance,ADA/USDT:USDT,0.8315,73339.0,0.8314,74658.0,0.8316,9613.0,0.8317,36271.0
1753591891784,04:51:31.784,binance,ADA/USDT:USDT,0.8315,73708.0,0.8314,70899.0,0.8316,9613.0,0.8317,36511.0
1753591891891,04:51:31.891,binance,ADA/USDT:USDT,0.8315,62424.0,0.8314,70072.0,0.8316,23702.0,0.8317,36533.0
1753591891997,04:51:31.997,binance,ADA/USDT:USDT,0.8315,62250.0,0.8314,69411.0,0.8316,31572.0,0.8317,36533.0
1753591892119,04:51:32.119,binance,ADA/USDT:USDT,0.8315,58296.0,0.8314,69585.0,0.8316,42605.0,0.8317,50066.0
1753591892220,04:51:32.220,binance,ADA/USDT:USDT,0.8315,58296.0,0.8314,69585.0,0.8316,42605.0,0.8317,50810.0
1753591892341,04:51:32.341,binance,ADA/USDT:USDT,0.8315,58296.0,0.8314,69592.0,0.8316,42605.0,0.8317,50066.0
1753591892461,04:51:32.461,binance,ADA/USDT:USDT,0.8315,64679.0,0.8314,69443.0,0.8316,44094.0,0.8317,50066.0
1753591892564,04:51:32.564,binance,ADA/USDT:USDT,0.8315,64629.0,0.8314,69947.0,0.8316,25674.0,0.8317,40286.0
1753591892702,04:51:32.702,binance,ADA/USDT:USDT,0.8315,64629.0,0.8314,69947.0,0.8316,25674.0,0.8317,40286.0
1753591892809,04:51:32.809,binance,ADA/USDT:USDT,0.8315,64654.0,0.8314,69947.0,0.8316,14912.0,0.8317,40286.0
1753591892914,04:51:32.914,binance,ADA/USDT:USDT,0.8315,64654.0,0.8314,69947.0,0.8316,14809.0,0.8317,40286.0
1753591893017,04:51:33.017,binance,ADA/USDT:USDT,0.8315,65083.0,0.8314,69947.0,0.8316,14809.0,0.8317,40526.0
1753591893141,04:51:33.141,binance,ADA/USDT:USDT,0.8315,65083.0,0.8314,70848.0,0.8316,14745.0,0.8317,40526.0
1753591893251,04:51:33.251,binance,ADA/USDT:USDT,0.8315,65365.0,0.8314,70848.0,0.8316,14745.0,0.8317,40526.0
1753591893436,04:51:33.436,binance,ADA/USDT:USDT,0.8315,65591.0,0.8314,70848.0,0.8316,5545.0,0.8317,40526.0
1753591893537,04:51:33.537,binance,ADA/USDT:USDT,0.8315,65695.0,0.8314,80596.0,0.8316,2076.0,0.8317,38227.0
1753591893638,04:51:33.638,binance,ADA/USDT:USDT,0.8315,65931.0,0.8314,88000.0,0.8316,2140.0,0.8317,38227.0
1753591893740,04:51:33.740,binance,ADA/USDT:USDT,0.8315,69331.0,0.8314,90042.0,0.8316,2140.0,0.8317,38227.0
1753591893843,04:51:33.843,binance,ADA/USDT:USDT,0.8315,69451.0,0.8314,90042.0,0.8316,2140.0,0.8317,38227.0
1753591893949,04:51:33.949,binance,ADA/USDT:USDT,0.8316,75824.0,0.8315,58493.0,0.8317,37358.0,0.8318,78738.0
1753591894368,04:51:34.368,binance,ADA/USDT:USDT,0.8316,64270.0,0.8315,48899.0,0.8317,44705.0,0.8318,73632.0
1753591894829,04:51:34.829,binance,ADA/USDT:USDT,0.8316,71439.0,0.8315,48365.0,0.8317,41064.0,0.8318,76861.0
1753591895065,04:51:35.065,binance,ADA/USDT:USDT,0.8316,68791.0,0.8315,48256.0,0.8317,40936.0,0.8318,76861.0
1753591895171,04:51:35.171,binance,ADA/USDT:USDT,0.8316,69040.0,0.8315,48243.0,0.8317,40936.0,0.8318,76861.0
1753591895300,04:51:35.300,binance,ADA/USDT:USDT,0.8316,66022.0,0.8315,48069.0,0.8317,40936.0,0.8318,76861.0
1753591895409,04:51:35.409,binance,ADA/USDT:USDT,0.8316,66029.0,0.8315,48243.0,0.8317,40936.0,0.8318,76861.0
1753591895510,04:51:35.510,binance,ADA/USDT:USDT,0.8316,72183.0,0.8315,48810.0,0.8317,35996.0,0.8318,76287.0
1753591896215,04:51:36.215,binance,ADA/USDT:USDT,0.8314,40928.0,0.8313,49487.0,0.8315,21297.0,0.8316,84430.0
1753591896883,04:51:36.883,binance,ADA/USDT:USDT,0.8315,53279.0,0.8314,46160.0,0.8316,38933.0,0.8317,99521.0
1753591896989,04:51:36.989,binance,ADA/USDT:USDT,0.8315,53279.0,0.8314,46160.0,0.8316,38933.0,0.8317,99521.0
1753591897156,04:51:37.156,binance,ADA/USDT:USDT,0.8315,53254.0,0.8314,46167.0,0.8316,38575.0,0.8317,99521.0
1753591897318,04:51:37.318,binance,ADA/USDT:USDT,0.8315,50520.0,0.8314,45598.0,0.8316,38575.0,0.8317,99521.0
1753591897421,04:51:37.421,binance,ADA/USDT:USDT,0.8315,50520.0,0.8314,46167.0,0.8316,38521.0,0.8317,92290.0
1753591897740,04:51:37.740,binance,ADA/USDT:USDT,0.8315,41306.0,0.8314,46316.0,0.8316,38971.0,0.8317,92075.0
1753591897905,04:51:37.905,binance,ADA/USDT:USDT,0.8315,44103.0,0.8314,46556.0,0.8316,38935.0,0.8317,92050.0
1753591898014,04:51:38.014,binance,ADA/USDT:USDT,0.8315,41306.0,0.8314,46556.0,0.8316,38935.0,0.8317,92050.0
1753591898144,04:51:38.144,binance,ADA/USDT:USDT,0.8315,41306.0,0.8314,45772.0,0.8316,38935.0,0.8317,92050.0
1753591898249,04:51:38.249,binance,ADA/USDT:USDT,0.8315,41306.0,0.8314,45772.0,0.8316,38485.0,0.8317,99629.0
1753591898354,04:51:38.354,binance,ADA/USDT:USDT,0.8315,41306.0,0.8314,45772.0,0.8316,38485.0,0.8317,99629.0
1753591898461,04:51:38.461,binance,ADA/USDT:USDT,0.8315,49534.0,0.8314,48398.0,0.8316,27723.0,0.8317,99629.0
1753591898568,04:51:38.568,binance,ADA/USDT:USDT,0.8315,49963.0,0.8314,51529.0,0.8316,5163.0,0.8317,89254.0
1753591898726,04:51:38.726,binance,ADA/USDT:USDT,0.8315,49963.0,0.8314,52338.0,0.8316,5163.0,0.8317,89014.0
1753591898848,04:51:38.848,binance,ADA/USDT:USDT,0.8315,53963.0,0.8314,52938.0,0.8316,4304.0,0.8317,77262.0
1753591899190,04:51:39.190,binance,ADA/USDT:USDT,0.8315,53963.0,0.8314,58716.0,0.8316,4754.0,0.8317,77382.0
1753591899646,04:51:39.646,binance,ADA/USDT:USDT,0.8318,64899.0,0.8317,81046.0,0.8319,21406.0,0.832,40349.0
1753591899748,04:51:39.748,binance,ADA/USDT:USDT,0.8318,68919.0,0.8317,86395.0,0.8319,21406.0,0.832,43035.0
1753591899855,04:51:39.855,binance,ADA/USDT:USDT,0.8319,72312.0,0.8318,65747.0,0.832,12168.0,0.8321,29458.0
1753591899958,04:51:39.958,binance,ADA/USDT:USDT,0.8319,69331.0,0.8318,65178.0,0.832,25567.0,0.8321,41275.0
1753591900059,04:51:40.059,binance,ADA/USDT:USDT,0.8319,56381.0,0.8318,65202.0,0.832,42946.0,0.8321,46882.0
1753591900160,04:51:40.160,binance,ADA/USDT:USDT,0.8319,37212.0,0.8318,64610.0,0.832,43120.0,0.8321,46708.0
1753591900261,04:51:40.261,binance,ADA/USDT:USDT,0.8319,33599.0,0.8318,65213.0,0.832,37481.0,0.8321,46708.0
1753591900381,04:51:40.381,binance,ADA/USDT:USDT,0.8319,47544.0,0.8318,65039.0,0.832,35287.0,0.8321,46890.0
1753591900486,04:51:40.486,binance,ADA/USDT:USDT,0.8319,47724.0,0.8318,64919.0,0.832,35406.0,0.8321,46890.0
1753591900587,04:51:40.587,binance,ADA/USDT:USDT,0.8319,50929.0,0.8318,67719.0,0.832,14258.0,0.8321,47130.0
1753591900691,04:51:40.691,binance,ADA/USDT:USDT,0.8319,51401.0,0.8318,67719.0,0.832,19315.0,0.8321,47121.0
1753591900795,04:51:40.795,binance,ADA/USDT:USDT,0.8319,45415.0,0.8318,67719.0,0.832,23761.0,0.8321,46881.0
1753591900897,04:51:40.897,binance,ADA/USDT:USDT,0.8319,45415.0,0.8318,67738.0,0.832,20477.0,0.8321,46881.0
1753591901118,04:51:41.118,binance,ADA/USDT:USDT,0.8319,45241.0,0.8318,65112.0,0.832,38221.0,0.8321,46716.0
1753591901221,04:51:41.221,binance,ADA/USDT:USDT,0.8319,34043.0,0.8318,65112.0,0.832,41230.0,0.8321,46890.0
1753591901336,04:51:41.336,binance,ADA/USDT:USDT,0.8319,34043.0,0.8318,65112.0,0.832,41350.0,0.8321,56455.0
1753591901443,04:51:41.443,binance,ADA/USDT:USDT,0.8319,1105.0,0.8318,63692.0,0.832,47022.0,0.8321,85271.0
1753591901545,04:51:41.545,binance,ADA/USDT:USDT,0.8319,1097.0,0.8318,63699.0,0.832,56603.0,0.8321,87216.0
1753591901647,04:51:41.647,binance,ADA/USDT:USDT,0.8319,1077.0,0.8318,63699.0,0.832,58822.0,0.8321,90016.0
1753591901750,04:51:41.750,binance,ADA/USDT:USDT,0.8319,10284.0,0.8318,67305.0,0.832,53096.0,0.8321,92816.0
1753591901870,04:51:41.870,binance,ADA/USDT:USDT,0.8319,21046.0,0.8318,67305.0,0.832,53216.0,0.8321,82646.0
1753591901973,04:51:41.973,binance,ADA/USDT:USDT,0.8319,21066.0,0.8318,67305.0,0.832,52976.0,0.8321,82646.0
1753591902080,04:51:42.080,binance,ADA/USDT:USDT,0.8319,10304.0,0.8318,67305.0,0.832,52976.0,0.8321,82886.0
1753591902193,04:51:42.193,binance,ADA/USDT:USDT,0.8319,23968.0,0.8318,67313.0,0.832,51677.0,0.8321,82886.0
1753591902504,04:51:42.504,binance,ADA/USDT:USDT,0.8319,31059.0,0.8318,67338.0,0.832,47827.0,0.8321,82886.0
1753591902618,04:51:42.618,binance,ADA/USDT:USDT,0.8319,39628.0,0.8318,67772.0,0.832,47513.0,0.8321,83060.0
1753591902738,04:51:42.738,binance,ADA/USDT:USDT,0.8319,42880.0,0.8318,67772.0,0.832,29811.0,0.8321,47715.0
1753591902840,04:51:42.840,binance,ADA/USDT:USDT,0.8319,43309.0,0.8318,67772.0,0.832,17773.0,0.8321,47121.0
1753591902965,04:51:42.965,binance,ADA/USDT:USDT,0.8319,42880.0,0.8318,67772.0,0.832,25567.0,0.8321,47121.0
1753591903068,04:51:43.068,binance,ADA/USDT:USDT,0.8319,31034.0,0.8318,67313.0,0.832,39791.0,0.8321,46748.0
1753591903182,04:51:43.182,binance,ADA/USDT:USDT,0.8319,37189.0,0.8318,67338.0,0.832,39965.0,0.8321,46762.0
1753591903284,04:51:43.284,binance,ADA/USDT:USDT,0.8319,37188.0,0.8318,67949.0,0.832,31996.0,0.8321,46936.0
1753591903388,04:51:43.388,binance,ADA/USDT:USDT,0.8319,44058.0,0.8318,67775.0,0.832,6830.0,0.8321,47176.0
1753591903490,04:51:43.490,binance,ADA/USDT:USDT,0.8319,40759.0,0.8318,68592.0,0.832,6576.0,0.8321,46936.0
1753591903598,04:51:43.598,binance,ADA/USDT:USDT,0.8319,50069.0,0.8318,68592.0,0.832,2994.0,0.8321,29376.0
1753591903699,04:51:43.699,binance,ADA/USDT:USDT,0.8321,50177.0,0.832,74221.0,0.8322,31662.0,0.8323,42845.0
1753591903802,04:51:43.802,binance,ADA/USDT:USDT,0.8321,47109.0,0.832,74240.0,0.8322,39256.0,0.8323,47303.0
1753591903906,04:51:43.906,binance,ADA/USDT:USDT,0.8321,29532.0,0.832,70562.0,0.8322,50552.0,0.8323,82706.0
1753591904009,04:51:44.009,binance,ADA/USDT:USDT,0.8321,29532.0,0.832,70562.0,0.8322,50792.0,0.8323,83929.0
1753591904112,04:51:44.112,binance,ADA/USDT:USDT,0.8321,20610.0,0.832,67226.0,0.8322,55841.0,0.8323,83129.0
1753591904217,04:51:44.217,binance,ADA/USDT:USDT,0.8321,20645.0,0.832,67226.0,0.8322,56201.0,0.8323,83369.0
1753591904318,04:51:44.318,binance,ADA/USDT:USDT,0.8321,21571.0,0.832,67226.0,0.8322,53237.0,0.8323,83369.0
1753591904425,04:51:44.425,binance,ADA/USDT:USDT,0.8321,21571.0,0.832,70831.0,0.8322,56209.0,0.8323,84832.0
1753591904544,04:51:44.544,binance,ADA/USDT:USDT,0.8321,21602.0,0.832,70831.0,0.8322,57646.0,0.8323,86373.0
1753591904646,04:51:44.646,binance,ADA/USDT:USDT,0.8321,21020.0,0.832,70838.0,0.8322,58050.0,0.8323,89763.0
1753591904779,04:51:44.779,binance,ADA/USDT:USDT,0.8321,21020.0,0.832,70852.0,0.8322,59785.0,0.8323,103699.0
1753591904883,04:51:44.883,binance,ADA/USDT:USDT,0.8321,21020.0,0.832,70852.0,0.8322,59785.0,0.8323,107305.0
1753591905016,04:51:45.016,binance,ADA/USDT:USDT,0.8321,21020.0,0.832,70852.0,0.8322,60703.0,0.8323,107305.0
1753591905118,04:51:45.118,binance,ADA/USDT:USDT,0.8321,1051.0,0.832,60406.0,0.8322,64983.0,0.8323,107305.0
1753591905219,04:51:45.219,binance,ADA/USDT:USDT,0.8321,1016.0,0.832,59561.0,0.8322,86164.0,0.8323,132432.0
1753591905321,04:51:45.321,binance,ADA/USDT:USDT,0.832,57685.0,0.8319,64088.0,0.8321,71281.0,0.8322,112856.0
1753591905423,04:51:45.423,binance,ADA/USDT:USDT,0.832,54080.0,0.8319,67720.0,0.8321,64801.0,0.8322,105271.0
1753591905526,04:51:45.526,binance,ADA/USDT:USDT,0.832,54087.0,0.8319,67720.0,0.8321,62061.0,0.8322,102457.0
1753591905630,04:51:45.630,binance,ADA/USDT:USDT,0.832,54087.0,0.8319,67720.0,0.8321,65025.0,0.8322,103054.0
1753591905736,04:51:45.736,binance,ADA/USDT:USDT,0.832,23691.0,0.8319,60428.0,0.8321,66484.0,0.8322,100817.0
1753591905847,04:51:45.847,binance,ADA/USDT:USDT,0.832,23960.0,0.8319,60428.0,0.8321,66484.0,0.8322,100817.0
1753591905954,04:51:45.954,binance,ADA/USDT:USDT,0.832,23960.0,0.8319,60945.0,0.8321,63520.0,0.8322,100817.0
1753591906057,04:51:46.057,binance,ADA/USDT:USDT,0.832,23960.0,0.8319,60945.0,0.8321,63520.0,0.8322,100817.0
1753591906186,04:51:46.186,binance,ADA/USDT:USDT,0.832,23960.0,0.8319,60945.0,0.8321,63495.0,0.8322,100817.0
1753591906297,04:51:46.297,binance,ADA/USDT:USDT,0.832,23874.0,0.8319,59378.0,0.8321,66491.0,0.8322,101334.0
1753591906401,04:51:46.401,binance,ADA/USDT:USDT,0.832,23874.0,0.8319,59378.0,0.8321,66491.0,0.8322,101334.0
1753591906518,04:51:46.518,binance,ADA/USDT:USDT,0.832,24313.0,0.8319,58967.0,0.8321,64022.0,0.8322,101916.0
1753591906630,04:51:46.630,binance,ADA/USDT:USDT,0.832,27523.0,0.8319,58615.0,0.8321,64022.0,0.8322,101299.0
1753591906756,04:51:46.756,binance,ADA/USDT:USDT,0.832,27536.0,0.8319,58615.0,0.8321,63728.0,0.8322,95707.0
1753591906885,04:51:46.885,binance,ADA/USDT:USDT,0.832,30403.0,0.8319,58640.0,0.8321,62443.0,0.8322,95707.0
1753591906994,04:51:46.994,binance,ADA/USDT:USDT,0.832,30403.0,0.8319,58640.0,0.8321,62443.0,0.8322,99192.0
1753591907097,04:51:47.097,binance,ADA/USDT:USDT,0.832,27543.0,0.8319,58647.0,0.8321,62443.0,0.8322,99217.0
1753591907212,04:51:47.212,binance,ADA/USDT:USDT,0.832,27543.0,0.8319,58647.0,0.8321,60040.0,0.8322,99192.0
1753591907337,04:51:47.337,binance,ADA/USDT:USDT,0.832,27543.0,0.8319,58473.0,0.8321,59940.0,0.8322,94875.0
1753591907451,04:51:47.451,binance,ADA/USDT:USDT,0.832,27543.0,0.8319,58473.0,0.8321,59940.0,0.8322,94875.0
1753591907574,04:51:47.574,binance,ADA/USDT:USDT,0.832,27543.0,0.8319,58473.0,0.8321,59940.0,0.8322,94875.0
1753591907779,04:51:47.779,binance,ADA/USDT:USDT,0.832,33704.0,0.8319,58647.0,0.8321,59940.0,0.8322,91270.0
1753591907889,04:51:47.889,binance,ADA/USDT:USDT,0.832,33679.0,0.8319,59239.0,0.8321,47401.0,0.8322,86989.0
1753591907995,04:51:47.995,binance,ADA/USDT:USDT,0.832,33679.0,0.8319,58999.0,0.8321,47401.0,0.8322,86972.0
1753591908097,04:51:48.097,binance,ADA/USDT:USDT,0.832,53707.0,0.8319,58827.0,0.8321,47281.0,0.8322,86732.0
1753591908200,04:51:48.200,binance,ADA/USDT:USDT,0.832,54156.0,0.8319,58827.0,0.8321,41883.0,0.8322,85132.0
1753591908303,04:51:48.303,binance,ADA/USDT:USDT,0.832,54156.0,0.8319,58827.0,0.8321,41763.0,0.8322,75592.0
1753591908415,04:51:48.415,binance,ADA/USDT:USDT,0.832,54180.0,0.8319,58827.0,0.8321,41770.0,0.8322,83713.0
1753591908517,04:51:48.517,binance,ADA/USDT:USDT,0.832,54202.0,0.8319,58233.0,0.8321,41870.0,0.8322,83465.0
1753591908630,04:51:48.630,binance,ADA/USDT:USDT,0.832,54202.0,0.8319,58233.0,0.8321,41870.0,0.8322,83465.0
1753591908738,04:51:48.738,binance,ADA/USDT:USDT,0.832,54202.0,0.8319,58233.0,0.8321,41870.0,0.8322,83465.0
1753591908848,04:51:48.848,binance,ADA/USDT:USDT,0.832,48537.0,0.8319,58233.0,0.8321,41870.0,0.8322,83490.0
1753591908959,04:51:48.959,binance,ADA/USDT:USDT,0.832,54202.0,0.8319,58233.0,0.8321,41793.0,0.8322,83465.0
1753591909063,04:51:49.063,binance,ADA/USDT:USDT,0.832,37395.0,0.8319,58208.0,0.8321,40740.0,0.8322,83465.0
1753591909165,04:51:49.165,binance,ADA/USDT:USDT,0.832,37395.0,0.8319,58208.0,0.8321,40740.0,0.8322,83490.0
1753591909268,04:51:49.268,binance,ADA/USDT:USDT,0.832,37395.0,0.8319,58208.0,0.8321,40740.0,0.8322,83490.0
1753591909370,04:51:49.370,binance,ADA/USDT:USDT,0.832,36941.0,0.8319,58208.0,0.8321,40864.0,0.8322,83490.0
1753591909474,04:51:49.474,binance,ADA/USDT:USDT,0.832,36941.0,0.8319,58208.0,0.8321,40864.0,0.8322,83730.0
1753591909576,04:51:49.576,binance,ADA/USDT:USDT,0.832,42805.0,0.8319,58233.0,0.8321,40864.0,0.8322,83705.0
1753591909679,04:51:49.679,binance,ADA/USDT:USDT,0.832,39976.0,0.8319,58233.0,0.8321,40864.0,0.8322,83705.0
1753591909786,04:51:49.786,binance,ADA/USDT:USDT,0.832,39976.0,0.8319,58208.0,0.8321,40864.0,0.8322,83705.0
1753591909923,04:51:49.923,binance,ADA/USDT:USDT,0.832,42405.0,0.8319,58233.0,0.8321,40439.0,0.8322,83705.0
1753591910024,04:51:50.024,binance,ADA/USDT:USDT,0.832,42290.0,0.8319,58233.0,0.8321,40324.0,0.8322,83705.0
1753591910134,04:51:50.134,binance,ADA/USDT:USDT,0.832,44617.0,0.8319,61873.0,0.8321,40237.0,0.8322,83705.0
1753591910238,04:51:50.238,binance,ADA/USDT:USDT,0.832,44642.0,0.8319,61873.0,0.8321,40236.0,0.8322,74165.0
1753591910341,04:51:50.341,binance,ADA/USDT:USDT,0.832,44642.0,0.8319,62390.0,0.8321,40236.0,0.8322,74165.0
1753591910453,04:51:50.453,binance,ADA/USDT:USDT,0.832,36513.0,0.8319,61790.0,0.8321,40236.0,0.8322,74165.0
1753591910572,04:51:50.572,binance,ADA/USDT:USDT,0.832,36513.0,0.8319,61550.0,0.8321,39735.0,0.8322,73925.0
1753591910690,04:51:50.690,binance,ADA/USDT:USDT,0.832,36761.0,0.8319,61550.0,0.8321,39735.0,0.8322,73925.0
1753591910806,04:51:50.806,binance,ADA/USDT:USDT,0.832,36761.0,0.8319,61790.0,0.8321,39735.0,0.8322,73925.0
1753591910937,04:51:50.937,binance,ADA/USDT:USDT,0.832,42349.0,0.8319,70980.0,0.8321,37336.0,0.8322,72582.0
1753591911040,04:51:51.040,binance,ADA/USDT:USDT,0.832,36582.0,0.8319,70380.0,0.8321,37572.0,0.8322,72582.0
1753591911142,04:51:51.142,binance,ADA/USDT:USDT,0.832,36582.0,0.8319,70380.0,0.8321,37572.0,0.8322,75569.0
1753591911245,04:51:51.245,binance,ADA/USDT:USDT,0.832,36589.0,0.8319,70373.0,0.8321,37572.0,0.8322,75594.0
1753591911346,04:51:51.346,binance,ADA/USDT:USDT,0.832,36589.0,0.8319,70373.0,0.8321,38081.0,0.8322,75594.0
1753591911459,04:51:51.459,binance,ADA/USDT:USDT,0.832,36589.0,0.8319,70373.0,0.8321,38075.0,0.8322,75594.0
1753591911586,04:51:51.586,binance,ADA/USDT:USDT,0.832,37134.0,0.8319,70373.0,0.8321,37983.0,0.8322,75329.0
1753591911689,04:51:51.689,binance,ADA/USDT:USDT,0.8319,50833.0,0.8318,131399.0,0.832,8618.0,0.8321,49191.0
1753591911790,04:51:51.790,binance,ADA/USDT:USDT,0.8319,19635.0,0.8318,65744.0,0.832,49589.0,0.8321,78867.0
1753591911891,04:51:51.891,binance,ADA/USDT:USDT,0.8319,35443.0,0.8318,66181.0,0.832,13711.0,0.8321,76981.0
1753591911992,04:51:51.992,binance,ADA/USDT:USDT,0.8319,43682.0,0.8318,69845.0,0.832,9647.0,0.8321,52373.0
1753591912094,04:51:52.094,binance,ADA/USDT:USDT,0.832,53748.0,0.8319,60731.0,0.8321,17061.0,0.8322,62580.0
1753591912197,04:51:52.197,binance,ADA/USDT:USDT,0.832,53768.0,0.8319,61632.0,0.8321,15231.0,0.8322,62762.0
1753591912300,04:51:52.300,binance,ADA/USDT:USDT,0.832,53873.0,0.8319,61614.0,0.8321,6044.0,0.8322,70336.0
1753591912409,04:51:52.409,binance,ADA/USDT:USDT,0.832,54697.0,0.8319,64017.0,0.8321,1695.0,0.8322,61428.0
1753591912511,04:51:52.511,binance,ADA/USDT:USDT,0.832,54907.0,0.8319,66540.0,0.8321,1695.0,0.8322,61188.0
1753591912615,04:51:52.615,binance,ADA/USDT:USDT,0.832,54907.0,0.8319,66540.0,0.8321,1695.0,0.8322,61230.0
1753591912723,04:51:52.723,binance,ADA/USDT:USDT,0.832,54926.0,0.8319,69081.0,0.8321,2367.0,0.8322,61230.0
1753591912826,04:51:52.826,binance,ADA/USDT:USDT,0.832,58532.0,0.8319,67819.0,0.8321,2367.0,0.8322,61230.0
1753591912948,04:51:52.948,binance,ADA/USDT:USDT,0.832,58543.0,0.8319,67699.0,0.8321,2534.0,0.8322,61470.0
1753591913134,04:51:53.134,binance,ADA/USDT:USDT,0.832,58543.0,0.8319,67819.0,0.8321,2534.0,0.8322,61470.0
1753591913236,04:51:53.236,binance,ADA/USDT:USDT,0.832,58543.0,0.8319,70832.0,0.8321,2534.0,0.8322,61470.0
1753591913340,04:51:53.340,binance,ADA/USDT:USDT,0.832,52960.0,0.8319,70807.0,0.8321,20376.0,0.8322,61470.0
1753591913460,04:51:53.460,binance,ADA/USDT:USDT,0.832,52831.0,0.8319,70807.0,0.8321,20380.0,0.8322,61495.0
1753591913585,04:51:53.585,binance,ADA/USDT:USDT,0.832,52831.0,0.8319,70807.0,0.8321,20380.0,0.8322,61833.0
1753591913727,04:51:53.727,binance,ADA/USDT:USDT,0.832,54151.0,0.8319,71047.0,0.8321,20380.0,0.8322,61833.0
1753591913832,04:51:53.832,binance,ADA/USDT:USDT,0.832,54151.0,0.8319,70927.0,0.8321,20385.0,0.8322,61808.0
1753591913934,04:51:53.934,binance,ADA/USDT:USDT,0.832,54151.0,0.8319,69029.0,0.8321,20385.0,0.8322,62048.0
1753591914043,04:51:54.043,binance,ADA/USDT:USDT,0.832,54151.0,0.8319,69029.0,0.8321,20386.0,0.8322,62082.0
1753591914175,04:51:54.175,binance,ADA/USDT:USDT,0.832,54151.0,0.8319,68430.0,0.8321,27594.0,0.8322,62082.0
1753591914276,04:51:54.276,binance,ADA/USDT:USDT,0.832,50541.0,0.8319,71915.0,0.8321,28369.0,0.8322,71622.0
1753591914383,04:51:54.383,binance,ADA/USDT:USDT,0.832,50541.0,0.8319,67855.0,0.8321,28363.0,0.8322,71622.0
1753591914486,04:51:54.486,binance,ADA/USDT:USDT,0.832,50541.0,0.8319,67855.0,0.8321,28363.0,0.8322,71622.0
1753591914591,04:51:54.591,binance,ADA/USDT:USDT,0.832,50541.0,0.8319,67615.0,0.8321,28365.0,0.8322,71382.0
1753591914698,04:51:54.698,binance,ADA/USDT:USDT,0.832,50541.0,0.8319,67615.0,0.8321,28342.0,0.8322,71382.0
1753591914827,04:51:54.827,binance,ADA/USDT:USDT,0.832,49121.0,0.8319,59969.0,0.8321,42001.0,0.8322,74008.0
1753591914928,04:51:54.928,binance,ADA/USDT:USDT,0.832,32061.0,0.8319,59068.0,0.8321,42001.0,0.8322,74008.0
1753591915030,04:51:55.030,binance,ADA/USDT:USDT,0.832,32061.0,0.8319,59068.0,0.8321,43445.0,0.8322,82556.0
1753591915156,04:51:55.156,binance,ADA/USDT:USDT,0.832,32061.0,0.8319,59068.0,0.8321,53970.0,0.8322,84156.0
1753591915282,04:51:55.282,binance,ADA/USDT:USDT,0.832,32061.0,0.8319,59068.0,0.8321,53971.0,0.8322,84156.0
1753591915391,04:51:55.391,binance,ADA/USDT:USDT,0.832,32067.0,0.8319,58251.0,0.8321,55366.0,0.8322,84156.0
1753591915492,04:51:55.492,binance,ADA/USDT:USDT,0.832,21312.0,0.8319,58251.0,0.8321,55366.0,0.8322,85357.0
1753591915595,04:51:55.595,binance,ADA/USDT:USDT,0.832,21312.0,0.8319,58251.0,0.8321,58300.0,0.8322,85597.0
1753591915697,04:51:55.697,binance,ADA/USDT:USDT,0.832,21312.0,0.8319,58251.0,0.8321,55460.0,0.8322,85597.0
1753591915941,04:51:55.941,binance,ADA/USDT:USDT,0.832,20310.0,0.8319,53646.0,0.8321,55413.0,0.8322,86114.0
1753591916044,04:51:56.044,binance,ADA/USDT:USDT,0.832,1464.0,0.8319,53129.0,0.8321,79896.0,0.8322,93319.0
1753591916280,04:51:56.280,binance,ADA/USDT:USDT,0.832,1474.0,0.8319,43129.0,0.8321,80773.0,0.8322,96989.0
1753591916385,04:51:56.385,binance,ADA/USDT:USDT,0.832,1474.0,0.8319,43129.0,0.8321,80757.0,0.8322,100067.0
1753591916510,04:51:56.510,binance,ADA/USDT:USDT,0.832,1451.0,0.8319,43129.0,0.8321,82822.0,0.8322,100746.0
1753591916630,04:51:56.630,binance,ADA/USDT:USDT,0.832,1451.0,0.8319,43129.0,0.8321,82822.0,0.8322,101525.0
1753591916734,04:51:56.734,binance,ADA/USDT:USDT,0.8319,10662.0,0.8318,71844.0,0.832,79269.0,0.8321,103138.0
1753591916839,04:51:56.839,binance,ADA/USDT:USDT,0.8319,21424.0,0.8318,71844.0,0.832,79071.0,0.8321,109836.0
1753591916943,04:51:56.943,binance,ADA/USDT:USDT,0.8319,20104.0,0.8318,71844.0,0.832,64868.0,0.8321,109836.0
1753591917045,04:51:57.045,binance,ADA/USDT:USDT,0.8319,20104.0,0.8318,71844.0,0.832,64868.0,0.8321,109836.0
1753591917153,04:51:57.153,binance,ADA/USDT:USDT,0.8319,20104.0,0.8318,71844.0,0.832,68500.0,0.8321,109164.0
1753591917340,04:51:57.340,binance,ADA/USDT:USDT,0.8319,20104.0,0.8318,71844.0,0.832,65710.0,0.8321,109163.0
1753591917445,04:51:57.445,binance,ADA/USDT:USDT,0.8319,20104.0,0.8318,71844.0,0.832,65685.0,0.8321,109163.0
1753591917551,04:51:57.551,binance,ADA/USDT:USDT,0.8319,20104.0,0.8318,71853.0,0.832,65325.0,0.8321,107970.0
1753591917690,04:51:57.690,binance,ADA/USDT:USDT,0.8319,20104.0,0.8318,71853.0,0.832,65685.0,0.8321,107970.0
1753591918003,04:51:58.003,binance,ADA/USDT:USDT,0.8319,20104.0,0.8318,71853.0,0.832,54696.0,0.8321,98430.0
1753591918230,04:51:58.230,binance,ADA/USDT:USDT,0.8319,23504.0,0.8318,71853.0,0.832,47022.0,0.8321,97207.0
1753591918345,04:51:58.345,binance,ADA/USDT:USDT,0.8319,9342.0,0.8318,71853.0,0.832,47381.0,0.8321,97810.0
1753591918492,04:51:58.492,binance,ADA/USDT:USDT,0.8319,9342.0,0.8318,71853.0,0.832,47406.0,0.8321,99908.0
1753591918620,04:51:58.620,binance,ADA/USDT:USDT,0.8319,9342.0,0.8318,71853.0,0.832,47406.0,0.8321,99908.0
1753591918721,04:51:58.721,binance,ADA/USDT:USDT,0.8319,9342.0,0.8318,71853.0,0.832,48691.0,0.8321,99908.0
1753591918968,04:51:58.968,binance,ADA/USDT:USDT,0.8319,9342.0,0.8318,71853.0,0.832,48691.0,0.8321,99908.0
1753591919076,04:51:59.076,binance,ADA/USDT:USDT,0.8319,9342.0,0.8318,66245.0,0.832,48691.0,0.8321,99908.0
1753591919193,04:51:59.193,binance,ADA/USDT:USDT,0.8319,9342.0,0.8318,66245.0,0.832,53322.0,0.8321,104308.0
1753591919300,04:51:59.300,binance,ADA/USDT:USDT,0.8319,9342.0,0.8318,66245.0,0.832,52962.0,0.8321,104308.0
1753591919414,04:51:59.414,binance,ADA/USDT:USDT,0.8319,9342.0,0.8318,66245.0,0.832,53839.0,0.8321,103433.0
1753591919517,04:51:59.517,binance,ADA/USDT:USDT,0.8319,9342.0,0.8318,66245.0,0.832,53837.0,0.8321,103433.0
1753591919619,04:51:59.619,binance,ADA/USDT:USDT,0.8319,9304.0,0.8318,66245.0,0.832,53837.0,0.8321,103433.0
1753591919731,04:51:59.731,binance,ADA/USDT:USDT,0.8319,9304.0,0.8318,66245.0,0.832,44527.0,0.8321,92958.0
1753591919840,04:51:59.840,binance,ADA/USDT:USDT,0.8319,9304.0,0.8318,66245.0,0.832,44527.0,0.8321,92957.0
1753591919955,04:51:59.955,binance,ADA/USDT:USDT,0.8319,9304.0,0.8318,66245.0,0.832,46776.0,0.8321,92957.0
1753591920104,04:52:00.104,binance,ADA/USDT:USDT,0.8319,9304.0,0.8318,66245.0,0.832,46776.0,0.8321,93196.0
1753591920208,04:52:00.208,binance,ADA/USDT:USDT,0.8319,9304.0,0.8318,66245.0,0.832,46912.0,0.8321,102736.0
1753591920309,04:52:00.309,binance,ADA/USDT:USDT,0.8319,9304.0,0.8318,66245.0,0.832,48338.0,0.8321,102736.0
1753591920437,04:52:00.437,binance,ADA/USDT:USDT,0.8318,50571.0,0.8317,84624.0,0.8319,41209.0,0.832,73585.0
1753591920543,04:52:00.543,binance,ADA/USDT:USDT,0.8318,51020.0,0.8317,84632.0,0.8319,27865.0,0.832,70815.0
1753591920650,04:52:00.650,binance,ADA/USDT:USDT,0.8318,51020.0,0.8317,84632.0,0.8319,27840.0,0.832,70600.0
1753591920776,04:52:00.776,binance,ADA/USDT:USDT,0.8318,51020.0,0.8317,84632.0,0.8319,27840.0,0.832,70840.0
1753591920902,04:52:00.902,binance,ADA/USDT:USDT,0.8318,51020.0,0.8317,84632.0,0.8319,27840.0,0.832,70840.0
1753591921008,04:52:01.008,binance,ADA/USDT:USDT,0.8318,51020.0,0.8317,84632.0,0.8319,27865.0,0.832,70840.0
1753591921113,04:52:01.113,binance,ADA/USDT:USDT,0.8318,53736.0,0.8317,84632.0,0.8319,27840.0,0.832,70840.0
1753591921216,04:52:01.216,binance,ADA/USDT:USDT,0.8318,56426.0,0.8317,88687.0,0.8319,2022.0,0.832,59726.0
1753591921317,04:52:01.317,binance,ADA/USDT:USDT,0.8318,58024.0,0.8317,90323.0,0.8319,3825.0,0.832,59726.0
1753591921433,04:52:01.433,binance,ADA/USDT:USDT,0.8319,1014.0,0.8318,58024.0,0.832,48527.0,0.8321,119605.0
1753591921534,04:52:01.534,binance,ADA/USDT:USDT,0.832,81914.0,0.8319,85408.0,0.8321,34128.0,0.8322,123404.0
1753591921635,04:52:01.635,binance,ADA/USDT:USDT,0.832,101032.0,0.8319,74389.0,0.8321,19076.0,0.8322,37067.0
1753591921737,04:52:01.737,binance,ADA/USDT:USDT,0.832,63282.0,0.8319,62376.0,0.8321,16506.0,0.8322,37016.0
1753591921838,04:52:01.838,binance,ADA/USDT:USDT,0.832,82622.0,0.8319,60634.0,0.8321,2300.0,0.8322,24984.0
1753591921939,04:52:01.939,binance,ADA/USDT:USDT,0.832,94787.0,0.8319,62986.0,0.8321,2293.0,0.8322,21796.0
1753591922041,04:52:02.041,binance,ADA/USDT:USDT,0.8321,25952.0,0.832,82236.0,0.8322,20414.0,0.8323,40186.0
1753591922142,04:52:02.142,binance,ADA/USDT:USDT,0.8321,35414.0,0.832,58439.0,0.8322,52756.0,0.8323,38511.0
1753591922244,04:52:02.244,binance,ADA/USDT:USDT,0.8321,5111.0,0.832,59256.0,0.8322,51205.0,0.8323,67225.0
1753591922353,04:52:02.353,binance,ADA/USDT:USDT,0.8321,885.0,0.832,58439.0,0.8322,59715.0,0.8323,81229.0
1753591922454,04:52:02.454,binance,ADA/USDT:USDT,0.832,18163.0,0.8319,46776.0,0.8321,70247.0,0.8322,72510.0
1753591922678,04:52:02.678,binance,ADA/USDT:USDT,0.832,22539.0,0.8319,46784.0,0.8321,64968.0,0.8322,82791.0
1753591922801,04:52:02.801,binance,ADA/USDT:USDT,0.832,49188.0,0.8319,47170.0,0.8321,29236.0,0.8322,64017.0
1753591922904,04:52:02.904,binance,ADA/USDT:USDT,0.832,49188.0,0.8319,60721.0,0.8321,29236.0,0.8322,60630.0
1753591923008,04:52:03.008,binance,ADA/USDT:USDT,0.832,49188.0,0.8319,61538.0,0.8321,28341.0,0.8322,50902.0
1753591923110,04:52:03.110,binance,ADA/USDT:USDT,0.832,49188.0,0.8319,61658.0,0.8321,28341.0,0.8322,50930.0
1753591923214,04:52:03.214,binance,ADA/USDT:USDT,0.832,49188.0,0.8319,61683.0,0.8321,28341.0,0.8322,50930.0
1753591923315,04:52:03.315,binance,ADA/USDT:USDT,0.832,49188.0,0.8319,64483.0,0.8321,17795.0,0.8322,49898.0
1753591923423,04:52:03.423,binance,ADA/USDT:USDT,0.832,49195.0,0.8319,65624.0,0.8321,27003.0,0.8322,49898.0
1753591923540,04:52:03.540,binance,ADA/USDT:USDT,0.832,46451.0,0.8319,65403.0,0.8321,27250.0,0.8322,49898.0
1753591923642,04:52:03.642,binance,ADA/USDT:USDT,0.832,47467.0,0.8319,65283.0,0.8321,27250.0,0.8322,50486.0
1753591923761,04:52:03.761,binance,ADA/USDT:USDT,0.832,56538.0,0.8319,65283.0,0.8321,22053.0,0.8322,49898.0
1753591923866,04:52:03.866,binance,ADA/USDT:USDT,0.832,56538.0,0.8319,65283.0,0.8321,5050.0,0.8322,48698.0
1753591923970,04:52:03.970,binance,ADA/USDT:USDT,0.832,56538.0,0.8319,73454.0,0.8321,5050.0,0.8322,48698.0
1753591924117,04:52:04.117,binance,ADA/USDT:USDT,0.832,56538.0,0.8319,74655.0,0.8321,5018.0,0.8322,48698.0
1753591924228,04:52:04.228,binance,ADA/USDT:USDT,0.8321,74468.0,0.832,67903.0,0.8322,18470.0,0.8323,56962.0
1753591924331,04:52:04.331,binance,ADA/USDT:USDT,0.8321,71769.0,0.832,64217.0,0.8322,26484.0,0.8323,57282.0
1753591924432,04:52:04.432,binance,ADA/USDT:USDT,0.8321,68714.0,0.832,61417.0,0.8322,29946.0,0.8323,61966.0
1753591924539,04:52:04.539,binance,ADA/USDT:USDT,0.8321,71763.0,0.832,60541.0,0.8322,29946.0,0.8323,61966.0
1753591924642,04:52:04.642,binance,ADA/USDT:USDT,0.8321,74992.0,0.832,60423.0,0.8322,23010.0,0.8323,61784.0
1753591924768,04:52:04.768,binance,ADA/USDT:USDT,0.8321,74992.0,0.832,60423.0,0.8322,22062.0,0.8323,57522.0
1753591924870,04:52:04.870,binance,ADA/USDT:USDT,0.8321,68976.0,0.832,60398.0,0.8322,29983.0,0.8323,57522.0
1753591925094,04:52:05.094,binance,ADA/USDT:USDT,0.8321,71668.0,0.832,61252.0,0.8322,29983.0,0.8323,57522.0
1753591925198,04:52:05.198,binance,ADA/USDT:USDT,0.8321,74955.0,0.832,61252.0,0.8322,22069.0,0.8323,57522.0
1753591925311,04:52:05.311,binance,ADA/USDT:USDT,0.8321,78560.0,0.832,57647.0,0.8322,22038.0,0.8323,57522.0
1753591925418,04:52:05.418,binance,ADA/USDT:USDT,0.8321,75611.0,0.832,57638.0,0.8322,22458.0,0.8323,57522.0
1753591925521,04:52:05.521,binance,ADA/USDT:USDT,0.8321,84159.0,0.832,57878.0,0.8322,13675.0,0.8323,54554.0
1753591925625,04:52:05.625,binance,ADA/USDT:USDT,0.8321,84159.0,0.832,58659.0,0.8322,13675.0,0.8323,54554.0
1753591925735,04:52:05.735,binance,ADA/USDT:USDT,0.8321,84159.0,0.832,58779.0,0.8322,13675.0,0.8323,54554.0
1753591925840,04:52:05.840,binance,ADA/USDT:USDT,0.8321,84159.0,0.832,58546.0,0.8322,13705.0,0.8323,54554.0
1753591925969,04:52:05.969,binance,ADA/USDT:USDT,0.8321,69019.0,0.832,58521.0,0.8322,27952.0,0.8323,55514.0
1753591926072,04:52:06.072,binance,ADA/USDT:USDT,0.8321,69019.0,0.832,58521.0,0.8322,27952.0,0.8323,55514.0
1753591926174,04:52:06.174,binance,ADA/USDT:USDT,0.8321,63141.0,0.832,66055.0,0.8322,38859.0,0.8323,57164.0
1753591926297,04:52:06.297,binance,ADA/USDT:USDT,0.8321,46973.0,0.832,63944.0,0.8322,38859.0,0.8323,57164.0
1753591926403,04:52:06.403,binance,ADA/USDT:USDT,0.8321,47075.0,0.832,63944.0,0.8322,35990.0,0.8323,57164.0
1753591926603,04:52:06.603,binance,ADA/USDT:USDT,0.8321,47075.0,0.832,63944.0,0.8322,35990.0,0.8323,57996.0
1753591926724,04:52:06.724,binance,ADA/USDT:USDT,0.8321,47075.0,0.832,63944.0,0.8322,35990.0,0.8323,57996.0
1753591926825,04:52:06.825,binance,ADA/USDT:USDT,0.8321,47252.0,0.832,63770.0,0.8322,35816.0,0.8323,58170.0
1753591926940,04:52:06.940,binance,ADA/USDT:USDT,0.8321,53367.0,0.832,63770.0,0.8322,14485.0,0.8323,47527.0
1753591927068,04:52:07.068,binance,ADA/USDT:USDT,0.8321,50541.0,0.832,67074.0,0.8322,14505.0,0.8323,47527.0
1753591927174,04:52:07.174,binance,ADA/USDT:USDT,0.8321,50541.0,0.832,67074.0,0.8322,14506.0,0.8323,47527.0
1753591927279,04:52:07.279,binance,ADA/USDT:USDT,0.8321,47706.0,0.832,67074.0,0.8322,17417.0,0.8323,61597.0
1753591927381,04:52:07.381,binance,ADA/USDT:USDT,0.8321,44403.0,0.832,67074.0,0.8322,27932.0,0.8323,61597.0
1753591927483,04:52:07.483,binance,ADA/USDT:USDT,0.8321,44403.0,0.832,67248.0,0.8322,27932.0,0.8323,61597.0
1753591927587,04:52:07.587,binance,ADA/USDT:USDT,0.8321,44459.0,0.832,67074.0,0.8322,27932.0,0.8323,61950.0
1753591927696,04:52:07.696,binance,ADA/USDT:USDT,0.8321,44459.0,0.832,67074.0,0.8322,27932.0,0.8323,62190.0
1753591927833,04:52:07.833,binance,ADA/USDT:USDT,0.8321,47468.0,0.832,67074.0,0.8322,25106.0,0.8323,62190.0
1753591927949,04:52:07.949,binance,ADA/USDT:USDT,0.8321,47468.0,0.832,67074.0,0.8322,25106.0,0.8323,62190.0
1753591928053,04:52:08.053,binance,ADA/USDT:USDT,0.8321,47468.0,0.832,67074.0,0.8322,25106.0,0.8323,61597.0
1753591928181,04:52:08.181,binance,ADA/USDT:USDT,0.8321,47922.0,0.832,67074.0,0.8322,25106.0,0.8323,61597.0
1753591928324,04:52:08.324,binance,ADA/USDT:USDT,0.8322,23978.0,0.8321,48798.0,0.8323,47540.0,0.8324,99907.0
1753591928426,04:52:08.426,binance,ADA/USDT:USDT,0.8322,22990.0,0.8321,51767.0,0.8323,47540.0,0.8324,71984.0
1753591928528,04:52:08.528,binance,ADA/USDT:USDT,0.8322,22990.0,0.8321,48463.0,0.8323,52419.0,0.8324,71984.0
1753591928630,04:52:08.630,binance,ADA/USDT:USDT,0.8322,22965.0,0.8321,45628.0,0.8323,52419.0,0.8324,72581.0
1753591928765,04:52:08.765,binance,ADA/USDT:USDT,0.8322,22950.0,0.8321,44920.0,0.8323,52597.0,0.8324,72606.0
1753591928888,04:52:08.888,binance,ADA/USDT:USDT,0.8322,22950.0,0.8321,48342.0,0.8323,52597.0,0.8324,72466.0
1753591928990,04:52:08.990,binance,ADA/USDT:USDT,0.8322,48137.0,0.8321,48754.0,0.8323,45855.0,0.8324,63779.0
1753591929091,04:52:09.091,binance,ADA/USDT:USDT,0.8322,56566.0,0.8321,47902.0,0.8323,20898.0,0.8324,62870.0
1753591929193,04:52:09.193,binance,ADA/USDT:USDT,0.8322,56591.0,0.8321,47934.0,0.8323,20872.0,0.8324,59256.0
1753591929298,04:52:09.298,binance,ADA/USDT:USDT,0.8322,56591.0,0.8321,47934.0,0.8323,20879.0,0.8324,64669.0
1753591929401,04:52:09.401,binance,ADA/USDT:USDT,0.8322,56860.0,0.8321,47749.0,0.8323,20891.0,0.8324,63818.0
1753591929509,04:52:09.509,binance,ADA/USDT:USDT,0.8322,57000.0,0.8321,47650.0,0.8323,20891.0,0.8324,63818.0
1753591929619,04:52:09.619,binance,ADA/USDT:USDT,0.8322,53277.0,0.8321,47650.0,0.8323,20891.0,0.8324,63818.0
1753591929724,04:52:09.724,binance,ADA/USDT:USDT,0.8322,57000.0,0.8321,47650.0,0.8323,20891.0,0.8324,63818.0
1753591929951,04:52:09.951,binance,ADA/USDT:USDT,0.8322,56808.0,0.8321,47650.0,0.8323,20510.0,0.8324,63818.0
1753591930091,04:52:10.091,binance,ADA/USDT:USDT,0.8322,56850.0,0.8321,47688.0,0.8323,20510.0,0.8324,63818.0
1753591930232,04:52:10.232,binance,ADA/USDT:USDT,0.8322,57255.0,0.8321,47688.0,0.8323,20503.0,0.8324,63818.0
1753591930350,04:52:10.350,binance,ADA/USDT:USDT,0.8322,53532.0,0.8321,47688.0,0.8323,20523.0,0.8324,63818.0
1753591930502,04:52:10.502,binance,ADA/USDT:USDT,0.8322,53532.0,0.8321,47696.0,0.8323,20523.0,0.8324,63818.0
1753591930609,04:52:10.609,binance,ADA/USDT:USDT,0.8322,57097.0,0.8321,50496.0,0.8323,20523.0,0.8324,63818.0
1753591930749,04:52:10.749,binance,ADA/USDT:USDT,0.8322,57097.0,0.8321,50496.0,0.8323,20523.0,0.8324,63818.0
1753591930906,04:52:10.906,binance,ADA/USDT:USDT,0.8322,49537.0,0.8321,50496.0,0.8323,20523.0,0.8324,72375.0
1753591931020,04:52:11.020,binance,ADA/USDT:USDT,0.8322,49537.0,0.8321,50496.0,0.8323,20523.0,0.8324,74138.0
1753591931136,04:52:11.136,binance,ADA/USDT:USDT,0.8322,60428.0,0.8321,54197.0,0.8323,10390.0,0.8324,67765.0
1753591931243,04:52:11.243,binance,ADA/USDT:USDT,0.8322,60429.0,0.8321,54197.0,0.8323,10390.0,0.8324,67765.0
1753591931344,04:52:11.344,binance,ADA/USDT:USDT,0.8322,56878.0,0.8321,54197.0,0.8323,10390.0,0.8324,67525.0
1753591931452,04:52:11.452,binance,ADA/USDT:USDT,0.8322,53157.0,0.8321,54095.0,0.8323,19706.0,0.8324,68725.0
1753591931557,04:52:11.557,binance,ADA/USDT:USDT,0.8322,49004.0,0.8321,57674.0,0.8323,34033.0,0.8324,69537.0
1753591931698,04:52:11.698,binance,ADA/USDT:USDT,0.8322,34328.0,0.8321,52248.0,0.8323,34268.0,0.8324,69684.0
1753591931809,04:52:11.809,binance,ADA/USDT:USDT,0.8322,24313.0,0.8321,50781.0,0.8323,40213.0,0.8324,74084.0
1753591931910,04:52:11.910,binance,ADA/USDT:USDT,0.8322,7280.0,0.8321,50781.0,0.8323,40528.0,0.8324,83624.0
1753591932012,04:52:12.012,binance,ADA/USDT:USDT,0.8322,4540.0,0.8321,50781.0,0.8323,42631.0,0.8324,84192.0
1753591932114,04:52:12.114,binance,ADA/USDT:USDT,0.8322,4560.0,0.8321,50788.0,0.8323,44156.0,0.8324,83952.0
1753591932226,04:52:12.226,binance,ADA/USDT:USDT,0.8322,4560.0,0.8321,50788.0,0.8323,44156.0,0.8324,83952.0
1753591932378,04:52:12.378,binance,ADA/USDT:USDT,0.8322,4662.0,0.8321,50813.0,0.8323,39394.0,0.8324,83384.0
1753591932483,04:52:12.483,binance,ADA/USDT:USDT,0.8322,5238.0,0.8321,50788.0,0.8323,39730.0,0.8324,83955.0
1753591932584,04:52:12.584,binance,ADA/USDT:USDT,0.8322,5238.0,0.8321,50788.0,0.8323,43941.0,0.8324,84254.0
1753591932695,04:52:12.695,binance,ADA/USDT:USDT,0.8322,5238.0,0.8321,50788.0,0.8323,43941.0,0.8324,84254.0
1753591932915,04:52:12.915,binance,ADA/USDT:USDT,0.8322,5238.0,0.8321,50788.0,0.8323,40491.0,0.8324,84519.0
1753591933018,04:52:13.018,binance,ADA/USDT:USDT,0.8322,5238.0,0.8321,50788.0,0.8323,49351.0,0.8324,85101.0
1753591933119,04:52:13.119,binance,ADA/USDT:USDT,0.8322,5238.0,0.8321,50788.0,0.8323,52235.0,0.8324,87901.0
1753591933244,04:52:13.244,binance,ADA/USDT:USDT,0.8322,5238.0,0.8321,50788.0,0.8323,52327.0,0.8324,88021.0
1753591933363,04:52:13.363,binance,ADA/USDT:USDT,0.8322,5249.0,0.8321,50776.0,0.8323,48842.0,0.8324,88021.0
1753591933687,04:52:13.687,binance,ADA/USDT:USDT,0.8322,5783.0,0.8321,50776.0,0.8323,52589.0,0.8324,88021.0
1753591933789,04:52:13.789,binance,ADA/USDT:USDT,0.8322,5783.0,0.8321,50776.0,0.8323,52589.0,0.8324,88021.0
1753591933902,04:52:13.902,binance,ADA/USDT:USDT,0.8322,5783.0,0.8321,50776.0,0.8323,52589.0,0.8324,88441.0
1753591934008,04:52:14.008,binance,ADA/USDT:USDT,0.8322,5783.0,0.8321,50776.0,0.8323,49241.0,0.8324,92046.0
1753591934110,04:52:14.110,binance,ADA/USDT:USDT,0.8322,5783.0,0.8321,50776.0,0.8323,52726.0,0.8324,92134.0
1753591934238,04:52:14.238,binance,ADA/USDT:USDT,0.8322,5783.0,0.8321,50776.0,0.8323,47956.0,0.8324,92134.0
1753591934340,04:52:14.340,binance,ADA/USDT:USDT,0.8322,5783.0,0.8321,50769.0,0.8323,49249.0,0.8324,92134.0
1753591934555,04:52:14.555,binance,ADA/USDT:USDT,0.8322,5782.0,0.8321,50769.0,0.8323,49247.0,0.8324,92134.0
1753591934668,04:52:14.668,binance,ADA/USDT:USDT,0.8322,5815.0,0.8321,50769.0,0.8323,49247.0,0.8324,92134.0
1753591934770,04:52:14.770,binance,ADA/USDT:USDT,0.8322,14916.0,0.8321,51370.0,0.8323,35551.0,0.8324,91778.0
1753591934881,04:52:14.881,binance,ADA/USDT:USDT,0.8322,6043.0,0.8321,50794.0,0.8323,35551.0,0.8324,91778.0
1753591934991,04:52:14.991,binance,ADA/USDT:USDT,0.8322,15295.0,0.8321,51034.0,0.8323,34924.0,0.8324,91778.0
1753591935098,04:52:15.098,binance,ADA/USDT:USDT,0.8322,18171.0,0.8321,51034.0,0.8323,34607.0,0.8324,91778.0
1753591935200,04:52:15.200,binance,ADA/USDT:USDT,0.8322,5775.0,0.8321,51034.0,0.8323,35635.0,0.8324,92174.0
1753591935351,04:52:15.351,binance,ADA/USDT:USDT,0.8322,14982.0,0.8321,50794.0,0.8323,35635.0,0.8324,91778.0
1753591935454,04:52:15.454,binance,ADA/USDT:USDT,0.8322,5800.0,0.8321,50794.0,0.8323,35395.0,0.8324,95382.0
1753591935663,04:52:15.663,binance,ADA/USDT:USDT,0.8322,14763.0,0.8321,50769.0,0.8323,35394.0,0.8324,95756.0
1753591935771,04:52:15.771,binance,ADA/USDT:USDT,0.8322,14763.0,0.8321,50769.0,0.8323,35394.0,0.8324,95382.0
1753591935903,04:52:15.903,binance,ADA/USDT:USDT,0.8322,14763.0,0.8321,50769.0,0.8323,35394.0,0.8324,95382.0
1753591936043,04:52:16.043,binance,ADA/USDT:USDT,0.8322,14763.0,0.8321,50769.0,0.8323,38761.0,0.8324,95142.0
1753591936148,04:52:16.148,binance,ADA/USDT:USDT,0.8322,25525.0,0.8321,50769.0,0.8323,35220.0,0.8324,90178.0
1753591936251,04:52:16.251,binance,ADA/USDT:USDT,0.8322,25469.0,0.8321,50769.0,0.8323,35263.0,0.8324,90352.0
1753591936374,04:52:16.374,binance,ADA/USDT:USDT,0.8322,25469.0,0.8321,50769.0,0.8323,35263.0,0.8324,90352.0
1753591936483,04:52:16.483,binance,ADA/USDT:USDT,0.8322,25469.0,0.8321,50794.0,0.8323,35263.0,0.8324,87552.0
1753591936591,04:52:16.591,binance,ADA/USDT:USDT,0.8322,25469.0,0.8321,50794.0,0.8323,35447.0,0.8324,87378.0
1753591936850,04:52:16.850,binance,ADA/USDT:USDT,0.8322,25469.0,0.8321,50794.0,0.8323,34403.0,0.8324,83827.0
1753591936953,04:52:16.953,binance,ADA/USDT:USDT,0.8322,25469.0,0.8321,50620.0,0.8323,34098.0,0.8324,83827.0
1753591937060,04:52:17.060,binance,ADA/USDT:USDT,0.8322,25469.0,0.8321,50794.0,0.8323,34094.0,0.8324,81016.0
1753591937162,04:52:17.162,binance,ADA/USDT:USDT,0.8322,25469.0,0.8321,50794.0,0.8323,34094.0,0.8324,81016.0
1753591937292,04:52:17.292,binance,ADA/USDT:USDT,0.8322,25469.0,0.8321,50794.0,0.8323,34091.0,0.8324,81016.0
1753591937458,04:52:17.458,binance,ADA/USDT:USDT,0.8322,25494.0,0.8321,51377.0,0.8323,33978.0,0.8324,80776.0
1753591937583,04:52:17.583,binance,ADA/USDT:USDT,0.8322,25494.0,0.8321,51377.0,0.8323,33988.0,0.8324,80776.0
1753591937730,04:52:17.730,binance,ADA/USDT:USDT,0.8322,25469.0,0.8321,51377.0,0.8323,33988.0,0.8324,80776.0
1753591937848,04:52:17.848,binance,ADA/USDT:USDT,0.8322,25469.0,0.8321,50769.0,0.8323,40825.0,0.8324,80020.0
1753591937964,04:52:17.964,binance,ADA/USDT:USDT,0.8322,25367.0,0.8321,50794.0,0.8323,37814.0,0.8324,80020.0
1753591938070,04:52:18.070,binance,ADA/USDT:USDT,0.8322,25367.0,0.8321,50794.0,0.8323,40825.0,0.8324,80020.0
1753591938172,04:52:18.172,binance,ADA/USDT:USDT,0.8322,25367.0,0.8321,51380.0,0.8323,37827.0,0.8324,80020.0
1753591938276,04:52:18.276,binance,ADA/USDT:USDT,0.8322,25367.0,0.8321,50794.0,0.8323,37542.0,0.8324,80020.0
1753591938382,04:52:18.382,binance,ADA/USDT:USDT,0.8322,25367.0,0.8321,50794.0,0.8323,37437.0,0.8324,80020.0
1753591938531,04:52:18.531,binance,ADA/USDT:USDT,0.8322,25011.0,0.8321,50769.0,0.8323,37557.0,0.8324,80020.0
1753591938633,04:52:18.633,binance,ADA/USDT:USDT,0.8322,25366.0,0.8321,50769.0,0.8323,37557.0,0.8324,79838.0
1753591938769,04:52:18.769,binance,ADA/USDT:USDT,0.8322,25366.0,0.8321,50769.0,0.8323,40835.0,0.8324,79838.0
1753591939021,04:52:19.021,binance,ADA/USDT:USDT,0.8322,25366.0,0.8321,50769.0,0.8323,37832.0,0.8324,82638.0
1753591939257,04:52:19.257,binance,ADA/USDT:USDT,0.8322,28422.0,0.8321,51382.0,0.8323,37461.0,0.8324,70472.0
1753591939361,04:52:19.361,binance,ADA/USDT:USDT,0.8322,28422.0,0.8321,50794.0,0.8323,37517.0,0.8324,70298.0
1753591939490,04:52:19.490,binance,ADA/USDT:USDT,0.8322,25408.0,0.8321,50794.0,0.8323,37517.0,0.8324,70298.0
1753591939602,04:52:19.602,binance,ADA/USDT:USDT,0.8322,25408.0,0.8321,50794.0,0.8323,37978.0,0.8324,70298.0
1753591939704,04:52:19.704,binance,ADA/USDT:USDT,0.8322,25408.0,0.8321,50769.0,0.8323,40879.0,0.8324,70911.0
1753591939807,04:52:19.807,binance,ADA/USDT:USDT,0.8322,31935.0,0.8321,51208.0,0.8323,22524.0,0.8324,69890.0
1753591939918,04:52:19.918,binance,ADA/USDT:USDT,0.8322,32014.0,0.8321,51208.0,0.8323,22439.0,0.8324,69890.0
1753591940025,04:52:20.025,binance,ADA/USDT:USDT,0.8322,28778.0,0.8321,54008.0,0.8323,22107.0,0.8324,69890.0
1753591940133,04:52:20.133,binance,ADA/USDT:USDT,0.8322,25919.0,0.8321,67474.0,0.8323,21863.0,0.8324,69890.0
1753591940235,04:52:20.235,binance,ADA/USDT:USDT,0.8322,29437.0,0.8321,67714.0,0.8323,21869.0,0.8324,69890.0
1753591940343,04:52:20.343,binance,ADA/USDT:USDT,0.8322,29437.0,0.8321,67714.0,0.8323,21869.0,0.8324,69890.0
1753591940447,04:52:20.447,binance,ADA/USDT:USDT,0.8322,29437.0,0.8321,67714.0,0.8323,21869.0,0.8324,69890.0
1753591940552,04:52:20.552,binance,ADA/USDT:USDT,0.8322,32197.0,0.8321,67897.0,0.8323,21869.0,0.8324,69890.0
1753591940676,04:52:20.676,binance,ADA/USDT:USDT,0.8322,32110.0,0.8321,67897.0,0.8323,20995.0,0.8324,69890.0
1753591940779,04:52:20.779,binance,ADA/USDT:USDT,0.8322,36010.0,0.8321,67897.0,0.8323,20995.0,0.8324,69890.0
1753591940902,04:52:20.902,binance,ADA/USDT:USDT,0.8322,36010.0,0.8321,67897.0,0.8323,20995.0,0.8324,69890.0
1753591941010,04:52:21.010,binance,ADA/USDT:USDT,0.8322,47222.0,0.8321,73198.0,0.8323,11788.0,0.8324,68270.0
1753591941113,04:52:21.113,binance,ADA/USDT:USDT,0.8322,47242.0,0.8321,73198.0,0.8323,11789.0,0.8324,68270.0
1753591941216,04:52:21.216,binance,ADA/USDT:USDT,0.8322,41718.0,0.8321,72958.0,0.8323,11802.0,0.8324,68037.0
1753591941350,04:52:21.350,binance,ADA/USDT:USDT,0.8322,44482.0,0.8321,73198.0,0.8323,12250.0,0.8324,68037.0
1753591941461,04:52:21.461,binance,ADA/USDT:USDT,0.8322,44482.0,0.8321,73198.0,0.8323,12250.0,0.8324,68037.0
1753591941626,04:52:21.626,binance,ADA/USDT:USDT,0.8322,37362.0,0.8321,72465.0,0.8323,24217.0,0.8324,69477.0
1753591941739,04:52:21.739,binance,ADA/USDT:USDT,0.8322,37369.0,0.8321,73058.0,0.8323,12275.0,0.8324,69477.0
1753591941840,04:52:21.840,binance,ADA/USDT:USDT,0.8322,37369.0,0.8321,73083.0,0.8323,12275.0,0.8324,69477.0
1753591941960,04:52:21.960,binance,ADA/USDT:USDT,0.8322,42893.0,0.8321,73083.0,0.8323,12215.0,0.8324,69477.0
1753591942187,04:52:22.187,binance,ADA/USDT:USDT,0.8322,40158.0,0.8321,73083.0,0.8323,12646.0,0.8324,69477.0
1753591942302,04:52:22.302,binance,ADA/USDT:USDT,0.8322,43763.0,0.8321,69479.0,0.8323,12423.0,0.8324,69477.0
1753591942410,04:52:22.410,binance,ADA/USDT:USDT,0.8322,43763.0,0.8321,69479.0,0.8323,12423.0,0.8324,69477.0
1753591942536,04:52:22.536,binance,ADA/USDT:USDT,0.8322,43763.0,0.8321,69719.0,0.8323,12423.0,0.8324,69477.0
1753591942824,04:52:22.824,binance,ADA/USDT:USDT,0.8322,43763.0,0.8321,69719.0,0.8323,12420.0,0.8324,69477.0
1753591942931,04:52:22.931,binance,ADA/USDT:USDT,0.8322,40959.0,0.8321,69101.0,0.8323,15014.0,0.8324,69477.0
1753591943034,04:52:23.034,binance,ADA/USDT:USDT,0.8322,40959.0,0.8321,69101.0,0.8323,15014.0,0.8324,79042.0
1753591943136,04:52:23.136,binance,ADA/USDT:USDT,0.8323,93001.0,0.8322,65021.0,0.8324,19389.0,0.8325,94505.0
1753591943237,04:52:23.237,binance,ADA/USDT:USDT,0.8323,80504.0,0.8322,57058.0,0.8324,2363.0,0.8325,57524.0
1753591943341,04:52:23.341,binance,ADA/USDT:USDT,0.8323,80645.0,0.8322,59277.0,0.8324,2376.0,0.8325,57932.0
1753591943442,04:52:23.442,binance,ADA/USDT:USDT,0.8323,81142.0,0.8322,59020.0,0.8324,2016.0,0.8325,42481.0
1753591943544,04:52:23.544,binance,ADA/USDT:USDT,0.8323,50448.0,0.8322,56331.0,0.8324,25386.0,0.8325,51049.0
1753591943645,04:52:23.645,binance,ADA/USDT:USDT,0.8323,45613.0,0.8322,55430.0,0.8324,2015.0,0.8325,51049.0
1753591943748,04:52:23.748,binance,ADA/USDT:USDT,0.8323,45613.0,0.8322,55430.0,0.8324,2015.0,0.8325,51096.0
1753591943852,04:52:23.852,binance,ADA/USDT:USDT,0.8323,45613.0,0.8322,55430.0,0.8324,2015.0,0.8325,51096.0
1753591943956,04:52:23.956,binance,ADA/USDT:USDT,0.8323,45613.0,0.8322,55430.0,0.8324,2015.0,0.8325,42583.0
1753591944086,04:52:24.086,binance,ADA/USDT:USDT,0.8323,45010.0,0.8322,56505.0,0.8324,21984.0,0.8325,42583.0
1753591944201,04:52:24.201,binance,ADA/USDT:USDT,0.8323,45010.0,0.8322,56512.0,0.8324,21984.0,0.8325,42583.0
1753591944308,04:52:24.308,binance,ADA/USDT:USDT,0.8323,50279.0,0.8322,56345.0,0.8324,11222.0,0.8325,42583.0
1753591944439,04:52:24.439,binance,ADA/USDT:USDT,0.8323,50279.0,0.8322,59170.0,0.8324,2015.0,0.8325,42583.0
1753591944638,04:52:24.638,binance,ADA/USDT:USDT,0.8323,50279.0,0.8322,59530.0,0.8324,2015.0,0.8325,42583.0
1753591944766,04:52:24.766,binance,ADA/USDT:USDT,0.8323,50733.0,0.8322,59530.0,0.8324,2022.0,0.8325,42583.0
1753591944867,04:52:24.867,binance,ADA/USDT:USDT,0.8323,61733.0,0.8322,59482.0,0.8324,1974.0,0.8325,42583.0
1753591944975,04:52:24.975,binance,ADA/USDT:USDT,0.8324,67950.0,0.8323,94951.0,0.8325,24332.0,0.8326,97609.0
1753591945076,04:52:25.076,binance,ADA/USDT:USDT,0.8324,67835.0,0.8323,88196.0,0.8325,24382.0,0.8326,97639.0
1753591945178,04:52:25.178,binance,ADA/USDT:USDT,0.8324,65579.0,0.8323,87381.0,0.8325,27643.0,0.8326,80186.0
1753591945285,04:52:25.285,binance,ADA/USDT:USDT,0.8324,65604.0,0.8323,88209.0,0.8325,27643.0,0.8326,80368.0
1753591945387,04:52:25.387,binance,ADA/USDT:USDT,0.8324,65611.0,0.8323,88209.0,0.8325,27643.0,0.8326,80368.0
1753591945490,04:52:25.490,binance,ADA/USDT:USDT,0.8324,67900.0,0.8323,85780.0,0.8325,27403.0,0.8326,63643.0
1753591945593,04:52:25.593,binance,ADA/USDT:USDT,0.8324,65611.0,0.8323,85660.0,0.8325,27403.0,0.8326,67364.0
1753591945695,04:52:25.695,binance,ADA/USDT:USDT,0.8324,65611.0,0.8323,81960.0,0.8325,27403.0,0.8326,67364.0
1753591945813,04:52:25.813,binance,ADA/USDT:USDT,0.8324,70187.0,0.8323,81960.0,0.8325,27403.0,0.8326,67364.0
1753591945923,04:52:25.923,binance,ADA/USDT:USDT,0.8324,56011.0,0.8323,79516.0,0.8325,29690.0,0.8326,66950.0
1753591946025,04:52:26.025,binance,ADA/USDT:USDT,0.8324,55488.0,0.8323,78442.0,0.8325,27379.0,0.8326,67124.0
1753591946144,04:52:26.144,binance,ADA/USDT:USDT,0.8324,55488.0,0.8323,78442.0,0.8325,27379.0,0.8326,67133.0
1753591946256,04:52:26.256,binance,ADA/USDT:USDT,0.8324,55488.0,0.8323,78442.0,0.8325,27636.0,0.8326,67133.0
1753591946358,04:52:26.358,binance,ADA/USDT:USDT,0.8324,55488.0,0.8323,78442.0,0.8325,27485.0,0.8326,67133.0
1753591946460,04:52:26.460,binance,ADA/USDT:USDT,0.8324,55133.0,0.8323,82096.0,0.8325,27485.0,0.8326,67373.0
1753591946563,04:52:26.563,binance,ADA/USDT:USDT,0.8322,43381.0,0.8321,49762.0,0.8323,44122.0,0.8324,97083.0
1753591946674,04:52:26.674,binance,ADA/USDT:USDT,0.8322,43182.0,0.8321,47000.0,0.8323,36683.0,0.8324,84515.0
1753591946780,04:52:26.780,binance,ADA/USDT:USDT,0.8322,39907.0,0.8321,46405.0,0.8323,41489.0,0.8324,84515.0
1753591946887,04:52:26.887,binance,ADA/USDT:USDT,0.8322,40138.0,0.8321,46405.0,0.8323,41489.0,0.8324,99798.0
1753591947001,04:52:27.001,binance,ADA/USDT:USDT,0.8322,39964.0,0.8321,46579.0,0.8323,41489.0,0.8324,107370.0
1753591947104,04:52:27.104,binance,ADA/USDT:USDT,0.8322,37720.0,0.8321,46579.0,0.8323,45543.0,0.8324,110800.0
1753591947207,04:52:27.207,binance,ADA/USDT:USDT,0.8322,37720.0,0.8321,46579.0,0.8323,45543.0,0.8324,110800.0
1753591947310,04:52:27.310,binance,ADA/USDT:USDT,0.8322,37720.0,0.8321,46579.0,0.8323,45543.0,0.8324,110800.0
1753591947411,04:52:27.411,binance,ADA/USDT:USDT,0.8322,37720.0,0.8321,46405.0,0.8323,36761.0,0.8324,110974.0
1753591947514,04:52:27.514,binance,ADA/USDT:USDT,0.8322,37720.0,0.8321,46405.0,0.8323,36761.0,0.8324,110974.0
1753591947617,04:52:27.617,binance,ADA/USDT:USDT,0.8322,37720.0,0.8321,46579.0,0.8323,41567.0,0.8324,101434.0
1753591947742,04:52:27.742,binance,ADA/USDT:USDT,0.8322,37792.0,0.8321,46405.0,0.8323,36761.0,0.8324,101434.0
1753591947869,04:52:27.869,binance,ADA/USDT:USDT,0.8322,37792.0,0.8321,46405.0,0.8323,36761.0,0.8324,101409.0
1753591948001,04:52:28.001,binance,ADA/USDT:USDT,0.8322,41846.0,0.8321,46405.0,0.8323,36761.0,0.8324,101409.0
1753591948102,04:52:28.102,binance,ADA/USDT:USDT,0.8322,41846.0,0.8321,46430.0,0.8323,36761.0,0.8324,101409.0
1753591948204,04:52:28.204,binance,ADA/USDT:USDT,0.8322,38385.0,0.8321,46430.0,0.8323,36791.0,0.8324,101409.0
1753591948321,04:52:28.321,binance,ADA/USDT:USDT,0.8322,12809.0,0.8321,46579.0,0.8323,47137.0,0.8324,129997.0
1753591948426,04:52:28.426,binance,ADA/USDT:USDT,0.8322,10139.0,0.8321,46579.0,0.8323,48005.0,0.8324,129997.0
1753591948538,04:52:28.538,binance,ADA/USDT:USDT,0.8322,11273.0,0.8321,46579.0,0.8323,48030.0,0.8324,130004.0
1753591948650,04:52:28.650,binance,ADA/USDT:USDT,0.8322,11273.0,0.8321,50184.0,0.8323,48030.0,0.8324,130004.0
1753591948767,04:52:28.767,binance,ADA/USDT:USDT,0.8322,11375.0,0.8321,50184.0,0.8323,49206.0,0.8324,129639.0
1753591948869,04:52:28.869,binance,ADA/USDT:USDT,0.8322,11375.0,0.8321,50184.0,0.8323,40543.0,0.8324,129639.0
1753591948991,04:52:28.991,binance,ADA/USDT:USDT,0.8322,11375.0,0.8321,50184.0,0.8323,49403.0,0.8324,129639.0
1753591949114,04:52:29.114,binance,ADA/USDT:USDT,0.8322,2145.0,0.8321,49367.0,0.8323,45349.0,0.8324,130220.0
1753591949216,04:52:29.216,binance,ADA/USDT:USDT,0.8322,2158.0,0.8321,49367.0,0.8323,45396.0,0.8324,130220.0
1753591949319,04:52:29.319,binance,ADA/USDT:USDT,0.8322,2158.0,0.8321,49367.0,0.8323,52106.0,0.8324,130220.0
1753591949422,04:52:29.422,binance,ADA/USDT:USDT,0.8322,2158.0,0.8321,49127.0,0.8323,55830.0,0.8324,132804.0
1753591949525,04:52:29.525,binance,ADA/USDT:USDT,0.8322,2178.0,0.8321,49127.0,0.8323,47223.0,0.8324,133626.0
1753591949632,04:52:29.632,binance,ADA/USDT:USDT,0.8322,2178.0,0.8321,49127.0,0.8323,47739.0,0.8324,133746.0
1753591949735,04:52:29.735,binance,ADA/USDT:USDT,0.8322,2178.0,0.8321,49127.0,0.8323,57676.0,0.8324,133746.0
1753591949841,04:52:29.841,binance,ADA/USDT:USDT,0.8321,35940.0,0.832,68517.0,0.8322,52145.0,0.8323,106783.0
1753591949944,04:52:29.944,binance,ADA/USDT:USDT,0.832,23740.0,0.8319,77249.0,0.8321,48758.0,0.8322,46870.0
1753591950045,04:52:30.045,binance,ADA/USDT:USDT,0.832,22083.0,0.8319,50298.0,0.8321,54801.0,0.8322,100671.0
1753591950147,04:52:30.147,binance,ADA/USDT:USDT,0.832,42627.0,0.8319,50124.0,0.8321,40074.0,0.8322,60706.0
1753591950256,04:52:30.256,binance,ADA/USDT:USDT,0.832,46367.0,0.8319,50124.0,0.8321,19879.0,0.8322,68280.0
1753591950700,04:52:30.700,binance,ADA/USDT:USDT,0.8321,18776.0,0.832,53595.0,0.8322,50519.0,0.8323,84640.0
1753591950812,04:52:30.812,binance,ADA/USDT:USDT,0.8321,18776.0,0.832,53655.0,0.8322,51766.0,0.8323,84640.0
1753591950920,04:52:30.920,binance,ADA/USDT:USDT,0.8321,18776.0,0.832,53662.0,0.8322,51766.0,0.8323,84640.0
1753591951040,04:52:31.040,binance,ADA/USDT:USDT,0.8321,18776.0,0.832,53662.0,0.8322,51766.0,0.8323,84640.0
1753591951147,04:52:31.147,binance,ADA/USDT:USDT,0.8321,45219.0,0.832,52264.0,0.8322,49292.0,0.8323,52108.0
1753591951249,04:52:31.249,binance,ADA/USDT:USDT,0.8321,18756.0,0.832,49425.0,0.8322,47083.0,0.8323,67147.0
1753591951356,04:52:31.356,binance,ADA/USDT:USDT,0.8321,18845.0,0.832,52980.0,0.8322,43414.0,0.8323,73552.0
1753591951487,04:52:31.487,binance,ADA/USDT:USDT,0.8321,22704.0,0.832,52980.0,0.8322,43389.0,0.8323,73552.0
1753591951600,04:52:31.600,binance,ADA/USDT:USDT,0.8321,18845.0,0.832,52980.0,0.8322,43634.0,0.8323,74124.0
1753591951767,04:52:31.767,binance,ADA/USDT:USDT,0.8321,18845.0,0.832,52980.0,0.8322,43634.0,0.8323,74149.0
1753591951910,04:52:31.910,binance,ADA/USDT:USDT,0.8321,18845.0,0.832,52980.0,0.8322,42349.0,0.8323,74149.0
1753591952028,04:52:32.028,binance,ADA/USDT:USDT,0.8321,44548.0,0.832,52835.0,0.8322,29148.0,0.8323,72457.0
1753591952130,04:52:32.130,binance,ADA/USDT:USDT,0.8321,44669.0,0.832,52860.0,0.8322,29155.0,0.8323,72464.0
1753591952272,04:52:32.272,binance,ADA/USDT:USDT,0.8321,31991.0,0.832,56893.0,0.8322,41617.0,0.8323,72854.0
1753591952376,04:52:32.376,binance,ADA/USDT:USDT,0.8321,32032.0,0.832,56893.0,0.8322,41838.0,0.8323,72807.0
1753591952514,04:52:32.514,binance,ADA/USDT:USDT,0.8321,32032.0,0.832,56868.0,0.8322,41838.0,0.8323,72807.0
1753591952630,04:52:32.630,binance,ADA/USDT:USDT,0.8321,14719.0,0.832,53009.0,0.8322,42831.0,0.8323,72807.0
1753591952754,04:52:32.754,binance,ADA/USDT:USDT,0.8321,14915.0,0.832,53009.0,0.8322,42831.0,0.8323,72807.0
1753591952890,04:52:32.890,binance,ADA/USDT:USDT,0.8321,14915.0,0.832,53009.0,0.8322,42831.0,0.8323,72807.0
1753591952998,04:52:32.998,binance,ADA/USDT:USDT,0.8321,14915.0,0.832,53009.0,0.8322,42831.0,0.8323,72807.0
1753591953100,04:52:33.100,binance,ADA/USDT:USDT,0.8321,14915.0,0.832,53009.0,0.8322,42831.0,0.8323,72807.0
1753591953227,04:52:33.227,binance,ADA/USDT:USDT,0.8321,15000.0,0.832,52765.0,0.8322,42831.0,0.8323,74407.0
1753591953331,04:52:33.331,binance,ADA/USDT:USDT,0.8321,15158.0,0.832,52765.0,0.8322,43121.0,0.8323,74407.0
1753591953436,04:52:33.436,binance,ADA/USDT:USDT,0.8321,15213.0,0.832,52722.0,0.8322,46726.0,0.8323,74407.0
1753591953550,04:52:33.550,binance,ADA/USDT:USDT,0.8321,15330.0,0.832,52605.0,0.8322,46726.0,0.8323,74432.0
1753591953660,04:52:33.660,binance,ADA/USDT:USDT,0.8321,25986.0,0.832,52605.0,0.8322,45796.0,0.8323,74407.0
1753591953841,04:52:33.841,binance,ADA/USDT:USDT,0.8321,25923.0,0.832,52605.0,0.8322,45796.0,0.8323,74407.0
1753591953968,04:52:33.968,binance,ADA/USDT:USDT,0.8321,25923.0,0.832,52605.0,0.8322,45796.0,0.8323,74407.0
1753591954088,04:52:34.088,binance,ADA/USDT:USDT,0.8321,15305.0,0.832,52605.0,0.8322,45796.0,0.8323,74407.0
1753591954191,04:52:34.191,binance,ADA/USDT:USDT,0.8321,15325.0,0.832,52605.0,0.8322,45844.0,0.8323,74407.0
1753591954306,04:52:34.306,binance,ADA/USDT:USDT,0.8321,5783.0,0.832,52605.0,0.8322,54266.0,0.8323,80837.0
1753591954412,04:52:34.412,binance,ADA/USDT:USDT,0.8321,6352.0,0.832,52605.0,0.8322,45845.0,0.8323,80837.0
1753591954523,04:52:34.523,binance,ADA/USDT:USDT,0.8321,1156.0,0.832,52605.0,0.8322,54429.0,0.8323,80837.0
1753591954631,04:52:34.631,binance,ADA/USDT:USDT,0.8321,1156.0,0.832,39166.0,0.8322,54429.0,0.8323,80837.0
1753591954745,04:52:34.745,binance,ADA/USDT:USDT,0.8321,1156.0,0.832,39994.0,0.8322,54909.0,0.8323,81077.0
1753591954902,04:52:34.902,binance,ADA/USDT:USDT,0.8321,1273.0,0.832,39994.0,0.8322,55678.0,0.8323,81077.0
1753591955004,04:52:35.004,binance,ADA/USDT:USDT,0.8321,16089.0,0.832,39994.0,0.8322,46315.0,0.8323,81052.0
1753591955118,04:52:35.118,binance,ADA/USDT:USDT,0.8321,16278.0,0.832,40019.0,0.8322,42711.0,0.8323,77447.0
1753591955220,04:52:35.220,binance,ADA/USDT:USDT,0.8321,16278.0,0.832,40019.0,0.8322,43996.0,0.8323,80247.0
1753591955322,04:52:35.322,binance,ADA/USDT:USDT,0.8321,1874.0,0.832,37435.0,0.8322,52392.0,0.8323,80247.0
1753591955431,04:52:35.431,binance,ADA/USDT:USDT,0.8321,16364.0,0.832,37435.0,0.8322,43996.0,0.8323,80247.0
1753591955540,04:52:35.540,binance,ADA/USDT:USDT,0.8321,16364.0,0.832,37435.0,0.8322,48653.0,0.8323,83972.0
1753591955646,04:52:35.646,binance,ADA/USDT:USDT,0.8321,16384.0,0.832,37435.0,0.8322,48653.0,0.8323,83997.0
1753591955868,04:52:35.868,binance,ADA/USDT:USDT,0.8321,35716.0,0.832,37286.0,0.8322,41346.0,0.8323,52491.0
1753591955969,04:52:35.969,binance,ADA/USDT:USDT,0.8321,42022.0,0.832,38101.0,0.8322,32820.0,0.8323,60021.0
1753591956071,04:52:36.071,binance,ADA/USDT:USDT,0.8321,35748.0,0.832,38101.0,0.8322,32820.0,0.8323,60143.0
1753591956178,04:52:36.178,binance,ADA/USDT:USDT,0.8321,27153.0,0.832,38101.0,0.8322,38796.0,0.8323,60143.0
1753591956280,04:52:36.280,binance,ADA/USDT:USDT,0.8321,27644.0,0.832,38250.0,0.8322,32941.0,0.8323,60143.0
1753591956382,04:52:36.382,binance,ADA/USDT:USDT,0.8321,27664.0,0.832,38275.0,0.8322,38439.0,0.8323,59994.0
1753591956509,04:52:36.509,binance,ADA/USDT:USDT,0.8321,42806.0,0.832,38101.0,0.8322,32944.0,0.8323,67142.0
1753591956612,04:52:36.612,binance,ADA/USDT:USDT,0.8321,38224.0,0.832,38101.0,0.8322,32054.0,0.8323,68313.0
1753591956713,04:52:36.713,binance,ADA/USDT:USDT,0.8321,38244.0,0.832,38101.0,0.8322,32054.0,0.8323,68313.0
1753591956816,04:52:36.816,binance,ADA/USDT:USDT,0.8321,38232.0,0.832,38101.0,0.8322,32054.0,0.8323,68313.0
1753591956953,04:52:36.953,binance,ADA/USDT:USDT,0.8321,43610.0,0.832,51645.0,0.8322,26046.0,0.8323,57602.0
1753591957056,04:52:37.056,binance,ADA/USDT:USDT,0.8321,43610.0,0.832,51645.0,0.8322,26046.0,0.8323,57602.0
1753591957158,04:52:37.158,binance,ADA/USDT:USDT,0.8321,43610.0,0.832,51645.0,0.8322,26046.0,0.8323,57602.0
1753591957261,04:52:37.261,binance,ADA/USDT:USDT,0.8321,34604.0,0.832,38250.0,0.8322,31395.0,0.8323,67743.0
1753591957363,04:52:37.363,binance,ADA/USDT:USDT,0.8321,28849.0,0.832,38250.0,0.8322,26042.0,0.8323,67743.0
1753591957505,04:52:37.505,binance,ADA/USDT:USDT,0.8321,41093.0,0.832,38101.0,0.8322,25525.0,0.8323,67659.0
1753591957608,04:52:37.608,binance,ADA/USDT:USDT,0.8321,36777.0,0.832,38101.0,0.8322,25618.0,0.8323,68814.0
1753591957719,04:52:37.719,binance,ADA/USDT:USDT,0.8321,44013.0,0.832,40901.0,0.8322,25618.0,0.8323,58698.0
1753591957821,04:52:37.821,binance,ADA/USDT:USDT,0.8321,44013.0,0.832,40901.0,0.8322,25618.0,0.8323,58119.0
1753591957938,04:52:37.938,binance,ADA/USDT:USDT,0.8321,39040.0,0.832,40901.0,0.8322,25618.0,0.8323,67659.0
1753591958041,04:52:38.041,binance,ADA/USDT:USDT,0.8321,34828.0,0.832,40901.0,0.8322,25618.0,0.8323,68260.0
1753591958149,04:52:38.149,binance,ADA/USDT:USDT,0.8321,34828.0,0.832,40901.0,0.8322,25618.0,0.8323,68260.0
1753591958300,04:52:38.300,binance,ADA/USDT:USDT,0.8321,17530.0,0.832,38250.0,0.8322,45523.0,0.8323,69686.0
1753591958408,04:52:38.408,binance,ADA/USDT:USDT,0.8321,17550.0,0.832,38250.0,0.8322,36348.0,0.8323,69686.0
1753591958531,04:52:38.531,binance,ADA/USDT:USDT,0.8321,17550.0,0.832,39961.0,0.8322,45533.0,0.8323,69686.0
1753591958642,04:52:38.642,binance,ADA/USDT:USDT,0.8321,17550.0,0.832,39968.0,0.8322,36348.0,0.8323,70282.0
1753591958745,04:52:38.745,binance,ADA/USDT:USDT,0.8321,41304.0,0.832,40059.0,0.8322,25628.0,0.8323,68255.0
1753591959181,04:52:39.181,binance,ADA/USDT:USDT,0.8321,41329.0,0.832,43660.0,0.8322,25628.0,0.8323,67659.0
1753591959289,04:52:39.289,binance,ADA/USDT:USDT,0.8321,44310.0,0.832,43660.0,0.8322,25589.0,0.8323,67700.0
1753591959391,04:52:39.391,binance,ADA/USDT:USDT,0.8321,44528.0,0.832,43660.0,0.8322,25626.0,0.8323,67700.0
1753591959522,04:52:39.522,binance,ADA/USDT:USDT,0.8321,39380.0,0.832,43660.0,0.8322,25625.0,0.8323,68281.0
1753591959626,04:52:39.626,binance,ADA/USDT:USDT,0.8321,39380.0,0.832,43660.0,0.8322,25625.0,0.8323,68868.0
1753591959752,04:52:39.752,binance,ADA/USDT:USDT,0.8322,104888.0,0.8321,76359.0,0.8323,32251.0,0.8324,71704.0
1753591959854,04:52:39.854,binance,ADA/USDT:USDT,0.8322,78752.0,0.8321,80978.0,0.8323,27903.0,0.8324,46355.0
1753591959956,04:52:39.956,binance,ADA/USDT:USDT,0.8322,78777.0,0.8321,78331.0,0.8323,27299.0,0.8324,46355.0
1753591960060,04:52:40.060,binance,ADA/USDT:USDT,0.8322,78627.0,0.8321,78750.0,0.8323,9665.0,0.8324,37706.0
1753591960166,04:52:40.166,binance,ADA/USDT:USDT,0.8322,82344.0,0.8321,78750.0,0.8323,9665.0,0.8324,37706.0
1753591960280,04:52:40.280,binance,ADA/USDT:USDT,0.8322,82344.0,0.8321,78750.0,0.8323,9672.0,0.8324,37706.0
1753591960384,04:52:40.384,binance,ADA/USDT:USDT,0.8322,78186.0,0.8321,78171.0,0.8323,18927.0,0.8324,37706.0
1753591960490,04:52:40.490,binance,ADA/USDT:USDT,0.8322,75445.0,0.8321,76982.0,0.8323,18927.0,0.8324,37706.0
1753591960602,04:52:40.602,binance,ADA/USDT:USDT,0.8322,75768.0,0.8321,76982.0,0.8323,19009.0,0.8324,38303.0
1753591960730,04:52:40.730,binance,ADA/USDT:USDT,0.8322,75778.0,0.8321,76975.0,0.8323,19242.0,0.8324,47246.0
1753591960834,04:52:40.834,binance,ADA/USDT:USDT,0.8322,75778.0,0.8321,76975.0,0.8323,19002.0,0.8324,37706.0
1753591961119,04:52:41.119,binance,ADA/USDT:USDT,0.8322,70801.0,0.8321,76975.0,0.8323,19242.0,0.8324,37706.0
1753591961222,04:52:41.222,binance,ADA/USDT:USDT,0.8322,49513.0,0.8321,79877.0,0.8323,35604.0,0.8324,52068.0
1753591961325,04:52:41.325,binance,ADA/USDT:USDT,0.8322,17751.0,0.8321,74973.0,0.8323,41591.0,0.8324,77622.0
1753591961452,04:52:41.452,binance,ADA/USDT:USDT,0.8322,17751.0,0.8321,68292.0,0.8323,41591.0,0.8324,77622.0
1753591961553,04:52:41.553,binance,ADA/USDT:USDT,0.8322,2683.0,0.8321,40945.0,0.8323,57495.0,0.8324,78202.0
1753591961657,04:52:41.657,binance,ADA/USDT:USDT,0.8322,12216.0,0.8321,40620.0,0.8323,60686.0,0.8324,81516.0
1753591961758,04:52:41.758,binance,ADA/USDT:USDT,0.8322,12405.0,0.8321,40451.0,0.8323,60686.0,0.8324,68726.0
1753591961860,04:52:41.860,binance,ADA/USDT:USDT,0.8322,27536.0,0.8321,40369.0,0.8323,46686.0,0.8324,68145.0
1753591961975,04:52:41.975,binance,ADA/USDT:USDT,0.8322,41352.0,0.8321,40975.0,0.8323,40576.0,0.8324,52204.0
1753591962079,04:52:42.079,binance,ADA/USDT:USDT,0.8322,41352.0,0.8321,55072.0,0.8323,40576.0,0.8324,68319.0
1753591962206,04:52:42.206,binance,ADA/USDT:USDT,0.8322,41352.0,0.8321,55072.0,0.8323,40576.0,0.8324,68319.0
1753591962333,04:52:42.333,binance,ADA/USDT:USDT,0.8322,43334.0,0.8321,54317.0,0.8323,39776.0,0.8324,69119.0
1753591962439,04:52:42.439,binance,ADA/USDT:USDT,0.8322,43508.0,0.8321,54901.0,0.8323,39376.0,0.8324,53404.0
1753591962582,04:52:42.582,binance,ADA/USDT:USDT,0.8322,41526.0,0.8321,54901.0,0.8323,39136.0,0.8324,53404.0
1753591962685,04:52:42.685,binance,ADA/USDT:USDT,0.8322,41526.0,0.8321,54317.0,0.8323,39136.0,0.8324,53404.0
1753591962797,04:52:42.797,binance,ADA/USDT:USDT,0.8322,41526.0,0.8321,54317.0,0.8323,39757.0,0.8324,53519.0
1753591962921,04:52:42.921,binance,ADA/USDT:USDT,0.8322,37045.0,0.8321,54466.0,0.8323,46588.0,0.8324,71554.0
1753591963052,04:52:43.052,binance,ADA/USDT:USDT,0.8322,37045.0,0.8321,54466.0,0.8323,41371.0,0.8324,70970.0
1753591963153,04:52:43.153,binance,ADA/USDT:USDT,0.8322,37045.0,0.8321,54466.0,0.8323,41371.0,0.8324,70970.0
1753591963254,04:52:43.254,binance,ADA/USDT:USDT,0.8322,42559.0,0.8321,54292.0,0.8323,41176.0,0.8324,71119.0
1753591963360,04:52:43.360,binance,ADA/USDT:USDT,0.8322,42559.0,0.8321,54317.0,0.8323,39976.0,0.8324,72319.0
1753591963462,04:52:43.462,binance,ADA/USDT:USDT,0.8322,42988.0,0.8321,54317.0,0.8323,31456.0,0.8324,53519.0
1753591963565,04:52:43.565,binance,ADA/USDT:USDT,0.8322,42614.0,0.8321,55804.0,0.8323,19668.0,0.8324,52939.0
1753591963674,04:52:43.674,binance,ADA/USDT:USDT,0.8322,44261.0,0.8321,55804.0,0.8323,10461.0,0.8324,68939.0
1753591963777,04:52:43.777,binance,ADA/USDT:USDT,0.8322,44261.0,0.8321,55804.0,0.8323,10701.0,0.8324,52939.0
1753591963898,04:52:43.898,binance,ADA/USDT:USDT,0.8322,39954.0,0.8321,55116.0,0.8323,10701.0,0.8324,52939.0
1753591964104,04:52:44.104,binance,ADA/USDT:USDT,0.8322,39954.0,0.8321,55702.0,0.8323,19908.0,0.8324,52939.0
1753591964210,04:52:44.210,binance,ADA/USDT:USDT,0.8322,38826.0,0.8321,55091.0,0.8323,30670.0,0.8324,52964.0
1753591964319,04:52:44.319,binance,ADA/USDT:USDT,0.8322,43310.0,0.8321,57175.0,0.8323,10708.0,0.8324,52939.0
1753591964456,04:52:44.456,binance,ADA/USDT:USDT,0.8322,43310.0,0.8321,57175.0,0.8323,10708.0,0.8324,52939.0
1753591964558,04:52:44.558,binance,ADA/USDT:USDT,0.8322,43310.0,0.8321,59578.0,0.8323,10468.0,0.8324,52939.0
1753591964661,04:52:44.661,binance,ADA/USDT:USDT,0.8322,43310.0,0.8321,59578.0,0.8323,10468.0,0.8324,52939.0
1753591964767,04:52:44.767,binance,ADA/USDT:USDT,0.8322,43102.0,0.8321,62378.0,0.8323,10500.0,0.8324,52939.0
1753591964884,04:52:44.884,binance,ADA/USDT:USDT,0.8322,43587.0,0.8321,65178.0,0.8323,10261.0,0.8324,52939.0
1753591965002,04:52:45.002,binance,ADA/USDT:USDT,0.8322,43587.0,0.8321,65178.0,0.8323,10261.0,0.8324,52824.0
1753591965131,04:52:45.131,binance,ADA/USDT:USDT,0.8322,43418.0,0.8321,65178.0,0.8323,10092.0,0.8324,52939.0
1753591965240,04:52:45.240,binance,ADA/USDT:USDT,0.8322,60888.0,0.8321,65178.0,0.8323,2279.0,0.8324,44516.0
1753591965352,04:52:45.352,binance,ADA/USDT:USDT,0.8322,61007.0,0.8321,67885.0,0.8323,2279.0,0.8324,43634.0
1753591965455,04:52:45.455,binance,ADA/USDT:USDT,0.8322,61859.0,0.8321,70848.0,0.8323,2279.0,0.8324,43634.0
1753591965600,04:52:45.600,binance,ADA/USDT:USDT,0.8322,61821.0,0.8321,74213.0,0.8323,2278.0,0.8324,43452.0
1753591965704,04:52:45.704,binance,ADA/USDT:USDT,0.8322,61821.0,0.8321,74213.0,0.8323,2278.0,0.8324,43452.0
1753591965812,04:52:45.812,binance,ADA/USDT:USDT,0.8322,61821.0,0.8321,74213.0,0.8323,2278.0,0.8324,42252.0
1753591965914,04:52:45.914,binance,ADA/USDT:USDT,0.8322,61821.0,0.8321,80490.0,0.8323,2278.0,0.8324,43452.0
1753591966028,04:52:46.028,binance,ADA/USDT:USDT,0.8322,61821.0,0.8321,81007.0,0.8323,2278.0,0.8324,43452.0
1753591966136,04:52:46.136,binance,ADA/USDT:USDT,0.8322,61821.0,0.8321,81247.0,0.8323,2278.0,0.8324,43452.0
1753591966273,04:52:46.273,binance,ADA/USDT:USDT,0.8322,61782.0,0.8321,81247.0,0.8323,2260.0,0.8324,43452.0
1753591966379,04:52:46.379,binance,ADA/USDT:USDT,0.8322,61782.0,0.8321,81247.0,0.8323,2308.0,0.8324,43452.0
1753591966502,04:52:46.502,binance,ADA/USDT:USDT,0.8322,61781.0,0.8321,81463.0,0.8323,2308.0,0.8324,43452.0
1753591966605,04:52:46.605,binance,ADA/USDT:USDT,0.8322,52345.0,0.8321,79961.0,0.8323,2593.0,0.8324,43477.0
1753591966719,04:52:46.719,binance,ADA/USDT:USDT,0.8322,61694.0,0.8321,81341.0,0.8323,2593.0,0.8324,43452.0
1753591966842,04:52:46.842,binance,ADA/USDT:USDT,0.8323,66619.0,0.8322,76838.0,0.8324,39413.0,0.8325,111458.0
1753591966945,04:52:46.945,binance,ADA/USDT:USDT,0.8323,60375.0,0.8322,65781.0,0.8324,39340.0,0.8325,111466.0
1753591967133,04:52:47.133,binance,ADA/USDT:USDT,0.8323,60350.0,0.8322,65781.0,0.8324,39340.0,0.8325,111466.0
1753591967256,04:52:47.256,binance,ADA/USDT:USDT,0.8323,60851.0,0.8322,65296.0,0.8324,39340.0,0.8325,111466.0
1753591967401,04:52:47.401,binance,ADA/USDT:USDT,0.8323,60876.0,0.8322,65296.0,0.8324,39340.0,0.8325,111466.0
1753591967606,04:52:47.606,binance,ADA/USDT:USDT,0.8323,44976.0,0.8322,64590.0,0.8324,39514.0,0.8325,111926.0
1753591967710,04:52:47.710,binance,ADA/USDT:USDT,0.8323,44965.0,0.8322,59525.0,0.8324,39514.0,0.8325,111926.0
1753591967814,04:52:47.814,binance,ADA/USDT:USDT,0.8323,44965.0,0.8322,60116.0,0.8324,35396.0,0.8325,111926.0
1753591967938,04:52:47.938,binance,ADA/USDT:USDT,0.8323,49213.0,0.8322,60123.0,0.8324,35222.0,0.8325,112100.0
1753591968040,04:52:48.040,binance,ADA/USDT:USDT,0.8323,43465.0,0.8322,60148.0,0.8324,35222.0,0.8325,111218.0
1753591968154,04:52:48.154,binance,ADA/USDT:USDT,0.8323,52869.0,0.8322,59974.0,0.8324,34022.0,0.8325,86212.0
1753591968269,04:52:48.269,binance,ADA/USDT:USDT,0.8323,53300.0,0.8322,59545.0,0.8324,33904.0,0.8325,85642.0
1753591968381,04:52:48.381,binance,ADA/USDT:USDT,0.8323,48239.0,0.8322,59545.0,0.8324,33904.0,0.8325,86159.0
1753591968483,04:52:48.483,binance,ADA/USDT:USDT,0.8324,59899.0,0.8323,43423.0,0.8325,41109.0,0.8326,93909.0
1753591968585,04:52:48.585,binance,ADA/USDT:USDT,0.8324,42555.0,0.8323,43597.0,0.8325,37996.0,0.8326,60210.0
1753591968688,04:52:48.688,binance,ADA/USDT:USDT,0.8324,42555.0,0.8323,43597.0,0.8325,46778.0,0.8326,85350.0
1753591968789,04:52:48.789,binance,ADA/USDT:USDT,0.8324,42530.0,0.8323,38574.0,0.8325,46596.0,0.8326,69417.0
1753591968908,04:52:48.908,binance,ADA/USDT:USDT,0.8324,56475.0,0.8323,43050.0,0.8325,37050.0,0.8326,66451.0
1753591969010,04:52:49.010,binance,ADA/USDT:USDT,0.8324,48733.0,0.8323,43050.0,0.8325,24458.0,0.8326,74021.0
1753591969222,04:52:49.222,binance,ADA/USDT:USDT,0.8324,58537.0,0.8323,43050.0,0.8325,24458.0,0.8326,74085.0
1753591969323,04:52:49.323,binance,ADA/USDT:USDT,0.8324,60380.0,0.8323,43050.0,0.8325,15251.0,0.8326,74085.0
1753591969429,04:52:49.429,binance,ADA/USDT:USDT,0.8324,60388.0,0.8323,43050.0,0.8325,15251.0,0.8326,74085.0
1753591969546,04:52:49.546,binance,ADA/USDT:USDT,0.8324,51162.0,0.8323,45850.0,0.8325,24829.0,0.8326,73845.0
1753591969660,04:52:49.660,binance,ADA/USDT:USDT,0.8324,50367.0,0.8323,45999.0,0.8325,35831.0,0.8326,73845.0
1753591969762,04:52:49.762,binance,ADA/USDT:USDT,0.8324,59533.0,0.8323,59059.0,0.8325,29270.0,0.8326,73845.0
1753591969865,04:52:49.865,binance,ADA/USDT:USDT,0.8324,59533.0,0.8323,59084.0,0.8325,34350.0,0.8326,73845.0
1753591969966,04:52:49.966,binance,ADA/USDT:USDT,0.8324,49929.0,0.8323,59084.0,0.8325,34274.0,0.8326,74085.0
1753591970120,04:52:50.120,binance,ADA/USDT:USDT,0.8324,50067.0,0.8323,59324.0,0.8325,34274.0,0.8326,74094.0
1753591970235,04:52:50.235,binance,ADA/USDT:USDT,0.8324,53997.0,0.8323,59299.0,0.8325,34274.0,0.8326,74094.0
1753591970338,04:52:50.338,binance,ADA/USDT:USDT,0.8324,54308.0,0.8323,59279.0,0.8325,34274.0,0.8326,74094.0
1753591970443,04:52:50.443,binance,ADA/USDT:USDT,0.8324,55083.0,0.8323,59211.0,0.8325,34549.0,0.8326,74094.0
1753591970545,04:52:50.545,binance,ADA/USDT:USDT,0.8324,59467.0,0.8323,59211.0,0.8325,14580.0,0.8326,74402.0
1753591970701,04:52:50.701,binance,ADA/USDT:USDT,0.8324,59467.0,0.8323,59211.0,0.8325,14108.0,0.8326,74402.0
1753591970805,04:52:50.805,binance,ADA/USDT:USDT,0.8324,46904.0,0.8323,59360.0,0.8325,42866.0,0.8326,74253.0
1753591970909,04:52:50.909,binance,ADA/USDT:USDT,0.8324,46904.0,0.8323,59186.0,0.8325,34077.0,0.8326,73885.0
1753591971027,04:52:51.027,binance,ADA/USDT:USDT,0.8324,46904.0,0.8323,59186.0,0.8325,34077.0,0.8326,74402.0
1753591971131,04:52:51.131,binance,ADA/USDT:USDT,0.8324,47202.0,0.8323,59360.0,0.8325,38181.0,0.8326,74228.0
1753591971242,04:52:51.242,binance,ADA/USDT:USDT,0.8324,47524.0,0.8323,59039.0,0.8325,34078.0,0.8326,73885.0
1753591971346,04:52:51.346,binance,ADA/USDT:USDT,0.8324,47523.0,0.8323,58865.0,0.8325,34428.0,0.8326,74402.0
1753591971447,04:52:51.447,binance,ADA/USDT:USDT,0.8324,51453.0,0.8323,59064.0,0.8325,34347.0,0.8326,74402.0
1753591971552,04:52:51.552,binance,ADA/USDT:USDT,0.8324,51453.0,0.8323,59064.0,0.8325,34347.0,0.8326,74162.0
1753591971698,04:52:51.698,binance,ADA/USDT:USDT,0.8324,56137.0,0.8323,58890.0,0.8325,34346.0,0.8326,74162.0
1753591971801,04:52:51.801,binance,ADA/USDT:USDT,0.8324,47530.0,0.8323,59064.0,0.8325,34346.0,0.8326,74402.0
1753591971909,04:52:51.909,binance,ADA/USDT:USDT,0.8324,51412.0,0.8323,59064.0,0.8325,34346.0,0.8326,74402.0
1753591972013,04:52:52.013,binance,ADA/USDT:USDT,0.8324,56064.0,0.8323,58890.0,0.8325,34346.0,0.8326,74402.0
1753591972117,04:52:52.117,binance,ADA/USDT:USDT,0.8324,60692.0,0.8323,60490.0,0.8325,14377.0,0.8326,74402.0
1753591972221,04:52:52.221,binance,ADA/USDT:USDT,0.8324,60577.0,0.8323,60490.0,0.8325,14377.0,0.8326,69497.0
1753591972335,04:52:52.335,binance,ADA/USDT:USDT,0.8324,60493.0,0.8323,60490.0,0.8325,14377.0,0.8326,69497.0
1753591972455,04:52:52.455,binance,ADA/USDT:USDT,0.8324,51941.0,0.8323,60490.0,0.8325,23585.0,0.8326,69497.0
1753591972559,04:52:52.559,binance,ADA/USDT:USDT,0.8324,56618.0,0.8323,60250.0,0.8325,14759.0,0.8326,69257.0
1753591972666,04:52:52.666,binance,ADA/USDT:USDT,0.8324,51941.0,0.8323,60250.0,0.8325,14779.0,0.8326,69257.0
1753591973017,04:52:53.017,binance,ADA/USDT:USDT,0.8325,73331.0,0.8324,80873.0,0.8326,36394.0,0.8327,60474.0
1753591973120,04:52:53.120,binance,ADA/USDT:USDT,0.8326,14376.0,0.8325,87555.0,0.8327,49858.0,0.8328,100232.0
1753591973221,04:52:53.221,binance,ADA/USDT:USDT,0.8325,24693.0,0.8324,74352.0,0.8326,48110.0,0.8327,65550.0
1753591973323,04:52:53.323,binance,ADA/USDT:USDT,0.8325,38900.0,0.8324,67071.0,0.8326,43496.0,0.8327,73886.0
1753591973425,04:52:53.425,binance,ADA/USDT:USDT,0.8325,38900.0,0.8324,72024.0,0.8326,43496.0,0.8327,64871.0
1753591973530,04:52:53.530,binance,ADA/USDT:USDT,0.8325,20829.0,0.8324,72256.0,0.8326,50061.0,0.8327,79740.0
1753591973631,04:52:53.631,binance,ADA/USDT:USDT,0.8325,40099.0,0.8324,72851.0,0.8326,38782.0,0.8327,77703.0
1753591973734,04:52:53.734,binance,ADA/USDT:USDT,0.8325,40285.0,0.8324,72677.0,0.8326,38783.0,0.8327,77703.0
1753591973852,04:52:53.852,binance,ADA/USDT:USDT,0.8325,45791.0,0.8324,72495.0,0.8326,4298.0,0.8327,46501.0
1753591973970,04:52:53.970,binance,ADA/USDT:USDT,0.8325,45791.0,0.8324,72495.0,0.8326,4318.0,0.8327,46501.0
1753591974092,04:52:54.092,binance,ADA/USDT:USDT,0.8326,69506.0,0.8325,59773.0,0.8327,43750.0,0.8328,102079.0
1753591974194,04:52:54.194,binance,ADA/USDT:USDT,0.8326,53519.0,0.8325,58998.0,0.8327,40348.0,0.8328,97283.0
1753591974296,04:52:54.296,binance,ADA/USDT:USDT,0.8326,68588.0,0.8325,59620.0,0.8327,30641.0,0.8328,96483.0
1753591974397,04:52:54.397,binance,ADA/USDT:USDT,0.8326,64837.0,0.8325,59088.0,0.8327,31327.0,0.8328,97771.0
1753591974715,04:52:54.715,binance,ADA/USDT:USDT,0.8326,64837.0,0.8325,52790.0,0.8327,31334.0,0.8328,97531.0
1753591974838,04:52:54.838,binance,ADA/USDT:USDT,0.8326,64826.0,0.8325,52790.0,0.8327,31334.0,0.8328,97556.0
1753591974944,04:52:54.944,binance,ADA/USDT:USDT,0.8326,64652.0,0.8325,53617.0,0.8327,35642.0,0.8328,97556.0
1753591975045,04:52:55.045,binance,ADA/USDT:USDT,0.8326,64826.0,0.8325,53649.0,0.8327,31335.0,0.8328,81135.0
1753591975370,04:52:55.370,binance,ADA/USDT:USDT,0.8326,71117.0,0.8325,52741.0,0.8327,31344.0,0.8328,81138.0
1753591975480,04:52:55.480,binance,ADA/USDT:USDT,0.8326,71117.0,0.8325,52741.0,0.8327,31344.0,0.8328,81138.0
1753591975806,04:52:55.806,binance,ADA/USDT:USDT,0.8326,2792.0,0.8325,40743.0,0.8327,57274.0,0.8328,110320.0
1753591975910,04:52:55.910,binance,ADA/USDT:USDT,0.8326,2792.0,0.8325,40743.0,0.8327,57274.0,0.8328,110837.0
1753591976025,04:52:56.025,binance,ADA/USDT:USDT,0.8326,4045.0,0.8325,40743.0,0.8327,57274.0,0.8328,111224.0
1753591976129,04:52:56.129,binance,ADA/USDT:USDT,0.8325,33947.0,0.8324,73947.0,0.8326,40347.0,0.8327,80794.0
1753591976234,04:52:56.234,binance,ADA/USDT:USDT,0.8325,33967.0,0.8324,73955.0,0.8326,39987.0,0.8327,82193.0
1753591976358,04:52:56.358,binance,ADA/USDT:USDT,0.8325,24213.0,0.8324,73955.0,0.8326,39986.0,0.8327,82193.0
1753591976510,04:52:56.510,binance,ADA/USDT:USDT,0.8325,24213.0,0.8324,73715.0,0.8326,39986.0,0.8327,82193.0
1753591976613,04:52:56.613,binance,ADA/USDT:USDT,0.8325,24213.0,0.8324,73715.0,0.8326,40106.0,0.8327,82272.0
1753591976716,04:52:56.716,binance,ADA/USDT:USDT,0.8325,39074.0,0.8324,74545.0,0.8326,39932.0,0.8327,72283.0
1753591976819,04:52:56.819,binance,ADA/USDT:USDT,0.8325,39074.0,0.8324,74570.0,0.8326,39932.0,0.8327,72258.0
1753591976927,04:52:56.927,binance,ADA/USDT:USDT,0.8325,39074.0,0.8324,74570.0,0.8326,39932.0,0.8327,72258.0
1753591977040,04:52:57.040,binance,ADA/USDT:USDT,0.8325,39074.0,0.8324,74545.0,0.8326,39932.0,0.8327,75861.0
1753591977145,04:52:57.145,binance,ADA/USDT:USDT,0.8325,47155.0,0.8324,74371.0,0.8326,39907.0,0.8327,67689.0
1753591977248,04:52:57.248,binance,ADA/USDT:USDT,0.8325,42675.0,0.8324,74545.0,0.8326,39948.0,0.8327,71695.0
1753591977350,04:52:57.350,binance,ADA/USDT:USDT,0.8325,42703.0,0.8324,73948.0,0.8326,39948.0,0.8327,71695.0
1753591977461,04:52:57.461,binance,ADA/USDT:USDT,0.8325,47287.0,0.8324,74393.0,0.8326,34333.0,0.8327,57506.0
1753591977567,04:52:57.567,binance,ADA/USDT:USDT,0.8325,53958.0,0.8324,74143.0,0.8326,34213.0,0.8327,57506.0
1753591977674,04:52:57.674,binance,ADA/USDT:USDT,0.8325,53958.0,0.8324,74143.0,0.8326,34213.0,0.8327,57506.0
1753591977781,04:52:57.781,binance,ADA/USDT:USDT,0.8325,47113.0,0.8324,74557.0,0.8326,34179.0,0.8327,57506.0
1753591977898,04:52:57.898,binance,ADA/USDT:USDT,0.8325,47113.0,0.8324,74557.0,0.8326,34179.0,0.8327,57506.0
1753591978037,04:52:58.037,binance,ADA/USDT:USDT,0.8325,53983.0,0.8324,74383.0,0.8326,34179.0,0.8327,56820.0
1753591978158,04:52:58.158,binance,ADA/USDT:USDT,0.8325,53983.0,0.8324,89019.0,0.8326,2092.0,0.8327,49234.0
1753591978261,04:52:58.261,binance,ADA/USDT:USDT,0.8325,54474.0,0.8324,94221.0,0.8326,2339.0,0.8327,49234.0
1753591978368,04:52:58.368,binance,ADA/USDT:USDT,0.8325,54915.0,0.8324,95836.0,0.8326,2339.0,0.8327,47949.0
1753591978479,04:52:58.479,binance,ADA/USDT:USDT,0.8325,54924.0,0.8324,102454.0,0.8326,2449.0,0.8327,54112.0
1753591978605,04:52:58.605,binance,ADA/USDT:USDT,0.8325,48228.0,0.8324,102214.0,0.8326,2581.0,0.8327,53872.0
1753591978710,04:52:58.710,binance,ADA/USDT:USDT,0.8325,48228.0,0.8324,102334.0,0.8326,2581.0,0.8327,53872.0
1753591978815,04:52:58.815,binance,ADA/USDT:USDT,0.8325,48228.0,0.8324,102334.0,0.8326,2581.0,0.8327,54112.0
1753591978918,04:52:58.918,binance,ADA/USDT:USDT,0.8325,48228.0,0.8324,102334.0,0.8326,2581.0,0.8327,54112.0
1753591979030,04:52:59.030,binance,ADA/USDT:USDT,0.8326,40634.0,0.8325,58196.0,0.8327,48281.0,0.8328,62150.0
1753591979135,04:52:59.135,binance,ADA/USDT:USDT,0.8326,40605.0,0.8325,49996.0,0.8327,40392.0,0.8328,70698.0
1753591979239,04:52:59.239,binance,ADA/USDT:USDT,0.8326,40605.0,0.8325,50021.0,0.8327,36789.0,0.8328,74301.0
1753591979350,04:52:59.350,binance,ADA/USDT:USDT,0.8326,14032.0,0.8325,48956.0,0.8327,38054.0,0.8328,83324.0
1753591979451,04:52:59.451,binance,ADA/USDT:USDT,0.8326,37096.0,0.8325,40399.0,0.8327,36595.0,0.8328,73784.0
1753591979572,04:52:59.572,binance,ADA/USDT:USDT,0.8326,41342.0,0.8325,49022.0,0.8327,36583.0,0.8328,74872.0
1753591979673,04:52:59.673,binance,ADA/USDT:USDT,0.8326,57257.0,0.8325,63653.0,0.8327,16440.0,0.8328,64160.0
1753591979777,04:52:59.777,binance,ADA/USDT:USDT,0.8326,58092.0,0.8325,64854.0,0.8327,25647.0,0.8328,63883.0
1753591979898,04:52:59.898,binance,ADA/USDT:USDT,0.8326,50992.0,0.8325,64879.0,0.8327,25647.0,0.8328,64400.0
1753591980020,04:53:00.020,binance,ADA/USDT:USDT,0.8326,46362.0,0.8325,64854.0,0.8327,25647.0,0.8328,65200.0
1753591980124,04:53:00.124,binance,ADA/USDT:USDT,0.8326,29517.0,0.8325,63918.0,0.8327,36549.0,0.8328,65035.0
1753591980226,04:53:00.226,binance,ADA/USDT:USDT,0.8328,43264.0,0.8327,128258.0,0.8329,21176.0,0.833,74774.0
1753591980327,04:53:00.327,binance,ADA/USDT:USDT,0.8328,48054.0,0.8327,119728.0,0.8329,12123.0,0.833,71658.0
1753591980430,04:53:00.430,binance,ADA/USDT:USDT,0.8328,60601.0,0.8327,119013.0,0.8329,12055.0,0.833,63312.0
1753591980531,04:53:00.531,binance,ADA/USDT:USDT,0.8328,60601.0,0.8327,119013.0,0.8329,12054.0,0.833,63312.0
1753591980635,04:53:00.635,binance,ADA/USDT:USDT,0.8328,49285.0,0.8327,118988.0,0.8329,14080.0,0.833,63561.0
1753591980736,04:53:00.736,binance,ADA/USDT:USDT,0.8328,48864.0,0.8327,118988.0,0.8329,24849.0,0.833,63561.0
1753591980842,04:53:00.842,binance,ADA/USDT:USDT,0.8328,53171.0,0.8327,119253.0,0.8329,24849.0,0.833,63561.0
1753591980952,04:53:00.952,binance,ADA/USDT:USDT,0.8328,48864.0,0.8327,119228.0,0.8329,14087.0,0.833,63561.0
1753591981056,04:53:01.056,binance,ADA/USDT:USDT,0.8328,48864.0,0.8327,119228.0,0.8329,14088.0,0.833,63561.0
1753591981160,04:53:01.160,binance,ADA/USDT:USDT,0.8328,48871.0,0.8327,119228.0,0.8329,14088.0,0.833,63561.0
1753591981363,04:53:01.363,binance,ADA/USDT:USDT,0.8328,48878.0,0.8327,119236.0,0.8329,8234.0,0.833,63561.0
1753591981470,04:53:01.470,binance,ADA/USDT:USDT,0.8328,48862.0,0.8327,122838.0,0.8329,8234.0,0.833,63561.0
1753591981572,04:53:01.572,binance,ADA/USDT:USDT,0.8328,49063.0,0.8327,122838.0,0.8329,8612.0,0.833,63561.0
1753591981676,04:53:01.676,binance,ADA/USDT:USDT,0.8328,54091.0,0.8327,122838.0,0.8329,8612.0,0.833,63561.0
1753591981786,04:53:01.786,binance,ADA/USDT:USDT,0.8328,32654.0,0.8327,122838.0,0.8329,37043.0,0.833,72109.0
1753591981895,04:53:01.895,binance,ADA/USDT:USDT,0.8328,32669.0,0.8327,122838.0,0.8329,25328.0,0.833,72283.0
1753591982001,04:53:02.001,binance,ADA/USDT:USDT,0.8328,36883.0,0.8327,122838.0,0.8329,8697.0,0.833,72283.0
1753591982103,04:53:02.103,binance,ADA/USDT:USDT,0.8328,62542.0,0.8327,122838.0,0.8329,10762.0,0.833,63561.0
1753591982207,04:53:02.207,binance,ADA/USDT:USDT,0.8328,67182.0,0.8327,124445.0,0.8329,42.0,0.833,63603.0
1753591982329,04:53:02.329,binance,ADA/USDT:USDT,0.8328,67182.0,0.8327,124445.0,0.8329,42.0,0.833,63603.0
1753591982435,04:53:02.435,binance,ADA/USDT:USDT,0.8329,50899.0,0.8328,89153.0,0.833,40968.0,0.8331,77783.0
1753591982537,04:53:02.537,binance,ADA/USDT:USDT,0.8329,46612.0,0.8328,89178.0,0.833,41046.0,0.8331,77560.0
1753591982640,04:53:02.640,binance,ADA/USDT:USDT,0.8329,46612.0,0.8328,89178.0,0.833,30110.0,0.8331,77916.0
1753591982741,04:53:02.741,binance,ADA/USDT:USDT,0.8329,46612.0,0.8328,89178.0,0.833,34657.0,0.8331,77750.0
1753591982843,04:53:02.843,binance,ADA/USDT:USDT,0.8329,46612.0,0.8328,89153.0,0.833,45593.0,0.8331,77775.0
1753591982945,04:53:02.945,binance,ADA/USDT:USDT,0.8329,46612.0,0.8328,89153.0,0.833,45953.0,0.8331,77775.0
1753591983050,04:53:03.050,binance,ADA/USDT:USDT,0.8329,46061.0,0.8328,89335.0,0.833,42162.0,0.8331,77775.0
1753591983153,04:53:03.153,binance,ADA/USDT:USDT,0.8329,46159.0,0.8328,89258.0,0.833,40879.0,0.8331,77775.0
1753591983257,04:53:03.257,binance,ADA/USDT:USDT,0.8329,50581.0,0.8328,89186.0,0.833,40879.0,0.8331,77750.0
1753591983358,04:53:03.358,binance,ADA/USDT:USDT,0.8329,46806.0,0.8328,88812.0,0.833,40879.0,0.8331,77750.0
1753591983460,04:53:03.460,binance,ADA/USDT:USDT,0.8328,23202.0,0.8327,130020.0,0.8329,82992.0,0.833,65393.0
1753591983562,04:53:03.562,binance,ADA/USDT:USDT,0.8328,11600.0,0.8327,91525.0,0.8329,91531.0,0.833,65986.0
1753591983680,04:53:03.680,binance,ADA/USDT:USDT,0.8328,11588.0,0.8327,91525.0,0.8329,87223.0,0.833,65624.0
1753591983784,04:53:03.784,binance,ADA/USDT:USDT,0.8328,11588.0,0.8327,91525.0,0.8329,87256.0,0.833,65649.0
1753591983908,04:53:03.908,binance,ADA/USDT:USDT,0.8328,11588.0,0.8327,91525.0,0.8329,81424.0,0.833,65649.0
1753591984010,04:53:04.010,binance,ADA/USDT:USDT,0.8328,11588.0,0.8327,82813.0,0.8329,81424.0,0.833,65649.0
1753591984112,04:53:04.112,binance,ADA/USDT:USDT,0.8327,49657.0,0.8326,102052.0,0.8328,42854.0,0.8329,93807.0
1753591984213,04:53:04.213,binance,ADA/USDT:USDT,0.8327,36389.0,0.8326,93139.0,0.8328,41081.0,0.8329,122692.0
1753591984314,04:53:04.314,binance,ADA/USDT:USDT,0.8327,36389.0,0.8326,91652.0,0.8328,41079.0,0.8329,123892.0
1753591984415,04:53:04.415,binance,ADA/USDT:USDT,0.8327,36414.0,0.8326,91652.0,0.8328,41090.0,0.8329,124119.0
1753591984621,04:53:04.621,binance,ADA/USDT:USDT,0.8327,36414.0,0.8326,72536.0,0.8328,42485.0,0.8329,114879.0
1753591984723,04:53:04.723,binance,ADA/USDT:USDT,0.8327,36423.0,0.8326,72537.0,0.8328,42485.0,0.8329,115053.0
1753591984826,04:53:04.826,binance,ADA/USDT:USDT,0.8327,36423.0,0.8326,72363.0,0.8328,42519.0,0.8329,115053.0
1753591984927,04:53:04.927,binance,ADA/USDT:USDT,0.8327,36470.0,0.8326,72613.0,0.8328,31308.0,0.8329,115053.0
1753591985037,04:53:05.037,binance,ADA/USDT:USDT,0.8327,36857.0,0.8326,72613.0,0.8328,31283.0,0.8329,115053.0
1753591985145,04:53:05.145,binance,ADA/USDT:USDT,0.8327,52092.0,0.8326,72638.0,0.8328,31283.0,0.8329,115053.0
1753591985246,04:53:05.246,binance,ADA/USDT:USDT,0.8327,15401.0,0.8326,72572.0,0.8328,31519.0,0.8329,115486.0
1753591985359,04:53:05.359,binance,ADA/USDT:USDT,0.8327,26163.0,0.8326,72373.0,0.8328,31311.0,0.8329,115660.0
1753591985471,04:53:05.471,binance,ADA/USDT:USDT,0.8327,30471.0,0.8326,72373.0,0.8328,31294.0,0.8329,115660.0
1753591985585,04:53:05.585,binance,ADA/USDT:USDT,0.8327,30496.0,0.8326,72398.0,0.8328,31285.0,0.8329,115660.0
1753591985695,04:53:05.695,binance,ADA/USDT:USDT,0.8327,30496.0,0.8326,72638.0,0.8328,31285.0,0.8329,115660.0
1753591985802,04:53:05.802,binance,ADA/USDT:USDT,0.8327,15407.0,0.8326,72547.0,0.8328,39191.0,0.8329,126804.0
1753591985907,04:53:05.907,binance,ADA/USDT:USDT,0.8327,15407.0,0.8326,72547.0,0.8328,31416.0,0.8329,126232.0
1753591986010,04:53:06.010,binance,ADA/USDT:USDT,0.8327,5064.0,0.8326,35503.0,0.8328,50632.0,0.8329,125544.0
1753591986111,04:53:06.111,binance,ADA/USDT:USDT,0.8327,14271.0,0.8326,35503.0,0.8328,44243.0,0.8329,125544.0
1753591986213,04:53:06.213,binance,ADA/USDT:USDT,0.8327,951.0,0.8326,35503.0,0.8328,51912.0,0.8329,125544.0
1753591986318,04:53:06.318,binance,ADA/USDT:USDT,0.8327,10178.0,0.8326,35511.0,0.8328,52094.0,0.8329,128344.0
1753591986421,04:53:06.421,binance,ADA/USDT:USDT,0.8327,971.0,0.8326,35511.0,0.8328,78173.0,0.8329,137172.0
1753591986523,04:53:06.523,binance,ADA/USDT:USDT,0.8326,15478.0,0.8325,62066.0,0.8327,55555.0,0.8328,91966.0
1753591986625,04:53:06.625,binance,ADA/USDT:USDT,0.8326,11875.0,0.8325,49635.0,0.8327,56749.0,0.8328,97057.0
1753591986728,04:53:06.728,binance,ADA/USDT:USDT,0.8326,17096.0,0.8325,48633.0,0.8327,56749.0,0.8328,97089.0
1753591986850,04:53:06.850,binance,ADA/USDT:USDT,0.8325,32215.0,0.8324,101283.0,0.8326,39938.0,0.8327,59233.0
1753591986951,04:53:06.951,binance,ADA/USDT:USDT,0.8325,14055.0,0.8324,68654.0,0.8326,63175.0,0.8327,76265.0
1753591987053,04:53:07.053,binance,ADA/USDT:USDT,0.8325,3322.0,0.8324,68654.0,0.8326,63175.0,0.8327,74717.0
1753591987154,04:53:07.154,binance,ADA/USDT:USDT,0.8325,3322.0,0.8324,68654.0,0.8326,63175.0,0.8327,74717.0
1753591987259,04:53:07.259,binance,ADA/USDT:USDT,0.8324,41143.0,0.8323,69017.0,0.8325,50833.0,0.8326,47045.0
1753591987361,04:53:07.361,binance,ADA/USDT:USDT,0.8324,45151.0,0.8323,76480.0,0.8325,26628.0,0.8326,45617.0
1753591987463,04:53:07.463,binance,ADA/USDT:USDT,0.8324,54360.0,0.8323,79240.0,0.8325,12937.0,0.8326,36893.0
1753591987568,04:53:07.568,binance,ADA/USDT:USDT,0.8324,50812.0,0.8323,95426.0,0.8325,3837.0,0.8326,36893.0
1753591987669,04:53:07.669,binance,ADA/USDT:USDT,0.8324,54712.0,0.8323,98519.0,0.8325,3837.0,0.8326,37133.0
1753591987775,04:53:07.775,binance,ADA/USDT:USDT,0.8324,50505.0,0.8323,98519.0,0.8325,3837.0,0.8326,46673.0
1753591987878,04:53:07.878,binance,ADA/USDT:USDT,0.8324,54832.0,0.8323,98759.0,0.8325,3828.0,0.8326,46673.0
1753591988010,04:53:08.010,binance,ADA/USDT:USDT,0.8324,50525.0,0.8323,98759.0,0.8325,13035.0,0.8326,46673.0
1753591988115,04:53:08.115,binance,ADA/USDT:USDT,0.8324,54832.0,0.8323,98759.0,0.8325,13035.0,0.8326,46698.0
1753591988237,04:53:08.237,binance,ADA/USDT:USDT,0.8324,50525.0,0.8323,98759.0,0.8325,13035.0,0.8326,46698.0
1753591988670,04:53:08.670,binance,ADA/USDT:USDT,0.8324,67819.0,0.8323,104222.0,0.8325,3884.0,0.8326,36538.0
1753591988787,04:53:08.787,binance,ADA/USDT:USDT,0.8324,67759.0,0.8323,104222.0,0.8325,3894.0,0.8326,46318.0
1753591988929,04:53:08.929,binance,ADA/USDT:USDT,0.8324,63651.0,0.8323,104462.0,0.8325,13101.0,0.8326,46705.0
1753591989044,04:53:09.044,binance,ADA/USDT:USDT,0.8324,63651.0,0.8323,104342.0,0.8325,13099.0,0.8326,46680.0
1753591989173,04:53:09.173,binance,ADA/USDT:USDT,0.8324,63633.0,0.8323,104342.0,0.8325,13099.0,0.8326,46705.0
1753591989283,04:53:09.283,binance,ADA/USDT:USDT,0.8324,63633.0,0.8323,104342.0,0.8325,13099.0,0.8326,46705.0
1753591989448,04:53:09.448,binance,ADA/USDT:USDT,0.8324,68531.0,0.8323,102865.0,0.8325,13072.0,0.8326,46318.0
1753591989550,04:53:09.550,binance,ADA/USDT:USDT,0.8324,68531.0,0.8323,102840.0,0.8325,13072.0,0.8326,46078.0
1753591989653,04:53:09.653,binance,ADA/USDT:USDT,0.8324,68531.0,0.8323,105640.0,0.8325,3865.0,0.8326,36538.0
1753591989770,04:53:09.770,binance,ADA/USDT:USDT,0.8324,68531.0,0.8323,107167.0,0.8325,3865.0,0.8326,36778.0
1753591989883,04:53:09.883,binance,ADA/USDT:USDT,0.8324,64224.0,0.8323,107142.0,0.8325,13434.0,0.8326,46343.0
1753591989984,04:53:09.984,binance,ADA/USDT:USDT,0.8324,64331.0,0.8323,105640.0,0.8325,13434.0,0.8326,46343.0
1753591990193,04:53:10.193,binance,ADA/USDT:USDT,0.8324,64852.0,0.8323,105665.0,0.8325,4238.0,0.8326,36803.0
1753591990306,04:53:10.306,binance,ADA/USDT:USDT,0.8324,69159.0,0.8323,103564.0,0.8325,4238.0,0.8326,46318.0
1753591990412,04:53:10.412,binance,ADA/USDT:USDT,0.8324,72763.0,0.8323,103564.0,0.8325,4219.0,0.8326,46318.0
1753591990517,04:53:10.517,binance,ADA/USDT:USDT,0.8324,68456.0,0.8323,102037.0,0.8325,14387.0,0.8326,46078.0
1753591990625,04:53:10.625,binance,ADA/USDT:USDT,0.8324,68456.0,0.8323,102037.0,0.8325,14407.0,0.8326,46103.0
1753591990743,04:53:10.743,binance,ADA/USDT:USDT,0.8324,68463.0,0.8323,102037.0,0.8325,14407.0,0.8326,46318.0
1753591990863,04:53:10.863,binance,ADA/USDT:USDT,0.8324,68463.0,0.8323,102062.0,0.8325,14407.0,0.8326,46343.0
1753591990969,04:53:10.969,binance,ADA/USDT:USDT,0.8324,68463.0,0.8323,102062.0,0.8325,14407.0,0.8326,46343.0
1753591991081,04:53:11.081,binance,ADA/USDT:USDT,0.8324,68463.0,0.8323,102062.0,0.8325,14407.0,0.8326,46318.0
1753591991198,04:53:11.198,binance,ADA/USDT:USDT,0.8324,68463.0,0.8323,102062.0,0.8325,14473.0,0.8326,46318.0
1753591991331,04:53:11.331,binance,ADA/USDT:USDT,0.8324,68041.0,0.8323,102062.0,0.8325,14473.0,0.8326,46318.0
1753591991441,04:53:11.441,binance,ADA/USDT:USDT,0.8324,67965.0,0.8323,101462.0,0.8325,14484.0,0.8326,46078.0
1753591991543,04:53:11.543,binance,ADA/USDT:USDT,0.8324,64681.0,0.8323,101437.0,0.8325,25259.0,0.8326,55321.0
1753591991648,04:53:11.648,binance,ADA/USDT:USDT,0.8324,60957.0,0.8323,104363.0,0.8325,25259.0,0.8326,55346.0
1753591991765,04:53:11.765,binance,ADA/USDT:USDT,0.8324,52297.0,0.8323,98830.0,0.8325,29566.0,0.8326,55346.0
1753591991881,04:53:11.881,binance,ADA/USDT:USDT,0.8324,52067.0,0.8323,77909.0,0.8325,36625.0,0.8326,55586.0
1753591991985,04:53:11.985,binance,ADA/USDT:USDT,0.8324,52067.0,0.8323,77789.0,0.8325,36625.0,0.8326,55586.0
1753591992239,04:53:12.239,binance,ADA/USDT:USDT,0.8324,47447.0,0.8323,77789.0,0.8325,30798.0,0.8326,55586.0
1753591992413,04:53:12.413,binance,ADA/USDT:USDT,0.8324,31218.0,0.8323,72802.0,0.8325,55554.0,0.8326,68129.0
1753591992514,04:53:12.514,binance,ADA/USDT:USDT,0.8324,21639.0,0.8323,47197.0,0.8325,43526.0,0.8326,76717.0
1753591992616,04:53:12.616,binance,ADA/USDT:USDT,0.8324,20960.0,0.8323,47428.0,0.8325,29383.0,0.8326,76724.0
1753591992719,04:53:12.719,binance,ADA/USDT:USDT,0.8324,11354.0,0.8323,46862.0,0.8325,53554.0,0.8326,84860.0
1753591992820,04:53:12.820,binance,ADA/USDT:USDT,0.8323,34226.0,0.8322,59824.0,0.8324,53574.0,0.8325,52969.0
1753591992921,04:53:12.921,binance,ADA/USDT:USDT,0.8323,26504.0,0.8322,63428.0,0.8324,49304.0,0.8325,52969.0
1753591993025,04:53:13.025,binance,ADA/USDT:USDT,0.8323,50009.0,0.8322,70008.0,0.8324,6461.0,0.8325,35078.0
1753591993126,04:53:13.126,binance,ADA/USDT:USDT,0.8323,56366.0,0.8322,94080.0,0.8324,803.0,0.8325,27216.0
1753591993234,04:53:13.234,binance,ADA/USDT:USDT,0.8323,57363.0,0.8322,95924.0,0.8324,818.0,0.8325,27349.0
1753591993335,04:53:13.335,binance,ADA/USDT:USDT,0.8323,55278.0,0.8322,97571.0,0.8324,848.0,0.8325,49349.0
1753591993449,04:53:13.449,binance,ADA/USDT:USDT,0.8323,54849.0,0.8322,96250.0,0.8324,16368.0,0.8325,49654.0
1753591993558,04:53:13.558,binance,ADA/USDT:USDT,0.8323,55472.0,0.8322,96310.0,0.8324,11464.0,0.8325,48567.0
1753591993660,04:53:13.660,binance,ADA/USDT:USDT,0.8323,33469.0,0.8322,95893.0,0.8324,17056.0,0.8325,57223.0
1753591993773,04:53:13.773,binance,ADA/USDT:USDT,0.8323,33523.0,0.8322,81507.0,0.8324,17056.0,0.8325,57223.0
1753591993883,04:53:13.883,binance,ADA/USDT:USDT,0.8322,45912.0,0.8321,95459.0,0.8323,36543.0,0.8324,68422.0
1753591993984,04:53:13.984,binance,ADA/USDT:USDT,0.8322,46119.0,0.8321,96391.0,0.8323,36563.0,0.8324,57341.0
1753591994088,04:53:14.088,binance,ADA/USDT:USDT,0.8322,46119.0,0.8321,95791.0,0.8323,36925.0,0.8324,57341.0
1753591994191,04:53:14.191,binance,ADA/USDT:USDT,0.8322,45999.0,0.8321,100866.0,0.8323,36925.0,0.8324,57341.0
1753591994309,04:53:14.309,binance,ADA/USDT:USDT,0.8322,45546.0,0.8321,99075.0,0.8323,36900.0,0.8324,49604.0
1753591994410,04:53:14.410,binance,ADA/USDT:USDT,0.8322,45546.0,0.8321,99075.0,0.8323,46107.0,0.8324,49604.0
1753591994512,04:53:14.512,binance,ADA/USDT:USDT,0.8322,45546.0,0.8321,98271.0,0.8323,46992.0,0.8324,49604.0
1753591994615,04:53:14.615,binance,ADA/USDT:USDT,0.8322,45534.0,0.8321,98271.0,0.8323,47030.0,0.8324,50202.0
1753591994731,04:53:14.731,binance,ADA/USDT:USDT,0.8322,45963.0,0.8321,98511.0,0.8323,37823.0,0.8324,50202.0
1753591994872,04:53:14.872,binance,ADA/USDT:USDT,0.8322,50489.0,0.8321,99073.0,0.8323,37823.0,0.8324,49316.0
1753591994990,04:53:14.990,binance,ADA/USDT:USDT,0.8322,50653.0,0.8321,99073.0,0.8323,37823.0,0.8324,49556.0
1753591995119,04:53:15.119,binance,ADA/USDT:USDT,0.8322,50653.0,0.8321,99073.0,0.8323,37823.0,0.8324,46547.0
1753591995222,04:53:15.222,binance,ADA/USDT:USDT,0.8322,50896.0,0.8321,99698.0,0.8323,37823.0,0.8324,49981.0
1753591995339,04:53:15.339,binance,ADA/USDT:USDT,0.8322,50896.0,0.8321,99698.0,0.8323,37823.0,0.8324,48696.0
1753591995517,04:53:15.517,binance,ADA/USDT:USDT,0.8322,50906.0,0.8321,99458.0,0.8323,37823.0,0.8324,48696.0
1753591995623,04:53:15.623,binance,ADA/USDT:USDT,0.8322,46170.0,0.8321,95831.0,0.8323,37823.0,0.8324,48696.0
1753591995740,04:53:15.740,binance,ADA/USDT:USDT,0.8322,50477.0,0.8321,96071.0,0.8323,37823.0,0.8324,48696.0
1753591995855,04:53:15.855,binance,ADA/USDT:USDT,0.8322,50477.0,0.8321,96071.0,0.8323,37823.0,0.8324,48696.0
