timestamp,time,symbol,bid1_price,bid1_volume,bid2_price,bid2_volume,ask1_price,ask1_volume,ask2_price,ask2_volume
1753546946130,16:22:26.130,A/USDT:USDT,0.57454,933.0,0.57453,194.0,0.57462,5.0,0.57463,18.0
1753546946606,16:22:26.606,A/USDT:USDT,0.57455,48.0,0.57454,145.0,0.57462,5.0,0.57463,18.0
1753546947143,16:22:27.143,A/USDT:USDT,0.57455,1195.0,0.57454,56.0,0.57462,5.0,0.57463,18.0
1753546947266,16:22:27.266,A/USDT:USDT,0.57455,1195.0,0.57454,127.0,0.57462,5.0,0.57463,18.0
1753546947372,16:22:27.372,A/USDT:USDT,0.57455,1195.0,0.57454,127.0,0.57462,5.0,0.57463,18.0
1753546948045,16:22:28.045,A/USDT:USDT,0.57461,102.0,0.57459,31.0,0.57462,5.0,0.57463,18.0
1753546948407,16:22:28.407,A/USDT:USDT,0.57461,102.0,0.57459,31.0,0.57462,5.0,0.57463,18.0
1753546948640,16:22:28.640,A/USDT:USDT,0.57461,102.0,0.57459,31.0,0.57462,5.0,0.57463,18.0
1753546948743,16:22:28.743,A/USDT:USDT,0.57461,102.0,0.57459,31.0,0.57462,5.0,0.57463,18.0
1753546948847,16:22:28.847,A/USDT:USDT,0.57464,139.0,0.57463,194.0,0.57468,19.0,0.57469,18.0
1753546949476,16:22:29.476,A/USDT:USDT,0.57464,139.0,0.57462,139.0,0.57468,19.0,0.57469,18.0
1753546949589,16:22:29.589,A/USDT:USDT,0.57464,139.0,0.57462,139.0,0.57468,19.0,0.57469,18.0
1753546949695,16:22:29.695,A/USDT:USDT,0.57464,139.0,0.57462,139.0,0.57468,19.0,0.57469,18.0
1753546950529,16:22:30.529,A/USDT:USDT,0.57464,1051.0,0.57463,180.0,0.57468,19.0,0.57469,18.0
1753546950658,16:22:30.658,A/USDT:USDT,0.57464,1051.0,0.57463,180.0,0.57468,19.0,0.57469,18.0
1753546951029,16:22:31.029,A/USDT:USDT,0.57464,1051.0,0.57463,180.0,0.57468,19.0,0.57469,18.0
1753546953203,16:22:33.203,A/USDT:USDT,0.57454,100.0,0.5745,10.0,0.57457,280.0,0.57462,27.0
1753546953743,16:22:33.743,A/USDT:USDT,0.57456,48.0,0.57454,131.0,0.57462,9.0,0.57464,18.0
1753546953876,16:22:33.876,A/USDT:USDT,0.57456,48.0,0.57454,131.0,0.57462,9.0,0.57464,18.0
1753546953985,16:22:33.985,A/USDT:USDT,0.57456,48.0,0.57454,179.0,0.57462,9.0,0.57464,18.0
1753546954109,16:22:34.109,A/USDT:USDT,0.57456,48.0,0.57454,179.0,0.57462,9.0,0.57464,18.0
1753546954830,16:22:34.830,A/USDT:USDT,0.57455,139.0,0.57454,179.0,0.57462,9.0,0.57464,18.0
1753546955056,16:22:35.056,A/USDT:USDT,0.57455,139.0,0.57454,179.0,0.57462,9.0,0.57464,18.0
1753546955196,16:22:35.196,A/USDT:USDT,0.57455,139.0,0.57454,179.0,0.57462,9.0,0.57464,18.0
1753546955300,16:22:35.300,A/USDT:USDT,0.57455,139.0,0.57454,179.0,0.57462,9.0,0.57464,18.0
1753546955602,16:22:35.602,A/USDT:USDT,0.57455,139.0,0.57454,179.0,0.57462,9.0,0.57464,18.0
1753546956032,16:22:36.032,A/USDT:USDT,0.57455,195.0,0.57454,179.0,0.57462,9.0,0.57464,18.0
1753546956446,16:22:36.446,A/USDT:USDT,0.57455,195.0,0.57454,131.0,0.57462,9.0,0.57464,18.0
1753546956902,16:22:36.902,A/USDT:USDT,0.57455,1114.0,0.57454,131.0,0.57462,9.0,0.57464,18.0
1753546957109,16:22:37.109,A/USDT:USDT,0.57455,1114.0,0.57454,131.0,0.57462,9.0,0.57464,18.0
1753546957213,16:22:37.213,A/USDT:USDT,0.57455,1114.0,0.57454,131.0,0.57462,9.0,0.57464,18.0
1753546957314,16:22:37.314,A/USDT:USDT,0.57455,1170.0,0.57454,131.0,0.57468,279.0,0.57471,18.0
1753546957627,16:22:37.627,A/USDT:USDT,0.57455,1170.0,0.57454,131.0,0.57468,279.0,0.57471,18.0
1753546957902,16:22:37.902,A/USDT:USDT,0.57455,1170.0,0.57454,131.0,0.57468,279.0,0.57471,18.0
1753546958502,16:22:38.502,A/USDT:USDT,0.57455,1170.0,0.57454,131.0,0.57468,279.0,0.57471,18.0
1753546958668,16:22:38.668,A/USDT:USDT,0.57455,1170.0,0.57454,131.0,0.57468,279.0,0.57471,65.0
1753546958803,16:22:38.803,A/USDT:USDT,0.57455,1170.0,0.57454,131.0,0.57468,279.0,0.57471,65.0
1753546959102,16:22:39.102,A/USDT:USDT,0.57455,1170.0,0.57454,131.0,0.57468,279.0,0.57471,65.0
1753546959204,16:22:39.204,A/USDT:USDT,0.57455,1170.0,0.57454,131.0,0.57468,279.0,0.57471,256.0
1753546959487,16:22:39.487,A/USDT:USDT,0.57456,139.0,0.57455,1280.0,0.57468,296.0,0.57471,256.0
1753546959593,16:22:39.593,A/USDT:USDT,0.57456,139.0,0.57455,1280.0,0.57468,296.0,0.57471,256.0
1753546959823,16:22:39.823,A/USDT:USDT,0.57456,139.0,0.57455,266.0,0.57468,296.0,0.57471,256.0
1753546959926,16:22:39.926,A/USDT:USDT,0.57456,139.0,0.57455,266.0,0.57468,352.0,0.57471,256.0
1753546960057,16:22:40.057,A/USDT:USDT,0.57456,249.0,0.57455,266.0,0.57468,92.0,0.57471,256.0
1753546960160,16:22:40.160,A/USDT:USDT,0.57456,139.0,0.57455,266.0,0.57468,283.0,0.57471,256.0
1753546960262,16:22:40.262,A/USDT:USDT,0.57456,908.0,0.57455,127.0,0.57467,191.0,0.57468,92.0
1753546960371,16:22:40.371,A/USDT:USDT,0.57461,10.0,0.57457,98.0,0.57467,191.0,0.57468,179.0
1753546960523,16:22:40.523,A/USDT:USDT,0.57461,271.0,0.57457,98.0,0.57467,191.0,0.57468,179.0
1753546960625,16:22:40.625,A/USDT:USDT,0.57461,271.0,0.5746,261.0,0.57464,214.0,0.57465,191.0
1753546960726,16:22:40.726,A/USDT:USDT,0.57461,10.0,0.57456,18.0,0.57463,139.0,0.57465,191.0
1753546961137,16:22:41.137,A/USDT:USDT,0.57461,10.0,0.57456,18.0,0.57463,139.0,0.57467,74.0
1753546961246,16:22:41.246,A/USDT:USDT,0.57461,10.0,0.57456,18.0,0.57463,139.0,0.57467,74.0
1753546961350,16:22:41.350,A/USDT:USDT,0.57459,35.0,0.57456,18.0,0.57463,139.0,0.57467,74.0
1753546961482,16:22:41.482,A/USDT:USDT,0.57459,35.0,0.57456,18.0,0.57463,139.0,0.57467,91.0
1753546961902,16:22:41.902,A/USDT:USDT,0.57459,35.0,0.57456,18.0,0.57463,139.0,0.57467,91.0
1753546962008,16:22:42.008,A/USDT:USDT,0.57459,35.0,0.57456,18.0,0.57463,139.0,0.57467,91.0
1753546962110,16:22:42.110,A/USDT:USDT,0.57459,35.0,0.57456,18.0,0.57463,139.0,0.57467,178.0
1753546962214,16:22:42.214,A/USDT:USDT,0.57459,35.0,0.57456,18.0,0.57463,139.0,0.57467,178.0
1753546962336,16:22:42.336,A/USDT:USDT,0.57459,35.0,0.57456,18.0,0.57463,139.0,0.57467,178.0
1753546963002,16:22:43.002,A/USDT:USDT,0.57459,35.0,0.57456,18.0,0.57463,139.0,0.57467,178.0
1753546963109,16:22:43.109,A/USDT:USDT,0.57459,35.0,0.57456,18.0,0.57463,139.0,0.57467,178.0
1753546963602,16:22:43.602,A/USDT:USDT,0.57459,35.0,0.57456,18.0,0.57463,139.0,0.57467,178.0
1753546963819,16:22:43.819,A/USDT:USDT,0.57459,35.0,0.57456,18.0,0.57463,139.0,0.57467,178.0
1753546964109,16:22:44.109,A/USDT:USDT,0.57461,32.0,0.57459,35.0,0.57463,139.0,0.57467,161.0
1753546964212,16:22:44.212,A/USDT:USDT,0.57461,32.0,0.57459,35.0,0.57463,139.0,0.57467,93.0
1753546964407,16:22:44.407,A/USDT:USDT,0.57461,42.0,0.57459,35.0,0.57463,139.0,0.57467,74.0
1753546964535,16:22:44.535,A/USDT:USDT,0.57461,42.0,0.57459,35.0,0.57463,139.0,0.57467,95.0
1753546964793,16:22:44.793,A/USDT:USDT,0.57461,42.0,0.57459,35.0,0.57463,163.0,0.57467,74.0
1753546964895,16:22:44.895,A/USDT:USDT,0.57461,42.0,0.57459,35.0,0.57463,163.0,0.57467,95.0
1753546965406,16:22:45.406,A/USDT:USDT,0.57461,42.0,0.57459,35.0,0.57463,163.0,0.57467,95.0
1753546965850,16:22:45.850,A/USDT:USDT,0.57461,42.0,0.57459,35.0,0.57463,163.0,0.57467,95.0
1753546965953,16:22:45.953,A/USDT:USDT,0.57461,42.0,0.57459,35.0,0.57463,163.0,0.57467,95.0
1753546966059,16:22:46.059,A/USDT:USDT,0.57461,42.0,0.57459,35.0,0.57463,24.0,0.57467,39.0
1753546966161,16:22:46.161,A/USDT:USDT,0.57461,42.0,0.57459,35.0,0.57463,24.0,0.57467,18.0
1753546966266,16:22:46.266,A/USDT:USDT,0.57461,42.0,0.57459,35.0,0.57463,24.0,0.57467,18.0
1753546966602,16:22:46.602,A/USDT:USDT,0.57461,42.0,0.57459,35.0,0.57463,24.0,0.57467,18.0
1753546967016,16:22:47.016,A/USDT:USDT,0.57461,42.0,0.57459,35.0,0.57463,24.0,0.57467,18.0
1753546967119,16:22:47.119,A/USDT:USDT,0.57461,42.0,0.57459,35.0,0.57463,24.0,0.57467,18.0
1753546967255,16:22:47.255,A/USDT:USDT,0.57461,42.0,0.57459,35.0,0.57463,24.0,0.57467,18.0
1753546967393,16:22:47.393,A/USDT:USDT,0.57461,42.0,0.57459,35.0,0.57463,24.0,0.57467,18.0
1753546967725,16:22:47.725,A/USDT:USDT,0.57461,52.0,0.57459,35.0,0.57463,24.0,0.57467,18.0
1753546967839,16:22:47.839,A/USDT:USDT,0.57461,52.0,0.57459,35.0,0.57463,24.0,0.57467,18.0
1753546967943,16:22:47.943,A/USDT:USDT,0.57461,52.0,0.57459,35.0,0.57463,24.0,0.57467,18.0
1753546968109,16:22:48.109,A/USDT:USDT,0.57461,52.0,0.57459,35.0,0.57463,24.0,0.57467,18.0
1753546968223,16:22:48.223,A/USDT:USDT,0.57461,52.0,0.57459,35.0,0.57463,24.0,0.57467,18.0
1753546968404,16:22:48.404,A/USDT:USDT,0.57461,52.0,0.57459,35.0,0.57463,24.0,0.57467,18.0
1753546968506,16:22:48.506,A/USDT:USDT,0.57461,52.0,0.57459,35.0,0.57463,24.0,0.57467,18.0
1753546968655,16:22:48.655,A/USDT:USDT,0.57461,52.0,0.57459,35.0,0.57463,24.0,0.57467,18.0
1753546969178,16:22:49.178,A/USDT:USDT,0.57461,61.0,0.57459,215.0,0.57463,24.0,0.57467,18.0
1753546969602,16:22:49.602,A/USDT:USDT,0.57461,61.0,0.57459,215.0,0.57463,24.0,0.57467,18.0
1753546970109,16:22:50.109,A/USDT:USDT,0.57461,61.0,0.57459,35.0,0.57463,24.0,0.57467,18.0
1753546970215,16:22:50.215,A/USDT:USDT,0.57461,61.0,0.57459,35.0,0.57463,24.0,0.57467,18.0
1753546970356,16:22:50.356,A/USDT:USDT,0.57461,61.0,0.57459,35.0,0.57463,24.0,0.57467,18.0
1753546970702,16:22:50.702,A/USDT:USDT,0.57461,61.0,0.57459,35.0,0.57463,24.0,0.57467,18.0
1753546971110,16:22:51.110,A/USDT:USDT,0.57461,61.0,0.57459,35.0,0.57463,24.0,0.57467,18.0
1753546971212,16:22:51.212,A/USDT:USDT,0.57461,61.0,0.57459,35.0,0.57463,24.0,0.57467,18.0
1753546971316,16:22:51.316,A/USDT:USDT,0.57462,139.0,0.57461,61.0,0.57463,34.0,0.57467,18.0
1753546971426,16:22:51.426,A/USDT:USDT,0.57462,139.0,0.57461,61.0,0.57463,34.0,0.57467,18.0
1753546971744,16:22:51.744,A/USDT:USDT,0.57462,139.0,0.57461,61.0,0.57463,34.0,0.57467,18.0
1753546971847,16:22:51.847,A/USDT:USDT,0.57462,139.0,0.57461,61.0,0.57463,34.0,0.57467,18.0
1753546972109,16:22:52.109,A/USDT:USDT,0.57462,139.0,0.57461,61.0,0.57463,34.0,0.57467,18.0
1753546972211,16:22:52.211,A/USDT:USDT,0.57462,187.0,0.57461,61.0,0.57463,34.0,0.57467,18.0
1753546972318,16:22:52.318,A/USDT:USDT,0.57462,187.0,0.57461,61.0,0.57463,34.0,0.57467,18.0
1753546972467,16:22:52.467,A/USDT:USDT,0.57465,249.0,0.57464,48.0,0.57472,13.0,0.57473,18.0
1753546972570,16:22:52.570,A/USDT:USDT,0.57465,249.0,0.57464,48.0,0.57472,13.0,0.57473,18.0
1753546972775,16:22:52.775,A/USDT:USDT,0.57465,249.0,0.57464,48.0,0.57472,13.0,0.57473,18.0
1753546972906,16:22:52.906,A/USDT:USDT,0.57465,249.0,0.57464,48.0,0.57472,13.0,0.57473,18.0
1753546973055,16:22:53.055,A/USDT:USDT,0.57465,249.0,0.57464,48.0,0.57472,13.0,0.57473,18.0
1753546973158,16:22:53.158,A/USDT:USDT,0.57465,139.0,0.57464,48.0,0.57472,13.0,0.57473,18.0
1753546973260,16:22:53.260,A/USDT:USDT,0.57465,139.0,0.57464,48.0,0.57472,13.0,0.57473,18.0
1753546973602,16:22:53.602,A/USDT:USDT,0.57465,139.0,0.57464,228.0,0.57472,13.0,0.57473,18.0
1753546974110,16:22:54.110,A/USDT:USDT,0.57465,139.0,0.57464,48.0,0.57472,13.0,0.57473,18.0
1753546974213,16:22:54.213,A/USDT:USDT,0.57465,139.0,0.57464,48.0,0.57472,13.0,0.57473,18.0
1753546974367,16:22:54.367,A/USDT:USDT,0.57465,139.0,0.57464,48.0,0.57472,13.0,0.57473,18.0
1753546974535,16:22:54.535,A/USDT:USDT,0.57465,139.0,0.57464,180.0,0.57472,13.0,0.57473,18.0
1753546974665,16:22:54.665,A/USDT:USDT,0.57465,196.0,0.57464,180.0,0.57472,13.0,0.57473,18.0
1753546975109,16:22:55.109,A/USDT:USDT,0.57465,196.0,0.57464,52.0,0.57472,13.0,0.57473,18.0
1753546975410,16:22:55.410,A/USDT:USDT,0.57465,139.0,0.57464,52.0,0.57472,13.0,0.57473,18.0
1753546975663,16:22:55.663,A/USDT:USDT,0.57465,139.0,0.57464,52.0,0.57472,13.0,0.57473,18.0
1753546975801,16:22:55.801,A/USDT:USDT,0.57465,139.0,0.57464,88.0,0.57472,13.0,0.57473,18.0
1753546976109,16:22:56.109,A/USDT:USDT,0.57465,139.0,0.57464,88.0,0.57472,13.0,0.57473,18.0
1753546976222,16:22:56.222,A/USDT:USDT,0.57465,139.0,0.57464,88.0,0.57472,13.0,0.57473,18.0
1753546976802,16:22:56.802,A/USDT:USDT,0.57465,139.0,0.57464,88.0,0.57472,13.0,0.57473,18.0
1753546976909,16:22:56.909,A/USDT:USDT,0.57465,139.0,0.57464,88.0,0.57472,13.0,0.57473,18.0
1753546977012,16:22:57.012,A/USDT:USDT,0.57465,139.0,0.57464,88.0,0.57472,13.0,0.57473,18.0
1753546977144,16:22:57.144,A/USDT:USDT,0.57465,139.0,0.57464,88.0,0.57472,13.0,0.57473,18.0
1753546977369,16:22:57.369,A/USDT:USDT,0.57465,139.0,0.57464,88.0,0.57472,13.0,0.57473,18.0
1753546977473,16:22:57.473,A/USDT:USDT,0.57465,139.0,0.57464,88.0,0.57472,13.0,0.57473,18.0
1753546977604,16:22:57.604,A/USDT:USDT,0.57465,139.0,0.57464,88.0,0.57472,13.0,0.57473,18.0
1753546977996,16:22:57.996,A/USDT:USDT,0.57465,139.0,0.57464,88.0,0.57472,13.0,0.57473,18.0
1753546978109,16:22:58.109,A/USDT:USDT,0.57465,139.0,0.57464,88.0,0.57472,13.0,0.57473,18.0
1753546978258,16:22:58.258,A/USDT:USDT,0.57465,139.0,0.57464,268.0,0.57472,13.0,0.57473,18.0
1753546978362,16:22:58.362,A/USDT:USDT,0.57465,139.0,0.57464,268.0,0.57472,13.0,0.57473,18.0
1753546978976,16:22:58.976,A/USDT:USDT,0.57465,139.0,0.57464,268.0,0.57472,13.0,0.57473,18.0
1753546979302,16:22:59.302,A/USDT:USDT,0.57465,139.0,0.57464,268.0,0.57472,13.0,0.57473,18.0
1753546979488,16:22:59.488,A/USDT:USDT,0.57465,153.0,0.57464,268.0,0.57472,13.0,0.57473,18.0
1753546979592,16:22:59.592,A/USDT:USDT,0.57465,153.0,0.57464,268.0,0.57472,13.0,0.57473,18.0
1753546979703,16:22:59.703,A/USDT:USDT,0.57465,153.0,0.57464,216.0,0.57472,13.0,0.57473,18.0
1753546979902,16:22:59.902,A/USDT:USDT,0.57465,153.0,0.57464,216.0,0.57472,13.0,0.57473,18.0
1753546980107,16:23:00.107,A/USDT:USDT,0.57465,153.0,0.57464,216.0,0.57472,13.0,0.57473,18.0
1753546980402,16:23:00.402,A/USDT:USDT,0.57465,153.0,0.57464,36.0,0.57472,13.0,0.57473,18.0
1753546980506,16:23:00.506,A/USDT:USDT,0.57465,153.0,0.57464,36.0,0.57472,13.0,0.57473,18.0
1753546980773,16:23:00.773,A/USDT:USDT,0.57465,967.0,0.57464,36.0,0.57472,13.0,0.57473,18.0
1753546981109,16:23:01.109,A/USDT:USDT,0.57465,865.0,0.57464,36.0,0.57472,13.0,0.57473,18.0
1753546981212,16:23:01.212,A/USDT:USDT,0.57465,865.0,0.57464,36.0,0.57472,13.0,0.57473,18.0
1753546981338,16:23:01.338,A/USDT:USDT,0.57468,20.0,0.57465,865.0,0.57472,13.0,0.57473,18.0
1753546981444,16:23:01.444,A/USDT:USDT,0.57468,20.0,0.57465,865.0,0.57472,13.0,0.57473,18.0
1753546981549,16:23:01.549,A/USDT:USDT,0.57468,20.0,0.57465,865.0,0.57472,13.0,0.57473,18.0
1753546981750,16:23:01.750,A/USDT:USDT,0.57468,20.0,0.57465,865.0,0.57472,13.0,0.57473,18.0
1753546981883,16:23:01.883,A/USDT:USDT,0.57468,20.0,0.57465,865.0,0.57472,13.0,0.57473,18.0
1753546981986,16:23:01.986,A/USDT:USDT,0.57468,20.0,0.57465,865.0,0.5747,198.0,0.57471,139.0
1753546982097,16:23:02.097,A/USDT:USDT,0.5746,18.0,0.57459,66.0,0.5747,443.0,0.57471,139.0
1753546982198,16:23:02.198,A/USDT:USDT,0.57453,49.0,0.57452,31.0,0.57454,364.0,0.57465,885.0
1753546982299,16:23:02.299,A/USDT:USDT,0.57453,18.0,0.57451,18.0,0.57454,364.0,0.57458,139.0
1753546982403,16:23:02.403,A/USDT:USDT,0.57453,8.0,0.57451,18.0,0.57454,322.0,0.57458,139.0
1753546982508,16:23:02.508,A/USDT:USDT,0.57451,18.0,0.5745,10.0,0.57454,399.0,0.57456,46.0
1753546982611,16:23:02.611,A/USDT:USDT,0.57451,18.0,0.5745,10.0,0.57454,399.0,0.57455,9.0
1753546982930,16:23:02.930,A/USDT:USDT,0.5745,10.0,0.57449,18.0,0.57451,149.0,0.57454,23.0
1753546983046,16:23:03.046,A/USDT:USDT,0.5745,10.0,0.57449,18.0,0.57451,149.0,0.57455,9.0
1753546983149,16:23:03.149,A/USDT:USDT,0.5745,10.0,0.57449,18.0,0.57451,149.0,0.57455,9.0
1753546983348,16:23:03.348,A/USDT:USDT,0.5745,10.0,0.57449,18.0,0.57451,149.0,0.57455,9.0
1753546983453,16:23:03.453,A/USDT:USDT,0.5745,10.0,0.57449,18.0,0.57451,149.0,0.57455,9.0
1753546983602,16:23:03.602,A/USDT:USDT,0.5745,10.0,0.57449,18.0,0.57451,363.0,0.57455,9.0
1753546983709,16:23:03.709,A/USDT:USDT,0.5745,10.0,0.57449,18.0,0.57451,363.0,0.57455,9.0
1753546983818,16:23:03.818,A/USDT:USDT,0.5745,10.0,0.57449,18.0,0.57451,363.0,0.57455,9.0
1753546983941,16:23:03.941,A/USDT:USDT,0.5745,10.0,0.57449,18.0,0.57451,363.0,0.57455,9.0
1753546984109,16:23:04.109,A/USDT:USDT,0.5745,10.0,0.57449,18.0,0.57451,363.0,0.57455,9.0
1753546984212,16:23:04.212,A/USDT:USDT,0.5745,10.0,0.57449,18.0,0.57451,363.0,0.57455,9.0
1753546984451,16:23:04.451,A/USDT:USDT,0.5745,10.0,0.57449,18.0,0.57451,149.0,0.57455,9.0
1753546984565,16:23:04.565,A/USDT:USDT,0.5745,10.0,0.57449,18.0,0.57451,363.0,0.57455,9.0
1753546984702,16:23:04.702,A/USDT:USDT,0.5745,10.0,0.57449,18.0,0.57451,363.0,0.57455,9.0
1753546984914,16:23:04.914,A/USDT:USDT,0.5745,10.0,0.57449,18.0,0.57451,149.0,0.57455,9.0
1753546985110,16:23:05.110,A/USDT:USDT,0.5745,10.0,0.57449,18.0,0.57451,149.0,0.57453,37.0
1753546985213,16:23:05.213,A/USDT:USDT,0.5745,10.0,0.57449,18.0,0.57451,363.0,0.57453,37.0
1753546985315,16:23:05.315,A/USDT:USDT,0.5745,10.0,0.57449,18.0,0.57451,149.0,0.57453,37.0
1753546985441,16:23:05.441,A/USDT:USDT,0.5745,10.0,0.57449,18.0,0.57451,363.0,0.57453,37.0
1753546985559,16:23:05.559,A/USDT:USDT,0.5745,10.0,0.57449,18.0,0.57451,363.0,0.57453,37.0
1753546985910,16:23:05.910,A/USDT:USDT,0.5745,21.0,0.57449,18.0,0.57451,363.0,0.57453,37.0
1753546986043,16:23:06.043,A/USDT:USDT,0.5745,21.0,0.57449,18.0,0.57451,149.0,0.57455,9.0
1753546986145,16:23:06.145,A/USDT:USDT,0.5745,21.0,0.57449,18.0,0.57451,149.0,0.57455,9.0
1753546986251,16:23:06.251,A/USDT:USDT,0.5745,69.0,0.57449,18.0,0.57451,149.0,0.57455,9.0
1753546986357,16:23:06.357,A/USDT:USDT,0.5745,69.0,0.57449,18.0,0.57451,149.0,0.57455,9.0
1753546986462,16:23:06.462,A/USDT:USDT,0.5745,69.0,0.57449,18.0,0.57451,149.0,0.57455,9.0
1753546986565,16:23:06.565,A/USDT:USDT,0.5745,69.0,0.57449,18.0,0.57451,149.0,0.57455,9.0
1753546986682,16:23:06.682,A/USDT:USDT,0.5745,69.0,0.57449,18.0,0.57451,149.0,0.57455,9.0
1753546986859,16:23:06.859,A/USDT:USDT,0.5745,69.0,0.57449,18.0,0.57451,149.0,0.57455,9.0
1753546986966,16:23:06.966,A/USDT:USDT,0.5745,69.0,0.57449,18.0,0.57451,149.0,0.57455,9.0
1753546987109,16:23:07.109,A/USDT:USDT,0.5745,21.0,0.57449,18.0,0.57451,149.0,0.57455,9.0
1753546987218,16:23:07.218,A/USDT:USDT,0.5745,21.0,0.57449,18.0,0.57451,149.0,0.57455,9.0
1753546987436,16:23:07.436,A/USDT:USDT,0.5745,21.0,0.57449,18.0,0.57451,149.0,0.57455,9.0
1753546987604,16:23:07.604,A/USDT:USDT,0.5745,21.0,0.57449,18.0,0.57451,149.0,0.57455,9.0
1753546987711,16:23:07.711,A/USDT:USDT,0.5745,21.0,0.57449,18.0,0.57451,149.0,0.57455,9.0
1753546987821,16:23:07.821,A/USDT:USDT,0.5745,21.0,0.57449,18.0,0.57451,149.0,0.57455,9.0
1753546988109,16:23:08.109,A/USDT:USDT,0.5745,21.0,0.57449,18.0,0.57451,149.0,0.57455,9.0
1753546988375,16:23:08.375,A/USDT:USDT,0.5745,21.0,0.57449,18.0,0.57451,149.0,0.57455,9.0
1753546988800,16:23:08.800,A/USDT:USDT,0.5745,21.0,0.57449,18.0,0.57451,149.0,0.57455,9.0
1753546989936,16:23:09.936,A/USDT:USDT,0.5745,21.0,0.57449,18.0,0.57451,149.0,0.57455,9.0
1753546990041,16:23:10.041,A/USDT:USDT,0.5745,21.0,0.57449,18.0,0.57451,149.0,0.57455,9.0
1753546990144,16:23:10.144,A/USDT:USDT,0.5745,21.0,0.57449,18.0,0.57451,149.0,0.57455,9.0
1753546990502,16:23:10.502,A/USDT:USDT,0.5745,21.0,0.57449,18.0,0.57451,149.0,0.57455,9.0
1753546990608,16:23:10.608,A/USDT:USDT,0.5745,21.0,0.57449,18.0,0.57451,149.0,0.57455,9.0
1753546990845,16:23:10.845,A/USDT:USDT,0.5745,21.0,0.57449,18.0,0.57451,149.0,0.57455,9.0
1753546990947,16:23:10.947,A/USDT:USDT,0.5745,21.0,0.57449,18.0,0.57451,149.0,0.57455,9.0
1753546991052,16:23:11.052,A/USDT:USDT,0.5745,69.0,0.57449,18.0,0.57451,149.0,0.57455,9.0
1753546991260,16:23:11.260,A/USDT:USDT,0.5745,69.0,0.57449,18.0,0.57451,149.0,0.57455,9.0
1753546991502,16:23:11.502,A/USDT:USDT,0.5745,69.0,0.57449,18.0,0.57451,149.0,0.57455,9.0
1753546991766,16:23:11.766,A/USDT:USDT,0.5745,69.0,0.57449,18.0,0.57451,149.0,0.57455,9.0
1753546992046,16:23:12.046,A/USDT:USDT,0.5745,69.0,0.57449,18.0,0.57451,149.0,0.57455,9.0
1753546992164,16:23:12.164,A/USDT:USDT,0.5745,69.0,0.57449,18.0,0.57451,149.0,0.57455,9.0
1753546992404,16:23:12.404,A/USDT:USDT,0.5745,69.0,0.57449,18.0,0.57451,149.0,0.57455,9.0
1753546992507,16:23:12.507,A/USDT:USDT,0.5745,21.0,0.57449,18.0,0.57451,149.0,0.57455,9.0
1753546992658,16:23:12.658,A/USDT:USDT,0.5745,21.0,0.57449,18.0,0.57451,149.0,0.57455,9.0
1753546993016,16:23:13.016,A/USDT:USDT,0.5745,21.0,0.57449,18.0,0.57451,149.0,0.57455,9.0
1753546993119,16:23:13.119,A/USDT:USDT,0.5745,21.0,0.57449,18.0,0.57451,149.0,0.57455,9.0
1753546993287,16:23:13.287,A/USDT:USDT,0.5745,69.0,0.57449,18.0,0.57451,149.0,0.57455,9.0
1753546993853,16:23:13.853,A/USDT:USDT,0.5745,21.0,0.57449,18.0,0.57451,149.0,0.57455,9.0
1753546993956,16:23:13.956,A/USDT:USDT,0.5745,69.0,0.57449,18.0,0.57451,149.0,0.57455,9.0
1753546994075,16:23:14.075,A/USDT:USDT,0.5745,21.0,0.57449,18.0,0.57451,149.0,0.57455,9.0
1753546994202,16:23:14.202,A/USDT:USDT,0.5745,21.0,0.57449,18.0,0.57451,149.0,0.57455,9.0
1753546994307,16:23:14.307,A/USDT:USDT,0.5745,21.0,0.57449,18.0,0.57451,149.0,0.57455,9.0
1753546994806,16:23:14.806,A/USDT:USDT,0.5745,21.0,0.57449,18.0,0.57451,149.0,0.57455,9.0
1753546994909,16:23:14.909,A/USDT:USDT,0.5745,79.0,0.57449,18.0,0.57451,149.0,0.57455,9.0
1753546995058,16:23:15.058,A/USDT:USDT,0.5745,79.0,0.57449,18.0,0.57451,149.0,0.57455,9.0
1753546995164,16:23:15.164,A/USDT:USDT,0.5745,79.0,0.57449,18.0,0.57451,149.0,0.57455,9.0
1753546995267,16:23:15.267,A/USDT:USDT,0.5745,79.0,0.57449,18.0,0.57451,149.0,0.57455,9.0
1753546995378,16:23:15.378,A/USDT:USDT,0.5745,31.0,0.57449,18.0,0.57451,149.0,0.57453,37.0
1753546995497,16:23:15.497,A/USDT:USDT,0.5745,31.0,0.57449,18.0,0.57451,149.0,0.57453,37.0
1753546995736,16:23:15.736,A/USDT:USDT,0.5745,31.0,0.57449,18.0,0.57451,149.0,0.57453,37.0
1753546995895,16:23:15.895,A/USDT:USDT,0.5745,31.0,0.57449,18.0,0.57451,149.0,0.57453,37.0
1753546996031,16:23:16.031,A/USDT:USDT,0.5745,87.0,0.57447,215.0,0.57451,149.0,0.57455,9.0
1753546996135,16:23:16.135,A/USDT:USDT,0.5745,135.0,0.57447,215.0,0.57451,149.0,0.57455,9.0
1753546996259,16:23:16.259,A/USDT:USDT,0.5745,87.0,0.57447,215.0,0.57451,149.0,0.57455,9.0
1753546996360,16:23:16.360,A/USDT:USDT,0.5745,87.0,0.57447,215.0,0.57451,149.0,0.57455,9.0
1753546996462,16:23:16.462,A/USDT:USDT,0.5745,135.0,0.57447,215.0,0.57451,149.0,0.57455,9.0
1753546996565,16:23:16.565,A/USDT:USDT,0.5745,87.0,0.57447,18.0,0.57451,149.0,0.57455,9.0
1753546996668,16:23:16.668,A/USDT:USDT,0.5745,87.0,0.57447,18.0,0.57451,363.0,0.57455,9.0
1753546996856,16:23:16.856,A/USDT:USDT,0.5745,87.0,0.57447,18.0,0.57451,149.0,0.57455,9.0
1753546996972,16:23:16.972,A/USDT:USDT,0.5745,87.0,0.57446,18.0,0.57451,149.0,0.57455,9.0
1753546997079,16:23:17.079,A/USDT:USDT,0.5745,87.0,0.57446,18.0,0.57451,149.0,0.57455,9.0
1753546997183,16:23:17.183,A/USDT:USDT,0.5745,135.0,0.57446,18.0,0.57451,149.0,0.57455,9.0
1753546997504,16:23:17.504,A/USDT:USDT,0.5745,145.0,0.57446,18.0,0.57451,149.0,0.57455,9.0
1753546997607,16:23:17.607,A/USDT:USDT,0.5745,145.0,0.57446,18.0,0.57451,149.0,0.57455,9.0
1753546998035,16:23:18.035,A/USDT:USDT,0.5745,145.0,0.57446,18.0,0.57451,149.0,0.57455,9.0
1753546998138,16:23:18.138,A/USDT:USDT,0.5745,97.0,0.57446,18.0,0.57451,149.0,0.57455,9.0
1753546998625,16:23:18.625,A/USDT:USDT,0.5745,145.0,0.57446,18.0,0.57451,149.0,0.57455,9.0
1753546998727,16:23:18.727,A/USDT:USDT,0.5745,97.0,0.57446,18.0,0.57451,149.0,0.57455,9.0
1753546998835,16:23:18.835,A/USDT:USDT,0.5745,145.0,0.57446,18.0,0.57451,149.0,0.57455,9.0
1753546998936,16:23:18.936,A/USDT:USDT,0.5745,145.0,0.57446,18.0,0.57451,149.0,0.57455,9.0
1753546999109,16:23:19.109,A/USDT:USDT,0.5745,145.0,0.57446,18.0,0.57451,149.0,0.57455,9.0
1753546999258,16:23:19.258,A/USDT:USDT,0.5745,97.0,0.57446,18.0,0.57451,149.0,0.57455,9.0
1753546999361,16:23:19.361,A/USDT:USDT,0.5745,97.0,0.57446,18.0,0.57451,149.0,0.57455,9.0
1753546999465,16:23:19.465,A/USDT:USDT,0.5745,145.0,0.57446,18.0,0.57451,149.0,0.57455,9.0
1753546999876,16:23:19.876,A/USDT:USDT,0.5745,97.0,0.57446,18.0,0.57451,149.0,0.57455,9.0
1753547000002,16:23:20.002,A/USDT:USDT,0.5745,97.0,0.57446,18.0,0.57451,149.0,0.57455,9.0
1753547000110,16:23:20.110,A/USDT:USDT,0.5745,97.0,0.57446,18.0,0.57451,149.0,0.57455,9.0
1753547000432,16:23:20.432,A/USDT:USDT,0.5745,97.0,0.57446,18.0,0.57451,149.0,0.57455,9.0
1753547000536,16:23:20.536,A/USDT:USDT,0.5745,97.0,0.57446,18.0,0.57451,149.0,0.57455,9.0
1753547001102,16:23:21.102,A/USDT:USDT,0.5745,97.0,0.57446,18.0,0.57451,149.0,0.57455,9.0
1753547001208,16:23:21.208,A/USDT:USDT,0.5745,97.0,0.57446,18.0,0.57451,149.0,0.57455,9.0
1753547001454,16:23:21.454,A/USDT:USDT,0.5745,97.0,0.57446,18.0,0.57451,149.0,0.57455,9.0
1753547001576,16:23:21.576,A/USDT:USDT,0.5745,97.0,0.57446,18.0,0.57451,149.0,0.57455,9.0
1753547001702,16:23:21.702,A/USDT:USDT,0.5745,97.0,0.57446,18.0,0.57451,149.0,0.57455,9.0
1753547002004,16:23:22.004,A/USDT:USDT,0.5745,97.0,0.57446,18.0,0.57451,149.0,0.57455,9.0
1753547002109,16:23:22.109,A/USDT:USDT,0.5745,97.0,0.57446,18.0,0.57451,149.0,0.57455,9.0
1753547002336,16:23:22.336,A/USDT:USDT,0.5745,97.0,0.57446,18.0,0.57451,149.0,0.57455,9.0
1753547002605,16:23:22.605,A/USDT:USDT,0.5745,97.0,0.57446,18.0,0.57451,149.0,0.57455,9.0
1753547003007,16:23:23.007,A/USDT:USDT,0.5745,97.0,0.57446,18.0,0.57451,149.0,0.57455,9.0
1753547003110,16:23:23.110,A/USDT:USDT,0.5745,97.0,0.57446,18.0,0.57451,149.0,0.57455,9.0
1753547003378,16:23:23.378,A/USDT:USDT,0.5745,145.0,0.57446,18.0,0.57451,149.0,0.57455,9.0
1753547003511,16:23:23.511,A/USDT:USDT,0.5745,145.0,0.57447,199.0,0.57451,149.0,0.57455,9.0
1753547003773,16:23:23.773,A/USDT:USDT,0.5745,145.0,0.57447,199.0,0.57451,149.0,0.57455,9.0
1753547003876,16:23:23.876,A/USDT:USDT,0.5745,145.0,0.57447,199.0,0.57451,149.0,0.57455,9.0
1753547003977,16:23:23.977,A/USDT:USDT,0.5745,145.0,0.57447,199.0,0.57451,149.0,0.57455,9.0
1753547004110,16:23:24.110,A/USDT:USDT,0.5745,145.0,0.57447,199.0,0.57451,149.0,0.57455,9.0
1753547004226,16:23:24.226,A/USDT:USDT,0.5745,97.0,0.57447,199.0,0.57451,149.0,0.57455,9.0
1753547004565,16:23:24.565,A/USDT:USDT,0.5745,145.0,0.57447,199.0,0.57451,149.0,0.57455,9.0
1753547005043,16:23:25.043,A/USDT:USDT,0.5745,97.0,0.57446,18.0,0.57451,149.0,0.57455,9.0
1753547005145,16:23:25.145,A/USDT:USDT,0.5745,97.0,0.57446,18.0,0.57451,149.0,0.57455,9.0
1753547005255,16:23:25.255,A/USDT:USDT,0.5745,97.0,0.57446,18.0,0.57451,149.0,0.57455,9.0
1753547005428,16:23:25.428,A/USDT:USDT,0.5745,97.0,0.57446,18.0,0.57451,149.0,0.57455,9.0
1753547005800,16:23:25.800,A/USDT:USDT,0.5745,97.0,0.57446,18.0,0.57451,149.0,0.57455,46.0
1753547005901,16:23:25.901,A/USDT:USDT,0.5745,97.0,0.57446,18.0,0.57451,149.0,0.57455,46.0
1753547006029,16:23:26.029,A/USDT:USDT,0.5745,41.0,0.57446,18.0,0.57451,363.0,0.57455,46.0
1753547006144,16:23:26.144,A/USDT:USDT,0.5745,41.0,0.57446,18.0,0.57451,363.0,0.57455,46.0
1753547006279,16:23:26.279,A/USDT:USDT,0.5745,41.0,0.57446,18.0,0.57451,363.0,0.57455,46.0
1753547006560,16:23:26.560,A/USDT:USDT,0.5745,41.0,0.57446,18.0,0.57451,363.0,0.57455,46.0
1753547006764,16:23:26.764,A/USDT:USDT,0.5745,41.0,0.57446,18.0,0.57451,149.0,0.57455,46.0
1753547006936,16:23:26.936,A/USDT:USDT,0.5745,41.0,0.57446,18.0,0.57451,149.0,0.57455,9.0
1753547007238,16:23:27.238,A/USDT:USDT,0.5745,41.0,0.57444,28.0,0.57451,107.0,0.57453,31.0
1753547007458,16:23:27.458,A/USDT:USDT,0.5745,41.0,0.57444,28.0,0.57451,107.0,0.57453,31.0
1753547007686,16:23:27.686,A/USDT:USDT,0.5745,41.0,0.57444,28.0,0.57451,107.0,0.57453,31.0
1753547008096,16:23:28.096,A/USDT:USDT,0.5745,41.0,0.57444,28.0,0.57451,415.0,0.57453,31.0
1753547008197,16:23:28.197,A/USDT:USDT,0.5745,41.0,0.57444,28.0,0.57451,107.0,0.57455,9.0
1753547008300,16:23:28.300,A/USDT:USDT,0.5745,41.0,0.57444,28.0,0.57451,107.0,0.57455,9.0
1753547008656,16:23:28.656,A/USDT:USDT,0.5745,41.0,0.57444,28.0,0.57451,107.0,0.57455,9.0
1753547008760,16:23:28.760,A/USDT:USDT,0.5745,41.0,0.57444,28.0,0.57451,107.0,0.57455,9.0
1753547008863,16:23:28.863,A/USDT:USDT,0.5745,41.0,0.57444,28.0,0.57451,107.0,0.57455,9.0
1753547009449,16:23:29.449,A/USDT:USDT,0.5745,41.0,0.57444,28.0,0.57451,344.0,0.57452,37.0
1753547009585,16:23:29.585,A/USDT:USDT,0.57444,10.0,0.57442,91.0,0.57445,601.0,0.57446,37.0
1753547009686,16:23:29.686,A/USDT:USDT,0.57444,10.0,0.57442,91.0,0.57445,601.0,0.57446,37.0
1753547009802,16:23:29.802,A/USDT:USDT,0.57444,10.0,0.57442,91.0,0.57445,387.0,0.57446,37.0
1753547009939,16:23:29.939,A/USDT:USDT,0.57444,10.0,0.57442,91.0,0.57445,387.0,0.57446,37.0
1753547010059,16:23:30.059,A/USDT:USDT,0.57444,10.0,0.57442,91.0,0.57445,387.0,0.57446,37.0
1753547010161,16:23:30.161,A/USDT:USDT,0.57444,10.0,0.57442,91.0,0.57445,387.0,0.57447,37.0
1753547010264,16:23:30.264,A/USDT:USDT,0.57444,10.0,0.57442,91.0,0.57445,387.0,0.57447,37.0
1753547010386,16:23:30.386,A/USDT:USDT,0.57444,36.0,0.57442,91.0,0.57445,387.0,0.57449,80.0
1753547010550,16:23:30.550,A/USDT:USDT,0.57444,36.0,0.57442,91.0,0.57445,387.0,0.57449,80.0
1753547010653,16:23:30.653,A/USDT:USDT,0.57444,36.0,0.57442,91.0,0.57445,387.0,0.57449,80.0
1753547010759,16:23:30.759,A/USDT:USDT,0.57444,36.0,0.57442,91.0,0.57445,387.0,0.57449,80.0
1753547010989,16:23:30.989,A/USDT:USDT,0.57444,36.0,0.57442,91.0,0.57445,387.0,0.57449,80.0
1753547011109,16:23:31.109,A/USDT:USDT,0.57444,36.0,0.57442,91.0,0.57445,387.0,0.57449,80.0
1753547011302,16:23:31.302,A/USDT:USDT,0.57444,36.0,0.57442,91.0,0.57445,387.0,0.57449,80.0
1753547011561,16:23:31.561,A/USDT:USDT,0.57444,36.0,0.57442,91.0,0.57445,387.0,0.57449,80.0
1753547011766,16:23:31.766,A/USDT:USDT,0.57444,36.0,0.57442,91.0,0.57445,387.0,0.57449,80.0
1753547011902,16:23:31.902,A/USDT:USDT,0.57444,36.0,0.57442,91.0,0.57445,387.0,0.57449,80.0
1753547012109,16:23:32.109,A/USDT:USDT,0.57444,36.0,0.57442,91.0,0.57445,387.0,0.57449,80.0
1753547012466,16:23:32.466,A/USDT:USDT,0.57444,36.0,0.57442,91.0,0.57445,387.0,0.57449,80.0
1753547012850,16:23:32.850,A/USDT:USDT,0.57444,36.0,0.57442,91.0,0.57445,601.0,0.57449,80.0
1753547012952,16:23:32.952,A/USDT:USDT,0.57444,36.0,0.57442,91.0,0.57445,387.0,0.57449,80.0
1753547013111,16:23:33.111,A/USDT:USDT,0.57444,36.0,0.57442,91.0,0.57445,387.0,0.57449,80.0
1753547013363,16:23:33.363,A/USDT:USDT,0.57444,36.0,0.57442,91.0,0.57445,107.0,0.57449,80.0
1753547013556,16:23:33.556,A/USDT:USDT,0.57444,36.0,0.57442,91.0,0.57445,107.0,0.57449,80.0
1753547013657,16:23:33.657,A/USDT:USDT,0.57444,36.0,0.57442,91.0,0.57445,321.0,0.57449,80.0
1753547013818,16:23:33.818,A/USDT:USDT,0.57444,36.0,0.57442,91.0,0.57445,321.0,0.57449,80.0
1753547013979,16:23:33.979,A/USDT:USDT,0.57444,36.0,0.57442,91.0,0.57445,107.0,0.57449,80.0
1753547014106,16:23:34.106,A/USDT:USDT,0.57444,36.0,0.57442,91.0,0.57445,107.0,0.57449,80.0
1753547014209,16:23:34.209,A/USDT:USDT,0.57444,36.0,0.57442,91.0,0.57445,107.0,0.57449,80.0
1753547014344,16:23:34.344,A/USDT:USDT,0.57444,36.0,0.57442,91.0,0.57445,135.0,0.57447,42.0
1753547014587,16:23:34.587,A/USDT:USDT,0.57444,36.0,0.57442,91.0,0.57445,135.0,0.57447,42.0
1753547014739,16:23:34.739,A/USDT:USDT,0.57444,36.0,0.57442,91.0,0.57445,107.0,0.57449,80.0
1753547014954,16:23:34.954,A/USDT:USDT,0.57444,36.0,0.57442,91.0,0.57445,107.0,0.57449,80.0
1753547015110,16:23:35.110,A/USDT:USDT,0.57444,36.0,0.57442,91.0,0.57445,107.0,0.57449,80.0
1753547015275,16:23:35.275,A/USDT:USDT,0.57444,36.0,0.57442,91.0,0.57445,107.0,0.57449,80.0
1753547016110,16:23:36.110,A/USDT:USDT,0.57444,36.0,0.57442,91.0,0.57445,107.0,0.57449,80.0
1753547016341,16:23:36.341,A/USDT:USDT,0.57444,36.0,0.57442,91.0,0.57445,107.0,0.57449,80.0
1753547016444,16:23:36.444,A/USDT:USDT,0.57444,36.0,0.57442,91.0,0.57445,107.0,0.57449,80.0
1753547017094,16:23:37.094,A/USDT:USDT,0.57444,36.0,0.57442,91.0,0.57445,107.0,0.57449,80.0
1753547017220,16:23:37.220,A/USDT:USDT,0.57444,36.0,0.57442,91.0,0.57445,321.0,0.57447,64.0
1753547017323,16:23:37.323,A/USDT:USDT,0.57444,36.0,0.57442,91.0,0.57445,107.0,0.57448,64.0
1753547017488,16:23:37.488,A/USDT:USDT,0.57444,36.0,0.57442,91.0,0.57445,107.0,0.57449,80.0
1753547017594,16:23:37.594,A/USDT:USDT,0.57444,36.0,0.57442,91.0,0.57445,321.0,0.57448,42.0
1753547017696,16:23:37.696,A/USDT:USDT,0.57444,36.0,0.57442,91.0,0.57445,107.0,0.57448,42.0
1753547017858,16:23:37.858,A/USDT:USDT,0.57444,36.0,0.57442,91.0,0.57445,107.0,0.57448,42.0
1753547018110,16:23:38.110,A/USDT:USDT,0.57444,36.0,0.57442,91.0,0.57445,107.0,0.57448,42.0
1753547018302,16:23:38.302,A/USDT:USDT,0.57444,36.0,0.57442,91.0,0.57445,107.0,0.57448,42.0
1753547018604,16:23:38.604,A/USDT:USDT,0.57444,36.0,0.57442,91.0,0.57445,107.0,0.57448,42.0
1753547018715,16:23:38.715,A/USDT:USDT,0.57444,36.0,0.57442,91.0,0.57445,107.0,0.57448,42.0
1753547018902,16:23:38.902,A/USDT:USDT,0.57444,36.0,0.57442,91.0,0.57445,107.0,0.57447,42.0
1753547019111,16:23:39.111,A/USDT:USDT,0.57444,36.0,0.57442,91.0,0.57445,107.0,0.57447,42.0
1753547019347,16:23:39.347,A/USDT:USDT,0.57444,36.0,0.57442,91.0,0.57445,107.0,0.57447,42.0
1753547019502,16:23:39.502,A/USDT:USDT,0.57444,36.0,0.57442,91.0,0.57445,107.0,0.57447,42.0
1753547020102,16:23:40.102,A/USDT:USDT,0.57444,36.0,0.57442,91.0,0.57445,107.0,0.57448,42.0
1753547020292,16:23:40.292,A/USDT:USDT,0.57444,36.0,0.57442,91.0,0.57445,178.0,0.57448,42.0
1753547020458,16:23:40.458,A/USDT:USDT,0.57444,36.0,0.57442,91.0,0.57445,178.0,0.57448,42.0
1753547020760,16:23:40.760,A/USDT:USDT,0.57444,36.0,0.57442,91.0,0.57445,178.0,0.57448,42.0
1753547020886,16:23:40.886,A/USDT:USDT,0.57444,66.0,0.57442,91.0,0.57445,178.0,0.57448,42.0
1753547021072,16:23:41.072,A/USDT:USDT,0.57444,66.0,0.57442,91.0,0.57445,178.0,0.57448,42.0
1753547021194,16:23:41.194,A/USDT:USDT,0.57444,66.0,0.57442,91.0,0.57445,178.0,0.57449,80.0
1753547021298,16:23:41.298,A/USDT:USDT,0.57444,66.0,0.57442,91.0,0.57445,178.0,0.57449,80.0
1753547021757,16:23:41.757,A/USDT:USDT,0.57444,66.0,0.57442,91.0,0.57445,178.0,0.57447,42.0
1753547021859,16:23:41.859,A/USDT:USDT,0.57444,66.0,0.57442,91.0,0.57445,178.0,0.57447,42.0
1753547022110,16:23:42.110,A/USDT:USDT,0.57444,66.0,0.57442,91.0,0.57445,178.0,0.57447,42.0
1753547022395,16:23:42.395,A/USDT:USDT,0.57444,66.0,0.57442,91.0,0.57445,178.0,0.57447,42.0
1753547022500,16:23:42.500,A/USDT:USDT,0.57444,66.0,0.57442,91.0,0.57445,178.0,0.57449,80.0
1753547022902,16:23:42.902,A/USDT:USDT,0.57444,66.0,0.57442,91.0,0.57445,178.0,0.57447,42.0
1753547023116,16:23:43.116,A/USDT:USDT,0.57444,66.0,0.57442,91.0,0.57445,178.0,0.57447,42.0
1753547023361,16:23:43.361,A/USDT:USDT,0.57444,66.0,0.57442,91.0,0.57445,178.0,0.57447,42.0
1753547023464,16:23:43.464,A/USDT:USDT,0.57444,66.0,0.57442,91.0,0.57445,178.0,0.57449,80.0
1753547023959,16:23:43.959,A/USDT:USDT,0.57444,66.0,0.57442,91.0,0.57445,178.0,0.57447,42.0
1753547024228,16:23:44.228,A/USDT:USDT,0.57444,87.0,0.57442,91.0,0.57445,178.0,0.57447,42.0
1753547024602,16:23:44.602,A/USDT:USDT,0.57444,87.0,0.57442,91.0,0.57445,178.0,0.57447,42.0
1753547025111,16:23:45.111,A/USDT:USDT,0.57444,87.0,0.57442,91.0,0.57445,178.0,0.57447,42.0
1753547025656,16:23:45.656,A/USDT:USDT,0.57444,87.0,0.57442,91.0,0.57445,178.0,0.57447,42.0
1753547025759,16:23:45.759,A/USDT:USDT,0.57444,87.0,0.57442,91.0,0.57445,178.0,0.57447,42.0
1753547025902,16:23:45.902,A/USDT:USDT,0.57444,87.0,0.57442,91.0,0.57445,178.0,0.57447,42.0
1753547026005,16:23:46.005,A/USDT:USDT,0.57444,143.0,0.57442,73.0,0.57445,178.0,0.57449,80.0
1753547026109,16:23:46.109,A/USDT:USDT,0.57444,143.0,0.57442,73.0,0.57445,178.0,0.57449,80.0
1753547026302,16:23:46.302,A/USDT:USDT,0.57444,143.0,0.57442,73.0,0.57445,178.0,0.57449,80.0
1753547026646,16:23:46.646,A/USDT:USDT,0.57444,143.0,0.57442,73.0,0.57445,178.0,0.57449,80.0
1753547027355,16:23:47.355,A/USDT:USDT,0.57444,143.0,0.57442,73.0,0.57445,178.0,0.57449,80.0
1753547027502,16:23:47.502,A/USDT:USDT,0.57444,143.0,0.57442,73.0,0.57445,178.0,0.57448,42.0
1753547027608,16:23:47.608,A/USDT:USDT,0.57444,143.0,0.57442,73.0,0.57445,178.0,0.57448,42.0
1753547028635,16:23:48.635,A/USDT:USDT,0.57444,143.0,0.57442,73.0,0.57445,178.0,0.57449,80.0
1753547028741,16:23:48.741,A/USDT:USDT,0.57444,143.0,0.57442,73.0,0.57445,178.0,0.57449,80.0
1753547029109,16:23:49.109,A/USDT:USDT,0.57444,143.0,0.57442,73.0,0.57445,178.0,0.57449,80.0
1753547029223,16:23:49.223,A/USDT:USDT,0.57444,143.0,0.57442,73.0,0.57445,178.0,0.57449,80.0
1753547029327,16:23:49.327,A/USDT:USDT,0.57444,143.0,0.57442,73.0,0.57445,178.0,0.57448,42.0
1753547029659,16:23:49.659,A/USDT:USDT,0.57444,143.0,0.57442,73.0,0.57445,178.0,0.57448,42.0
1753547030110,16:23:50.110,A/USDT:USDT,0.57444,143.0,0.57442,73.0,0.57445,178.0,0.57448,42.0
1753547030214,16:23:50.214,A/USDT:USDT,0.57444,143.0,0.57442,73.0,0.57445,178.0,0.57448,42.0
1753547030365,16:23:50.365,A/USDT:USDT,0.57444,143.0,0.57442,73.0,0.57445,178.0,0.57448,42.0
1753547030751,16:23:50.751,A/USDT:USDT,0.57444,143.0,0.57442,73.0,0.57445,178.0,0.57449,80.0
1753547030856,16:23:50.856,A/USDT:USDT,0.57444,143.0,0.57442,73.0,0.57445,178.0,0.57449,80.0
1753547030959,16:23:50.959,A/USDT:USDT,0.57444,87.0,0.57442,73.0,0.57445,178.0,0.57449,80.0
1753547031089,16:23:51.089,A/USDT:USDT,0.57444,87.0,0.57442,73.0,0.57445,178.0,0.57449,80.0
1753547032257,16:23:52.257,A/USDT:USDT,0.57444,87.0,0.57442,73.0,0.57445,178.0,0.57449,80.0
1753547032571,16:23:52.571,A/USDT:USDT,0.57444,87.0,0.57442,73.0,0.57445,178.0,0.57449,80.0
1753547032702,16:23:52.702,A/USDT:USDT,0.57444,87.0,0.57442,73.0,0.57445,178.0,0.57449,80.0
1753547033100,16:23:53.100,A/USDT:USDT,0.57444,87.0,0.57442,73.0,0.57445,178.0,0.57449,80.0
1753547033204,16:23:53.204,A/USDT:USDT,0.57444,87.0,0.57442,73.0,0.57445,178.0,0.57449,80.0
1753547033382,16:23:53.382,A/USDT:USDT,0.57444,87.0,0.57442,73.0,0.57445,188.0,0.57449,80.0
1753547034109,16:23:54.109,A/USDT:USDT,0.57444,87.0,0.57442,73.0,0.57445,188.0,0.57448,42.0
1753547034216,16:23:54.216,A/USDT:USDT,0.57444,87.0,0.57442,73.0,0.57445,188.0,0.57446,42.0
1753547034658,16:23:54.658,A/USDT:USDT,0.57444,87.0,0.57442,73.0,0.57445,188.0,0.57446,42.0
1753547035002,16:23:55.002,A/USDT:USDT,0.57444,87.0,0.57442,73.0,0.57445,188.0,0.57446,42.0
1753547035109,16:23:55.109,A/USDT:USDT,0.57444,87.0,0.57442,73.0,0.57445,188.0,0.57446,42.0
1753547036034,16:23:56.034,A/USDT:USDT,0.57444,143.0,0.57442,73.0,0.57445,188.0,0.57449,80.0
1753547036144,16:23:56.144,A/USDT:USDT,0.57444,143.0,0.57442,73.0,0.57445,188.0,0.57449,80.0
1753547036313,16:23:56.313,A/USDT:USDT,0.57444,143.0,0.57442,73.0,0.57445,188.0,0.57449,80.0
1753547036540,16:23:56.540,A/USDT:USDT,0.57444,143.0,0.57442,73.0,0.57445,188.0,0.57449,80.0
1753547036661,16:23:56.661,A/USDT:USDT,0.57444,122.0,0.57442,73.0,0.57445,209.0,0.57449,80.0
1753547037005,16:23:57.005,A/USDT:USDT,0.57444,122.0,0.57442,73.0,0.57445,209.0,0.57448,42.0
1753547037110,16:23:57.110,A/USDT:USDT,0.57444,122.0,0.57442,73.0,0.57445,209.0,0.57448,42.0
1753547037396,16:23:57.396,A/USDT:USDT,0.57444,122.0,0.57442,73.0,0.57445,209.0,0.57448,42.0
1753547037702,16:23:57.702,A/USDT:USDT,0.57444,122.0,0.57442,73.0,0.57445,209.0,0.57448,42.0
1753547038109,16:23:58.109,A/USDT:USDT,0.57444,122.0,0.57442,73.0,0.57445,209.0,0.57448,42.0
1753547038302,16:23:58.302,A/USDT:USDT,0.57444,122.0,0.57442,73.0,0.57445,209.0,0.57448,42.0
1753547039110,16:23:59.110,A/USDT:USDT,0.57444,122.0,0.57442,73.0,0.57445,209.0,0.57449,80.0
1753547039211,16:23:59.211,A/USDT:USDT,0.57444,122.0,0.57442,73.0,0.57445,209.0,0.57449,80.0
1753547039607,16:23:59.607,A/USDT:USDT,0.57444,122.0,0.57442,73.0,0.57445,209.0,0.57449,80.0
1753547039840,16:23:59.840,A/USDT:USDT,0.57444,122.0,0.57442,73.0,0.57445,209.0,0.57447,42.0
1753547040345,16:24:00.345,A/USDT:USDT,0.57444,122.0,0.57442,73.0,0.57445,209.0,0.57449,80.0
1753547040449,16:24:00.449,A/USDT:USDT,0.57444,122.0,0.57442,73.0,0.57445,209.0,0.57449,80.0
1753547040555,16:24:00.555,A/USDT:USDT,0.57444,122.0,0.57442,73.0,0.57445,209.0,0.57449,80.0
1753547040855,16:24:00.855,A/USDT:USDT,0.57444,122.0,0.57442,73.0,0.57445,209.0,0.57449,80.0
1753547041035,16:24:01.035,A/USDT:USDT,0.57444,66.0,0.57442,73.0,0.57445,209.0,0.57449,80.0
1753547041139,16:24:01.139,A/USDT:USDT,0.57444,66.0,0.57442,73.0,0.57445,209.0,0.57449,80.0
1753547041805,16:24:01.805,A/USDT:USDT,0.57444,66.0,0.57442,73.0,0.57445,209.0,0.57447,43.0
1753547042259,16:24:02.259,A/USDT:USDT,0.57444,66.0,0.57442,73.0,0.57445,209.0,0.57447,43.0
1753547042802,16:24:02.802,A/USDT:USDT,0.57444,66.0,0.57442,73.0,0.57445,209.0,0.57449,80.0
1753547042970,16:24:02.970,A/USDT:USDT,0.57444,66.0,0.57442,73.0,0.57445,209.0,0.57449,80.0
1753547043075,16:24:03.075,A/USDT:USDT,0.57444,66.0,0.57442,73.0,0.57445,209.0,0.57449,80.0
1753547043740,16:24:03.740,A/USDT:USDT,0.57444,66.0,0.57442,73.0,0.57445,209.0,0.57449,80.0
1753547044109,16:24:04.109,A/USDT:USDT,0.57444,114.0,0.57442,73.0,0.57445,209.0,0.57449,80.0
1753547044213,16:24:04.213,A/USDT:USDT,0.57444,114.0,0.57442,73.0,0.57445,209.0,0.57449,80.0
1753547044326,16:24:04.326,A/USDT:USDT,0.57444,114.0,0.57442,73.0,0.57445,209.0,0.57449,80.0
1753547044436,16:24:04.436,A/USDT:USDT,0.57444,114.0,0.57442,73.0,0.57445,209.0,0.57449,80.0
1753547044540,16:24:04.540,A/USDT:USDT,0.57444,114.0,0.57442,73.0,0.57445,209.0,0.57449,80.0
1753547045065,16:24:05.065,A/USDT:USDT,0.57444,114.0,0.57442,73.0,0.57445,209.0,0.57449,80.0
1753547045206,16:24:05.206,A/USDT:USDT,0.57444,114.0,0.57442,73.0,0.57445,209.0,0.57449,80.0
1753547045319,16:24:05.319,A/USDT:USDT,0.57444,114.0,0.57442,73.0,0.57445,209.0,0.57449,80.0
1753547045557,16:24:05.557,A/USDT:USDT,0.57444,114.0,0.57442,73.0,0.57445,209.0,0.57449,80.0
1753547045805,16:24:05.805,A/USDT:USDT,0.57444,66.0,0.57442,73.0,0.57445,209.0,0.57449,80.0
1753547046053,16:24:06.053,A/USDT:USDT,0.57444,66.0,0.57442,73.0,0.57445,209.0,0.57449,80.0
1753547046201,16:24:06.201,A/USDT:USDT,0.57444,66.0,0.57442,73.0,0.57445,209.0,0.57449,80.0
1753547046348,16:24:06.348,A/USDT:USDT,0.57444,66.0,0.57442,73.0,0.57445,201.0,0.57449,80.0
1753547046502,16:24:06.502,A/USDT:USDT,0.57444,66.0,0.57442,73.0,0.57445,201.0,0.57449,80.0
1753547046611,16:24:06.611,A/USDT:USDT,0.57444,66.0,0.57442,73.0,0.57445,201.0,0.57449,80.0
1753547046715,16:24:06.715,A/USDT:USDT,0.57444,66.0,0.57442,73.0,0.57445,201.0,0.57449,80.0
1753547046951,16:24:06.951,A/USDT:USDT,0.57444,66.0,0.57442,73.0,0.57445,201.0,0.57449,80.0
1753547047109,16:24:07.109,A/USDT:USDT,0.57444,66.0,0.57442,73.0,0.57445,201.0,0.57449,80.0
1753547047265,16:24:07.265,A/USDT:USDT,0.57444,66.0,0.57442,73.0,0.57445,201.0,0.57449,80.0
1753547047690,16:24:07.690,A/USDT:USDT,0.57444,66.0,0.57442,73.0,0.57445,201.0,0.57449,80.0
1753547047802,16:24:07.802,A/USDT:USDT,0.57444,66.0,0.57442,73.0,0.57445,201.0,0.57449,80.0
1753547047908,16:24:07.908,A/USDT:USDT,0.57444,75.0,0.57442,73.0,0.57445,201.0,0.57449,80.0
1753547048014,16:24:08.014,A/USDT:USDT,0.57444,123.0,0.57442,73.0,0.57445,201.0,0.57449,80.0
1753547048116,16:24:08.116,A/USDT:USDT,0.57444,75.0,0.57442,73.0,0.57445,201.0,0.57449,80.0
1753547048236,16:24:08.236,A/USDT:USDT,0.57444,75.0,0.57442,73.0,0.57445,201.0,0.57449,80.0
1753547048358,16:24:08.358,A/USDT:USDT,0.57444,75.0,0.57442,73.0,0.57445,201.0,0.57449,80.0
1753547048464,16:24:08.464,A/USDT:USDT,0.57444,75.0,0.57442,73.0,0.57445,415.0,0.57449,80.0
1753547048700,16:24:08.700,A/USDT:USDT,0.57444,75.0,0.57442,73.0,0.57445,415.0,0.57449,80.0
1753547048803,16:24:08.803,A/USDT:USDT,0.57444,75.0,0.57442,73.0,0.57445,201.0,0.57449,80.0
1753547049102,16:24:09.102,A/USDT:USDT,0.57444,75.0,0.57442,73.0,0.57445,201.0,0.57449,80.0
1753547049443,16:24:09.443,A/USDT:USDT,0.57444,75.0,0.57442,73.0,0.57445,201.0,0.57449,80.0
1753547049553,16:24:09.553,A/USDT:USDT,0.57444,75.0,0.57442,73.0,0.57445,201.0,0.57449,80.0
1753547049658,16:24:09.658,A/USDT:USDT,0.57444,75.0,0.57442,73.0,0.57445,201.0,0.57449,80.0
1753547049760,16:24:09.760,A/USDT:USDT,0.57444,75.0,0.57442,73.0,0.57445,201.0,0.57449,80.0
1753547050006,16:24:10.006,A/USDT:USDT,0.57444,75.0,0.57442,73.0,0.57445,201.0,0.57449,80.0
1753547050109,16:24:10.109,A/USDT:USDT,0.57444,75.0,0.57442,73.0,0.57445,201.0,0.57449,80.0
1753547050265,16:24:10.265,A/USDT:USDT,0.57444,75.0,0.57442,73.0,0.57445,201.0,0.57449,80.0
1753547050482,16:24:10.482,A/USDT:USDT,0.57444,75.0,0.57442,73.0,0.57445,201.0,0.57449,80.0
1753547050677,16:24:10.677,A/USDT:USDT,0.57444,75.0,0.57442,73.0,0.57445,201.0,0.57449,80.0
1753547051110,16:24:11.110,A/USDT:USDT,0.57444,123.0,0.57442,73.0,0.57445,201.0,0.57449,80.0
1753547051213,16:24:11.213,A/USDT:USDT,0.57444,123.0,0.57442,73.0,0.57445,201.0,0.57449,80.0
1753547051500,16:24:11.500,A/USDT:USDT,0.57444,123.0,0.57442,73.0,0.57445,201.0,0.57449,80.0
1753547051721,16:24:11.721,A/USDT:USDT,0.57444,123.0,0.57442,73.0,0.57445,201.0,0.57449,80.0
1753547051824,16:24:11.824,A/USDT:USDT,0.57444,123.0,0.57442,73.0,0.57445,201.0,0.57449,80.0
1753547051984,16:24:11.984,A/USDT:USDT,0.57444,123.0,0.57442,73.0,0.57445,201.0,0.57449,80.0
1753547052110,16:24:12.110,A/USDT:USDT,0.57444,123.0,0.57442,73.0,0.57445,201.0,0.57449,80.0
1753547052302,16:24:12.302,A/USDT:USDT,0.57444,123.0,0.57442,73.0,0.57445,201.0,0.57449,80.0
1753547052406,16:24:12.406,A/USDT:USDT,0.57444,123.0,0.57442,73.0,0.57445,201.0,0.57449,80.0
1753547053110,16:24:13.110,A/USDT:USDT,0.57444,123.0,0.57442,73.0,0.57445,201.0,0.57449,80.0
1753547053247,16:24:13.247,A/USDT:USDT,0.57444,75.0,0.57442,73.0,0.57445,201.0,0.57449,80.0
1753547053352,16:24:13.352,A/USDT:USDT,0.57444,75.0,0.57442,73.0,0.57445,201.0,0.57449,80.0
1753547053469,16:24:13.469,A/USDT:USDT,0.57444,75.0,0.57442,73.0,0.57445,201.0,0.57449,80.0
1753547053578,16:24:13.578,A/USDT:USDT,0.57444,75.0,0.57442,73.0,0.57445,201.0,0.57448,43.0
1753547054003,16:24:14.003,A/USDT:USDT,0.57444,75.0,0.57442,73.0,0.57445,201.0,0.57448,43.0
1753547054586,16:24:14.586,A/USDT:USDT,0.57444,75.0,0.57442,73.0,0.57445,201.0,0.57448,43.0
1753547055095,16:24:15.095,A/USDT:USDT,0.57444,75.0,0.57442,73.0,0.57445,201.0,0.57449,80.0
1753547055198,16:24:15.198,A/USDT:USDT,0.57444,75.0,0.57442,73.0,0.57445,201.0,0.57449,80.0
1753547055527,16:24:15.527,A/USDT:USDT,0.57444,75.0,0.57442,73.0,0.57445,415.0,0.57447,43.0
1753547055630,16:24:15.630,A/USDT:USDT,0.57444,75.0,0.57442,73.0,0.57445,415.0,0.57447,43.0
1753547055790,16:24:15.790,A/USDT:USDT,0.57444,75.0,0.57442,73.0,0.57445,415.0,0.57447,43.0
1753547055980,16:24:15.980,A/USDT:USDT,0.57444,75.0,0.57442,73.0,0.57445,415.0,0.57447,43.0
1753547056109,16:24:16.109,A/USDT:USDT,0.57444,75.0,0.57442,73.0,0.57445,415.0,0.57447,43.0
1753547056301,16:24:16.301,A/USDT:USDT,0.57444,75.0,0.57442,73.0,0.57445,415.0,0.57447,43.0
1753547056729,16:24:16.729,A/USDT:USDT,0.57444,75.0,0.57442,73.0,0.57445,415.0,0.57447,43.0
1753547056832,16:24:16.832,A/USDT:USDT,0.57444,75.0,0.57442,73.0,0.57445,415.0,0.57449,80.0
1753547056934,16:24:16.934,A/USDT:USDT,0.57444,75.0,0.57442,73.0,0.57445,201.0,0.57449,80.0
1753547057084,16:24:17.084,A/USDT:USDT,0.57444,75.0,0.57442,73.0,0.57445,201.0,0.57449,80.0
1753547057193,16:24:17.193,A/USDT:USDT,0.57444,75.0,0.57442,73.0,0.57445,415.0,0.57449,80.0
1753547057335,16:24:17.335,A/USDT:USDT,0.57444,75.0,0.57442,73.0,0.57445,201.0,0.57449,80.0
1753547057720,16:24:17.720,A/USDT:USDT,0.57444,75.0,0.57443,10000.0,0.57445,201.0,0.57449,80.0
1753547057823,16:24:17.823,A/USDT:USDT,0.57444,123.0,0.57443,10000.0,0.57445,201.0,0.57449,80.0
1753547058001,16:24:18.001,A/USDT:USDT,0.57444,123.0,0.57443,10000.0,0.57445,201.0,0.57449,80.0
1753547058110,16:24:18.110,A/USDT:USDT,0.57444,123.0,0.57443,10000.0,0.57445,201.0,0.57449,80.0
1753547058289,16:24:18.289,A/USDT:USDT,0.57444,123.0,0.57443,10000.0,0.57445,201.0,0.57449,80.0
1753547058504,16:24:18.504,A/USDT:USDT,0.57444,133.0,0.57443,10000.0,0.57445,201.0,0.57449,80.0
1753547058793,16:24:18.793,A/USDT:USDT,0.57444,133.0,0.57443,10000.0,0.57445,201.0,0.57449,80.0
1753547058914,16:24:18.914,A/USDT:USDT,0.57444,133.0,0.57443,10000.0,0.57445,201.0,0.5745,9.0
1753547059017,16:24:19.017,A/USDT:USDT,0.57448,325.0,0.57447,192.0,0.57456,9.0,0.57457,18.0
1753547059125,16:24:19.125,A/USDT:USDT,0.57448,309.0,0.57445,139.0,0.57456,9.0,0.57457,18.0
1753547059228,16:24:19.228,A/USDT:USDT,0.57448,309.0,0.57445,139.0,0.57456,9.0,0.57457,18.0
1753547059347,16:24:19.347,A/USDT:USDT,0.57448,309.0,0.57445,139.0,0.57456,9.0,0.57457,18.0
1753547059515,16:24:19.515,A/USDT:USDT,0.5745,240.0,0.57449,224.0,0.57456,9.0,0.57457,18.0
1753547059619,16:24:19.619,A/USDT:USDT,0.5745,240.0,0.57449,224.0,0.57456,9.0,0.57457,18.0
1753547060058,16:24:20.058,A/USDT:USDT,0.5745,192.0,0.57449,139.0,0.57456,9.0,0.57457,18.0
1753547060368,16:24:20.368,A/USDT:USDT,0.5745,192.0,0.57449,139.0,0.57456,9.0,0.57457,18.0
1753547060591,16:24:20.591,A/USDT:USDT,0.5745,192.0,0.57449,139.0,0.57456,9.0,0.57457,18.0
1753547060695,16:24:20.695,A/USDT:USDT,0.5745,192.0,0.57449,139.0,0.57456,9.0,0.57457,18.0
1753547060798,16:24:20.798,A/USDT:USDT,0.5745,192.0,0.57449,139.0,0.57456,9.0,0.57457,18.0
1753547061030,16:24:21.030,A/USDT:USDT,0.5745,192.0,0.57449,139.0,0.57456,9.0,0.57457,18.0
1753547061144,16:24:21.144,A/USDT:USDT,0.5745,192.0,0.57449,139.0,0.57456,9.0,0.57457,18.0
1753547061429,16:24:21.429,A/USDT:USDT,0.5745,192.0,0.57449,139.0,0.57456,9.0,0.57457,18.0
1753547061544,16:24:21.544,A/USDT:USDT,0.5745,192.0,0.57449,139.0,0.57456,9.0,0.57457,18.0
1753547061697,16:24:21.697,A/USDT:USDT,0.5745,192.0,0.57449,139.0,0.57456,9.0,0.57457,18.0
1753547061897,16:24:21.897,A/USDT:USDT,0.5745,192.0,0.57449,139.0,0.57456,9.0,0.57457,18.0
1753547062001,16:24:22.001,A/USDT:USDT,0.5745,192.0,0.57449,139.0,0.57456,9.0,0.57457,18.0
1753547062109,16:24:22.109,A/USDT:USDT,0.5745,192.0,0.57449,139.0,0.57456,9.0,0.57457,18.0
1753547062238,16:24:22.238,A/USDT:USDT,0.5745,192.0,0.57449,139.0,0.57456,9.0,0.57457,18.0
1753547062383,16:24:22.383,A/USDT:USDT,0.5745,192.0,0.57449,139.0,0.57456,9.0,0.57457,18.0
1753547062487,16:24:22.487,A/USDT:USDT,0.5745,192.0,0.57449,139.0,0.57456,9.0,0.57457,18.0
1753547062863,16:24:22.863,A/USDT:USDT,0.5745,192.0,0.57449,139.0,0.57456,9.0,0.57457,18.0
1753547063002,16:24:23.002,A/USDT:USDT,0.5745,192.0,0.57449,139.0,0.57456,9.0,0.57457,18.0
1753547063110,16:24:23.110,A/USDT:USDT,0.5745,192.0,0.57449,139.0,0.57456,9.0,0.57457,18.0
1753547063602,16:24:23.602,A/USDT:USDT,0.5745,192.0,0.57449,139.0,0.57456,9.0,0.57457,18.0
1753547064076,16:24:24.076,A/USDT:USDT,0.5745,192.0,0.57449,139.0,0.57456,9.0,0.57457,18.0
1753547064302,16:24:24.302,A/USDT:USDT,0.5745,192.0,0.57449,139.0,0.57456,9.0,0.57457,18.0
1753547064406,16:24:24.406,A/USDT:USDT,0.5745,192.0,0.57449,139.0,0.57456,9.0,0.57457,18.0
1753547064702,16:24:24.702,A/USDT:USDT,0.5745,192.0,0.57449,139.0,0.57456,9.0,0.57457,18.0
1753547065107,16:24:25.107,A/USDT:USDT,0.5745,192.0,0.57449,139.0,0.57456,9.0,0.57457,18.0
1753547065258,16:24:25.258,A/USDT:USDT,0.5745,192.0,0.57449,139.0,0.57456,9.0,0.57457,18.0
1753547065662,16:24:25.662,A/USDT:USDT,0.57448,149.0,0.57445,283.0,0.57456,9.0,0.57457,18.0
1753547065766,16:24:25.766,A/USDT:USDT,0.57448,149.0,0.57445,283.0,0.57456,9.0,0.57457,18.0
1753547065902,16:24:25.902,A/USDT:USDT,0.57448,176.0,0.57445,144.0,0.57456,9.0,0.57457,18.0
1753547066005,16:24:26.005,A/USDT:USDT,0.57448,176.0,0.57445,144.0,0.57456,9.0,0.57457,18.0
1753547066109,16:24:26.109,A/USDT:USDT,0.57448,176.0,0.57445,144.0,0.57456,9.0,0.57457,18.0
1753547066262,16:24:26.262,A/USDT:USDT,0.57448,151.0,0.57445,144.0,0.57456,9.0,0.57457,18.0
1753547066398,16:24:26.398,A/USDT:USDT,0.57448,151.0,0.57445,144.0,0.57456,9.0,0.57457,18.0
1753547066772,16:24:26.772,A/USDT:USDT,0.57448,151.0,0.57445,144.0,0.57456,9.0,0.57457,18.0
1753547067001,16:24:27.001,A/USDT:USDT,0.57448,151.0,0.57445,144.0,0.57456,9.0,0.57457,18.0
1753547067111,16:24:27.111,A/USDT:USDT,0.57448,151.0,0.57445,144.0,0.57456,9.0,0.57457,18.0
1753547067249,16:24:27.249,A/USDT:USDT,0.57448,151.0,0.57445,144.0,0.57456,9.0,0.57457,18.0
1753547067402,16:24:27.402,A/USDT:USDT,0.57448,151.0,0.57445,144.0,0.57456,9.0,0.57457,18.0
1753547067559,16:24:27.559,A/USDT:USDT,0.57448,151.0,0.57445,144.0,0.57456,9.0,0.57457,18.0
1753547067664,16:24:27.664,A/USDT:USDT,0.57448,151.0,0.57445,144.0,0.57456,9.0,0.57457,18.0
1753547068110,16:24:28.110,A/USDT:USDT,0.57448,151.0,0.57445,144.0,0.57456,9.0,0.57457,18.0
1753547068215,16:24:28.215,A/USDT:USDT,0.57448,151.0,0.57445,144.0,0.57456,9.0,0.57457,18.0
1753547068643,16:24:28.643,A/USDT:USDT,0.57448,305.0,0.57446,199.0,0.57456,9.0,0.57457,18.0
1753547068997,16:24:28.997,A/USDT:USDT,0.57449,48.0,0.57448,305.0,0.57456,9.0,0.57457,18.0
1753547069109,16:24:29.109,A/USDT:USDT,0.57449,48.0,0.57448,305.0,0.57456,9.0,0.57457,18.0
1753547069259,16:24:29.259,A/USDT:USDT,0.57449,48.0,0.57448,220.0,0.57456,9.0,0.57457,18.0
1753547069366,16:24:29.366,A/USDT:USDT,0.57449,48.0,0.57448,151.0,0.57456,9.0,0.57457,18.0
1753547069468,16:24:29.468,A/USDT:USDT,0.57449,48.0,0.57448,151.0,0.57456,9.0,0.57457,18.0
1753547069578,16:24:29.578,A/USDT:USDT,0.57449,48.0,0.57448,151.0,0.57456,9.0,0.57457,18.0
1753547069806,16:24:29.806,A/USDT:USDT,0.57449,48.0,0.57448,151.0,0.57456,9.0,0.57457,18.0
1753547069952,16:24:29.952,A/USDT:USDT,0.57449,48.0,0.57448,151.0,0.57456,9.0,0.57457,18.0
1753547070216,16:24:30.216,A/USDT:USDT,0.57449,48.0,0.57448,151.0,0.57456,9.0,0.57457,18.0
1753547070636,16:24:30.636,A/USDT:USDT,0.57449,48.0,0.57448,156.0,0.57456,9.0,0.57457,18.0
1753547071102,16:24:31.102,A/USDT:USDT,0.57449,48.0,0.57448,156.0,0.57456,9.0,0.57457,18.0
1753547071218,16:24:31.218,A/USDT:USDT,0.57449,48.0,0.57448,156.0,0.57456,9.0,0.57457,18.0
1753547071379,16:24:31.379,A/USDT:USDT,0.57449,48.0,0.57448,156.0,0.57456,9.0,0.57457,18.0
1753547071482,16:24:31.482,A/USDT:USDT,0.57449,48.0,0.57448,156.0,0.57456,9.0,0.57457,18.0
1753547071676,16:24:31.676,A/USDT:USDT,0.57449,48.0,0.57448,156.0,0.57456,9.0,0.57457,18.0
1753547071876,16:24:31.876,A/USDT:USDT,0.57449,252.0,0.57448,156.0,0.57456,9.0,0.57457,18.0
1753547071991,16:24:31.991,A/USDT:USDT,0.57449,252.0,0.57448,227.0,0.57456,9.0,0.57457,18.0
1753547072110,16:24:32.110,A/USDT:USDT,0.57449,252.0,0.57448,227.0,0.57456,9.0,0.57457,18.0
1753547072442,16:24:32.442,A/USDT:USDT,0.57449,252.0,0.57448,156.0,0.57456,9.0,0.57457,18.0
1753547072602,16:24:32.602,A/USDT:USDT,0.57449,252.0,0.57448,156.0,0.57456,9.0,0.57457,18.0
1753547073219,16:24:33.219,A/USDT:USDT,0.57451,48.0,0.5745,197.0,0.57456,9.0,0.57457,18.0
1753547073340,16:24:33.340,A/USDT:USDT,0.57451,48.0,0.5745,197.0,0.57456,9.0,0.57457,18.0
1753547073446,16:24:33.446,A/USDT:USDT,0.57451,48.0,0.5745,197.0,0.57456,9.0,0.57457,18.0
1753547073621,16:24:33.621,A/USDT:USDT,0.57451,48.0,0.5745,197.0,0.57456,9.0,0.57457,18.0
1753547073724,16:24:33.724,A/USDT:USDT,0.57451,48.0,0.5745,197.0,0.57456,9.0,0.57457,18.0
1753547073869,16:24:33.869,A/USDT:USDT,0.57455,48.0,0.57452,336.0,0.57456,9.0,0.57457,18.0
1753547073970,16:24:33.970,A/USDT:USDT,0.57455,48.0,0.57452,520.0,0.57456,9.0,0.57457,18.0
1753547074109,16:24:34.109,A/USDT:USDT,0.57455,48.0,0.57452,520.0,0.57456,9.0,0.57457,18.0
1753547074369,16:24:34.369,A/USDT:USDT,0.57455,48.0,0.57452,336.0,0.57456,9.0,0.57457,18.0
1753547074474,16:24:34.474,A/USDT:USDT,0.57455,48.0,0.57452,336.0,0.57456,9.0,0.57457,18.0
1753547074577,16:24:34.577,A/USDT:USDT,0.57455,48.0,0.57452,336.0,0.57456,9.0,0.57457,18.0
1753547074785,16:24:34.785,A/USDT:USDT,0.57455,48.0,0.57452,336.0,0.57456,9.0,0.57457,18.0
1753547075075,16:24:35.075,A/USDT:USDT,0.57455,48.0,0.57452,336.0,0.57456,9.0,0.57457,18.0
1753547075386,16:24:35.386,A/USDT:USDT,0.57455,48.0,0.57452,336.0,0.57456,9.0,0.57457,18.0
1753547075558,16:24:35.558,A/USDT:USDT,0.57461,48.0,0.5746,13.0,0.57462,19.0,0.57463,18.0
1753547075664,16:24:35.664,A/USDT:USDT,0.57461,48.0,0.5746,13.0,0.57463,18.0,0.57465,18.0
1753547075866,16:24:35.866,A/USDT:USDT,0.57461,139.0,0.5746,13.0,0.57468,70.0,0.57469,18.0
1753547076336,16:24:36.336,A/USDT:USDT,0.57461,323.0,0.5746,13.0,0.57468,70.0,0.57469,18.0
1753547076486,16:24:36.486,A/USDT:USDT,0.57461,323.0,0.5746,13.0,0.57468,70.0,0.57469,18.0
1753547076588,16:24:36.588,A/USDT:USDT,0.57461,158.0,0.5746,13.0,0.57468,70.0,0.57469,18.0
1753547076697,16:24:36.697,A/USDT:USDT,0.57461,158.0,0.5746,13.0,0.57468,70.0,0.57469,18.0
1753547076800,16:24:36.800,A/USDT:USDT,0.57461,158.0,0.5746,13.0,0.57468,70.0,0.57469,18.0
1753547077316,16:24:37.316,A/USDT:USDT,0.57461,158.0,0.5746,13.0,0.57468,70.0,0.57469,18.0
1753547077564,16:24:37.564,A/USDT:USDT,0.57461,158.0,0.5746,13.0,0.57468,70.0,0.57469,18.0
1753547077868,16:24:37.868,A/USDT:USDT,0.57461,158.0,0.5746,13.0,0.57468,70.0,0.57469,18.0
1753547077971,16:24:37.971,A/USDT:USDT,0.57461,158.0,0.5746,13.0,0.57468,70.0,0.57469,18.0
1753547078110,16:24:38.110,A/USDT:USDT,0.57461,158.0,0.5746,13.0,0.57468,70.0,0.57469,18.0
1753547078213,16:24:38.213,A/USDT:USDT,0.57461,351.0,0.5746,13.0,0.57468,61.0,0.57469,18.0
1753547078486,16:24:38.486,A/USDT:USDT,0.57461,351.0,0.5746,13.0,0.57468,61.0,0.57469,18.0
1753547078590,16:24:38.590,A/USDT:USDT,0.57461,351.0,0.5746,13.0,0.57468,61.0,0.57469,18.0
1753547078702,16:24:38.702,A/USDT:USDT,0.57461,351.0,0.5746,13.0,0.57468,61.0,0.57469,18.0
1753547078807,16:24:38.807,A/USDT:USDT,0.57461,351.0,0.5746,13.0,0.57468,61.0,0.57469,18.0
1753547079109,16:24:39.109,A/USDT:USDT,0.57461,351.0,0.5746,13.0,0.57468,61.0,0.57469,18.0
1753547079336,16:24:39.336,A/USDT:USDT,0.57461,351.0,0.5746,13.0,0.57468,61.0,0.57469,18.0
1753547079585,16:24:39.585,A/USDT:USDT,0.57461,351.0,0.5746,13.0,0.57468,61.0,0.57469,18.0
1753547079836,16:24:39.836,A/USDT:USDT,0.57461,351.0,0.5746,13.0,0.57468,61.0,0.57469,18.0
1753547080048,16:24:40.048,A/USDT:USDT,0.57461,351.0,0.5746,13.0,0.57468,61.0,0.57469,18.0
1753547080151,16:24:40.151,A/USDT:USDT,0.57461,351.0,0.5746,13.0,0.57468,61.0,0.57469,18.0
1753547080289,16:24:40.289,A/USDT:USDT,0.57461,351.0,0.5746,13.0,0.57468,61.0,0.57469,18.0
1753547080408,16:24:40.408,A/USDT:USDT,0.57461,351.0,0.5746,13.0,0.57468,61.0,0.57469,18.0
1753547080603,16:24:40.603,A/USDT:USDT,0.57461,351.0,0.5746,13.0,0.57468,61.0,0.57469,18.0
1753547080708,16:24:40.708,A/USDT:USDT,0.57461,351.0,0.5746,13.0,0.57468,61.0,0.57469,18.0
1753547081110,16:24:41.110,A/USDT:USDT,0.57461,351.0,0.5746,13.0,0.57468,61.0,0.57469,18.0
1753547081259,16:24:41.259,A/USDT:USDT,0.57461,351.0,0.5746,13.0,0.57468,61.0,0.57469,18.0
1753547081372,16:24:41.372,A/USDT:USDT,0.57475,31.0,0.57473,191.0,0.57479,139.0,0.5748,37.0
1753547081474,16:24:41.474,A/USDT:USDT,0.57475,31.0,0.57473,191.0,0.57479,139.0,0.5748,37.0
1753547081577,16:24:41.577,A/USDT:USDT,0.57475,31.0,0.57473,191.0,0.57479,139.0,0.5748,37.0
1753547081688,16:24:41.688,A/USDT:USDT,0.57475,31.0,0.57473,191.0,0.57479,139.0,0.5748,37.0
1753547081843,16:24:41.843,A/USDT:USDT,0.57475,31.0,0.57473,191.0,0.57479,139.0,0.5748,37.0
1753547081947,16:24:41.947,A/USDT:USDT,0.57475,31.0,0.57473,191.0,0.57479,139.0,0.5748,37.0
1753547082095,16:24:42.095,A/USDT:USDT,0.57475,31.0,0.57473,191.0,0.57479,139.0,0.5748,37.0
1753547082371,16:24:42.371,A/USDT:USDT,0.57478,48.0,0.57477,13.0,0.57479,139.0,0.5748,37.0
1753547082500,16:24:42.500,A/USDT:USDT,0.57478,48.0,0.57477,13.0,0.57479,139.0,0.5748,37.0
1753547082602,16:24:42.602,A/USDT:USDT,0.57478,48.0,0.57477,13.0,0.57479,139.0,0.5748,37.0
1753547082707,16:24:42.707,A/USDT:USDT,0.57478,48.0,0.57477,13.0,0.57479,139.0,0.5748,37.0
1753547082824,16:24:42.824,A/USDT:USDT,0.57477,13.0,0.57476,88.0,0.5748,37.0,0.57484,18.0
1753547082965,16:24:42.965,A/USDT:USDT,0.57476,48.0,0.57475,31.0,0.5748,37.0,0.57484,18.0
1753547083068,16:24:43.068,A/USDT:USDT,0.57476,48.0,0.57475,31.0,0.5748,37.0,0.57484,18.0
1753547083171,16:24:43.171,A/USDT:USDT,0.57476,48.0,0.57475,31.0,0.5748,37.0,0.57484,18.0
1753547083334,16:24:43.334,A/USDT:USDT,0.57476,288.0,0.57475,31.0,0.5748,37.0,0.57484,18.0
1753547083444,16:24:43.444,A/USDT:USDT,0.57476,288.0,0.57475,31.0,0.5748,37.0,0.57484,18.0
1753547083602,16:24:43.602,A/USDT:USDT,0.57476,288.0,0.57475,31.0,0.5748,37.0,0.57484,18.0
1753547083707,16:24:43.707,A/USDT:USDT,0.57476,240.0,0.57475,31.0,0.5748,37.0,0.57484,18.0
1753547083848,16:24:43.848,A/USDT:USDT,0.57476,240.0,0.57475,31.0,0.5748,37.0,0.57484,18.0
1753547084017,16:24:44.017,A/USDT:USDT,0.57476,240.0,0.57475,31.0,0.5748,37.0,0.57484,18.0
1753547084121,16:24:44.121,A/USDT:USDT,0.57476,240.0,0.57475,31.0,0.5748,37.0,0.57484,18.0
1753547084376,16:24:44.376,A/USDT:USDT,0.57476,240.0,0.57475,31.0,0.5748,37.0,0.57484,18.0
1753547084520,16:24:44.520,A/USDT:USDT,0.57476,240.0,0.57475,31.0,0.5748,56.0,0.57484,18.0
1753547084745,16:24:44.745,A/USDT:USDT,0.57478,10.0,0.57477,70.0,0.5748,56.0,0.57484,18.0
1753547084847,16:24:44.847,A/USDT:USDT,0.57479,48.0,0.57478,10.0,0.5748,56.0,0.57484,18.0
1753547084953,16:24:44.953,A/USDT:USDT,0.57479,48.0,0.57478,10.0,0.5748,56.0,0.57484,18.0
1753547085069,16:24:45.069,A/USDT:USDT,0.57479,48.0,0.57478,10.0,0.5748,56.0,0.57484,18.0
1753547085295,16:24:45.295,A/USDT:USDT,0.57479,267.0,0.57478,10.0,0.5748,56.0,0.57484,18.0
1753547085400,16:24:45.400,A/USDT:USDT,0.57479,294.0,0.57478,10.0,0.5748,56.0,0.57484,18.0
1753547085555,16:24:45.555,A/USDT:USDT,0.57479,294.0,0.57478,10.0,0.5748,56.0,0.57484,18.0
1753547085683,16:24:45.683,A/USDT:USDT,0.57479,294.0,0.57478,10.0,0.5748,56.0,0.57484,18.0
1753547085802,16:24:45.802,A/USDT:USDT,0.57479,294.0,0.57478,10.0,0.5748,56.0,0.57484,18.0
1753547086145,16:24:46.145,A/USDT:USDT,0.57479,294.0,0.57478,10.0,0.5748,56.0,0.57484,18.0
1753547086335,16:24:46.335,A/USDT:USDT,0.57479,294.0,0.57478,10.0,0.5748,56.0,0.57484,18.0
1753547086607,16:24:46.607,A/USDT:USDT,0.57479,294.0,0.57478,10.0,0.5748,56.0,0.57484,18.0
1753547086708,16:24:46.708,A/USDT:USDT,0.57479,342.0,0.57478,10.0,0.5748,56.0,0.57484,18.0
1753547086872,16:24:46.872,A/USDT:USDT,0.57479,342.0,0.57478,10.0,0.5748,56.0,0.57484,18.0
1753547087019,16:24:47.019,A/USDT:USDT,0.57479,294.0,0.57478,10.0,0.5748,56.0,0.57484,18.0
1753547087145,16:24:47.145,A/USDT:USDT,0.57479,294.0,0.57478,10.0,0.5748,56.0,0.57484,18.0
1753547087301,16:24:47.301,A/USDT:USDT,0.57479,312.0,0.57478,10.0,0.5748,56.0,0.57484,18.0
1753547087425,16:24:47.425,A/USDT:USDT,0.57479,45.0,0.57478,10.0,0.5748,56.0,0.57484,18.0
1753547087558,16:24:47.558,A/USDT:USDT,0.57479,45.0,0.57478,10.0,0.5748,56.0,0.57484,18.0
1753547087780,16:24:47.780,A/USDT:USDT,0.57479,45.0,0.57478,10.0,0.5748,270.0,0.57484,18.0
1753547087898,16:24:47.898,A/USDT:USDT,0.57479,45.0,0.57478,10.0,0.5748,270.0,0.57484,18.0
1753547088002,16:24:48.002,A/USDT:USDT,0.57479,45.0,0.57478,10.0,0.5748,270.0,0.57484,18.0
1753547088105,16:24:48.105,A/USDT:USDT,0.57479,45.0,0.57478,10.0,0.5748,270.0,0.57484,18.0
1753547088265,16:24:48.265,A/USDT:USDT,0.57479,45.0,0.57478,10.0,0.5748,270.0,0.57484,18.0
1753547088368,16:24:48.368,A/USDT:USDT,0.57479,45.0,0.57478,10.0,0.5748,56.0,0.57484,18.0
1753547088479,16:24:48.479,A/USDT:USDT,0.57479,45.0,0.57478,10.0,0.5748,56.0,0.57484,18.0
1753547088582,16:24:48.582,A/USDT:USDT,0.57479,45.0,0.57478,10.0,0.5748,56.0,0.57484,18.0
1753547089041,16:24:49.041,A/USDT:USDT,0.57479,45.0,0.57478,10.0,0.5748,56.0,0.57484,18.0
1753547089144,16:24:49.144,A/USDT:USDT,0.57479,45.0,0.57478,10.0,0.5748,56.0,0.57484,57.0
1753547089251,16:24:49.251,A/USDT:USDT,0.57479,45.0,0.57478,10.0,0.5748,56.0,0.57484,57.0
1753547089419,16:24:49.419,A/USDT:USDT,0.57479,45.0,0.57478,10.0,0.5748,56.0,0.57484,57.0
1753547089542,16:24:49.542,A/USDT:USDT,0.57479,45.0,0.57478,10.0,0.5748,56.0,0.57484,18.0
1753547089646,16:24:49.646,A/USDT:USDT,0.57479,45.0,0.57478,10.0,0.5748,56.0,0.57484,18.0
1753547090000,16:24:50.000,A/USDT:USDT,0.57479,45.0,0.57478,10.0,0.5748,56.0,0.57484,18.0
1753547090110,16:24:50.110,A/USDT:USDT,0.57479,45.0,0.57478,10.0,0.5748,56.0,0.57484,18.0
1753547090213,16:24:50.213,A/USDT:USDT,0.57479,45.0,0.57478,10.0,0.5748,56.0,0.57484,18.0
1753547090387,16:24:50.387,A/USDT:USDT,0.57479,93.0,0.57478,10.0,0.5748,56.0,0.57484,18.0
1753547090502,16:24:50.502,A/USDT:USDT,0.57479,93.0,0.57478,10.0,0.5748,56.0,0.57484,18.0
1753547090604,16:24:50.604,A/USDT:USDT,0.57479,93.0,0.57478,10.0,0.5748,56.0,0.57485,10.0
1753547090708,16:24:50.708,A/USDT:USDT,0.57479,93.0,0.57478,10.0,0.5748,56.0,0.57485,10.0
1753547090814,16:24:50.814,A/USDT:USDT,0.57479,93.0,0.57478,10.0,0.5748,43.0,0.57485,10.0
1753547090956,16:24:50.956,A/USDT:USDT,0.57479,353.0,0.57478,10.0,0.5748,43.0,0.57485,10.0
1753547091095,16:24:51.095,A/USDT:USDT,0.57479,305.0,0.57478,10.0,0.5748,43.0,0.57485,10.0
1753547091201,16:24:51.201,A/USDT:USDT,0.57479,305.0,0.57478,10.0,0.5748,43.0,0.57485,10.0
1753547091446,16:24:51.446,A/USDT:USDT,0.57479,305.0,0.57478,10.0,0.5748,43.0,0.57485,10.0
1753547091715,16:24:51.715,A/USDT:USDT,0.57479,305.0,0.57478,10.0,0.5748,43.0,0.57485,10.0
1753547092081,16:24:52.081,A/USDT:USDT,0.57479,100.0,0.57478,10.0,0.5748,43.0,0.57485,10.0
1753547092251,16:24:52.251,A/USDT:USDT,0.57479,100.0,0.57478,10.0,0.5748,43.0,0.57485,10.0
1753547092355,16:24:52.355,A/USDT:USDT,0.57479,100.0,0.57478,10.0,0.5748,43.0,0.57485,10.0
1753547092540,16:24:52.540,A/USDT:USDT,0.57479,148.0,0.57478,10.0,0.5748,43.0,0.57485,10.0
1753547092643,16:24:52.643,A/USDT:USDT,0.57479,100.0,0.57478,10.0,0.5748,43.0,0.57485,10.0
1753547092902,16:24:52.902,A/USDT:USDT,0.57479,100.0,0.57478,10.0,0.5748,43.0,0.57485,10.0
1753547093110,16:24:53.110,A/USDT:USDT,0.57479,100.0,0.57478,10.0,0.5748,43.0,0.57485,88.0
1753547093213,16:24:53.213,A/USDT:USDT,0.57479,100.0,0.57478,10.0,0.5748,43.0,0.57485,106.0
1753547093434,16:24:53.434,A/USDT:USDT,0.57479,100.0,0.57478,10.0,0.5748,43.0,0.57485,28.0
1753547094002,16:24:54.002,A/USDT:USDT,0.57479,285.0,0.57478,10.0,0.5748,43.0,0.57485,28.0
1753547094111,16:24:54.111,A/USDT:USDT,0.57479,285.0,0.57478,10.0,0.5748,43.0,0.57485,28.0
1753547094359,16:24:54.359,A/USDT:USDT,0.57479,285.0,0.57478,10.0,0.5748,43.0,0.57485,28.0
1753547094600,16:24:54.600,A/USDT:USDT,0.57479,285.0,0.57478,10.0,0.5748,43.0,0.57485,28.0
1753547094702,16:24:54.702,A/USDT:USDT,0.57479,100.0,0.57478,193.0,0.5748,43.0,0.57485,28.0
1753547094879,16:24:54.879,A/USDT:USDT,0.57479,100.0,0.57478,193.0,0.5748,43.0,0.57485,28.0
1753547095109,16:24:55.109,A/USDT:USDT,0.57479,100.0,0.57478,10.0,0.5748,43.0,0.57485,28.0
1753547095302,16:24:55.302,A/USDT:USDT,0.57479,100.0,0.57478,10.0,0.5748,43.0,0.57485,28.0
1753547095427,16:24:55.427,A/USDT:USDT,0.57479,100.0,0.57478,10.0,0.5748,43.0,0.57485,28.0
1753547096030,16:24:56.030,A/USDT:USDT,0.57479,148.0,0.57478,10.0,0.5748,43.0,0.57485,28.0
1753547096144,16:24:56.144,A/USDT:USDT,0.57479,148.0,0.57478,10.0,0.5748,43.0,0.57485,28.0
1753547096255,16:24:56.255,A/USDT:USDT,0.57479,148.0,0.57478,10.0,0.5748,43.0,0.57485,28.0
1753547096358,16:24:56.358,A/USDT:USDT,0.57479,148.0,0.57478,10.0,0.5748,43.0,0.57485,28.0
1753547096908,16:24:56.908,A/USDT:USDT,0.57479,148.0,0.57478,10.0,0.5748,43.0,0.57485,28.0
1753547097044,16:24:57.044,A/USDT:USDT,0.57479,148.0,0.57478,10.0,0.5748,43.0,0.57485,28.0
1753547097147,16:24:57.147,A/USDT:USDT,0.57479,100.0,0.57478,10.0,0.5748,43.0,0.57485,28.0
1753547097402,16:24:57.402,A/USDT:USDT,0.57479,100.0,0.57478,10.0,0.5748,43.0,0.57485,28.0
1753547098109,16:24:58.109,A/USDT:USDT,0.57479,100.0,0.57478,10.0,0.5748,43.0,0.57485,28.0
1753547098259,16:24:58.259,A/USDT:USDT,0.57479,100.0,0.57478,10.0,0.5748,43.0,0.57485,28.0
1753547098392,16:24:58.392,A/USDT:USDT,0.57479,100.0,0.57478,10.0,0.5748,43.0,0.57484,39.0
1753547098498,16:24:58.498,A/USDT:USDT,0.57479,100.0,0.57478,10.0,0.5748,43.0,0.57484,39.0
1753547098622,16:24:58.622,A/USDT:USDT,0.57479,100.0,0.57478,10.0,0.5748,43.0,0.57484,39.0
1753547098908,16:24:58.908,A/USDT:USDT,0.57479,100.0,0.57478,10.0,0.5748,43.0,0.57485,28.0
1753547099110,16:24:59.110,A/USDT:USDT,0.57479,100.0,0.57478,10.0,0.5748,43.0,0.57485,28.0
1753547099263,16:24:59.263,A/USDT:USDT,0.57479,196.0,0.57478,10.0,0.5748,43.0,0.57485,28.0
1753547099643,16:24:59.643,A/USDT:USDT,0.57479,196.0,0.57478,10.0,0.5748,43.0,0.57485,28.0
1753547099759,16:24:59.759,A/USDT:USDT,0.57479,196.0,0.57478,10.0,0.5748,26.0,0.57485,28.0
1753547100109,16:25:00.109,A/USDT:USDT,0.57479,196.0,0.57478,10.0,0.5748,26.0,0.57485,64.0
1753547100218,16:25:00.218,A/USDT:USDT,0.57479,196.0,0.57477,13.0,0.5748,240.0,0.57485,64.0
1753547100319,16:25:00.319,A/USDT:USDT,0.57479,196.0,0.57477,13.0,0.5748,329.0,0.57483,197.0
1753547100423,16:25:00.423,A/USDT:USDT,0.57471,236.0,0.5747,19.0,0.57472,214.0,0.57475,60.0
1753547100527,16:25:00.527,A/USDT:USDT,0.57471,236.0,0.5747,19.0,0.57472,214.0,0.57475,60.0
1753547100630,16:25:00.630,A/USDT:USDT,0.57471,236.0,0.5747,19.0,0.57475,60.0,0.57477,60.0
1753547100775,16:25:00.775,A/USDT:USDT,0.57471,307.0,0.5747,19.0,0.57475,60.0,0.57477,60.0
1753547100989,16:25:00.989,A/USDT:USDT,0.57471,302.0,0.5747,19.0,0.57479,336.0,0.5748,423.0
1753547101095,16:25:01.095,A/USDT:USDT,0.57471,302.0,0.5747,19.0,0.57479,336.0,0.5748,495.0
1753547101199,16:25:01.199,A/USDT:USDT,0.57471,302.0,0.5747,19.0,0.57479,139.0,0.5748,124.0
1753547101306,16:25:01.306,A/USDT:USDT,0.57471,270.0,0.5747,19.0,0.57479,139.0,0.5748,124.0
1753547101465,16:25:01.465,A/USDT:USDT,0.57471,270.0,0.5747,19.0,0.57479,139.0,0.5748,124.0
1753547101579,16:25:01.579,A/USDT:USDT,0.57471,270.0,0.57469,17.0,0.57479,139.0,0.5748,124.0
1753547101684,16:25:01.684,A/USDT:USDT,0.57471,270.0,0.57468,59.0,0.57479,164.0,0.5748,124.0
1753547101866,16:25:01.866,A/USDT:USDT,0.57471,270.0,0.57468,59.0,0.57479,164.0,0.5748,124.0
1753547102109,16:25:02.109,A/USDT:USDT,0.57471,270.0,0.57468,59.0,0.57479,164.0,0.5748,124.0
1753547102502,16:25:02.502,A/USDT:USDT,0.57471,270.0,0.57468,59.0,0.57479,164.0,0.5748,124.0
1753547102607,16:25:02.607,A/USDT:USDT,0.57471,270.0,0.57468,59.0,0.57479,139.0,0.5748,124.0
1753547102716,16:25:02.716,A/USDT:USDT,0.57471,270.0,0.57468,59.0,0.57479,139.0,0.5748,124.0
1753547102859,16:25:02.859,A/USDT:USDT,0.57471,270.0,0.57469,249.0,0.57479,139.0,0.5748,124.0
1753547102999,16:25:02.999,A/USDT:USDT,0.57471,367.0,0.57469,249.0,0.57479,139.0,0.5748,124.0
1753547103113,16:25:03.113,A/USDT:USDT,0.57471,367.0,0.57469,249.0,0.57479,139.0,0.5748,124.0
1753547103263,16:25:03.263,A/USDT:USDT,0.57471,367.0,0.57469,249.0,0.57479,139.0,0.5748,124.0
1753547103378,16:25:03.378,A/USDT:USDT,0.57472,139.0,0.57471,270.0,0.5748,124.0,0.57483,18.0
1753547103528,16:25:03.528,A/USDT:USDT,0.57472,139.0,0.57471,270.0,0.5748,124.0,0.57483,18.0
1753547103673,16:25:03.673,A/USDT:USDT,0.57473,48.0,0.57472,139.0,0.5748,124.0,0.57483,18.0
1753547103785,16:25:03.785,A/USDT:USDT,0.57473,58.0,0.57472,139.0,0.5748,124.0,0.57483,18.0
1753547103913,16:25:03.913,A/USDT:USDT,0.57473,48.0,0.57472,139.0,0.5748,124.0,0.57483,18.0
1753547104102,16:25:04.102,A/USDT:USDT,0.57473,48.0,0.57472,139.0,0.5748,124.0,0.57483,18.0
1753547104284,16:25:04.284,A/USDT:USDT,0.57473,48.0,0.57472,139.0,0.5748,124.0,0.57483,18.0
1753547104599,16:25:04.599,A/USDT:USDT,0.57472,139.0,0.57471,326.0,0.5748,124.0,0.57482,36.0
1753547104702,16:25:04.702,A/USDT:USDT,0.57472,139.0,0.57471,334.0,0.5748,124.0,0.57482,36.0
1753547105016,16:25:05.016,A/USDT:USDT,0.57472,139.0,0.57471,334.0,0.5748,124.0,0.57483,215.0
1753547105121,16:25:05.121,A/USDT:USDT,0.57472,139.0,0.57471,334.0,0.5748,124.0,0.57483,215.0
1753547105226,16:25:05.226,A/USDT:USDT,0.57471,334.0,0.57469,31.0,0.57478,353.0,0.57479,197.0
1753547105329,16:25:05.329,A/USDT:USDT,0.57471,334.0,0.5747,96.0,0.57476,214.0,0.57477,197.0
1753547105437,16:25:05.437,A/USDT:USDT,0.57471,334.0,0.57469,31.0,0.57476,214.0,0.57477,197.0
1753547105658,16:25:05.658,A/USDT:USDT,0.57471,334.0,0.57469,31.0,0.57476,214.0,0.57477,197.0
1753547105802,16:25:05.802,A/USDT:USDT,0.57471,334.0,0.57469,31.0,0.57476,214.0,0.57477,197.0
1753547105908,16:25:05.908,A/USDT:USDT,0.57471,334.0,0.57469,31.0,0.57476,214.0,0.57477,197.0
1753547106033,16:25:06.033,A/USDT:USDT,0.57471,279.0,0.57469,31.0,0.57476,214.0,0.57477,197.0
1753547106147,16:25:06.147,A/USDT:USDT,0.57471,223.0,0.57469,31.0,0.57474,214.0,0.57475,197.0
1753547106252,16:25:06.252,A/USDT:USDT,0.57464,54.0,0.57462,28.0,0.57468,280.0,0.5747,280.0
1753547106354,16:25:06.354,A/USDT:USDT,0.57464,36.0,0.57462,10.0,0.57465,280.0,0.57467,175.0
1753547106467,16:25:06.467,A/USDT:USDT,0.57464,36.0,0.57462,10.0,0.57465,268.0,0.57467,175.0
1753547106570,16:25:06.570,A/USDT:USDT,0.57464,47.0,0.57462,10.0,0.57465,278.0,0.57467,175.0
1753547106689,16:25:06.689,A/USDT:USDT,0.57464,47.0,0.57462,10.0,0.57465,278.0,0.57467,175.0
1753547106811,16:25:06.811,A/USDT:USDT,0.57464,47.0,0.57462,10.0,0.57465,278.0,0.57467,139.0
1753547106919,16:25:06.919,A/USDT:USDT,0.57464,47.0,0.57462,10.0,0.57465,278.0,0.57467,139.0
1753547107066,16:25:07.066,A/USDT:USDT,0.57464,47.0,0.57462,10.0,0.57465,278.0,0.57467,139.0
1753547107255,16:25:07.255,A/USDT:USDT,0.57464,47.0,0.57462,10.0,0.57465,278.0,0.57467,139.0
1753547107360,16:25:07.360,A/USDT:USDT,0.57464,47.0,0.57462,10.0,0.57465,278.0,0.57467,139.0
1753547107464,16:25:07.464,A/USDT:USDT,0.57464,11.0,0.57462,10.0,0.57465,278.0,0.57467,139.0
1753547107708,16:25:07.708,A/USDT:USDT,0.57464,11.0,0.57462,10.0,0.57465,278.0,0.57467,139.0
1753547107811,16:25:07.811,A/USDT:USDT,0.57464,11.0,0.57462,10.0,0.57465,266.0,0.57467,139.0
1753547107933,16:25:07.933,A/USDT:USDT,0.57464,11.0,0.57462,10.0,0.57465,266.0,0.57467,139.0
1753547108110,16:25:08.110,A/USDT:USDT,0.57464,11.0,0.57462,10.0,0.57465,266.0,0.57467,139.0
1753547108213,16:25:08.213,A/USDT:USDT,0.57464,11.0,0.57462,10.0,0.57465,266.0,0.57467,139.0
1753547108316,16:25:08.316,A/USDT:USDT,0.57464,11.0,0.57462,10.0,0.57465,266.0,0.57467,139.0
1753547108425,16:25:08.425,A/USDT:USDT,0.57464,11.0,0.57462,10.0,0.57465,266.0,0.57467,139.0
1753547108671,16:25:08.671,A/USDT:USDT,0.57464,11.0,0.57462,10.0,0.57465,266.0,0.57467,139.0
1753547109111,16:25:09.111,A/USDT:USDT,0.57464,11.0,0.57462,10.0,0.57465,266.0,0.57467,139.0
1753547109273,16:25:09.273,A/USDT:USDT,0.57464,11.0,0.57462,10.0,0.57465,266.0,0.57467,139.0
1753547109517,16:25:09.517,A/USDT:USDT,0.57464,11.0,0.57462,10.0,0.57465,266.0,0.57467,139.0
1753547109643,16:25:09.643,A/USDT:USDT,0.57464,11.0,0.57462,10.0,0.57465,266.0,0.57467,139.0
1753547109759,16:25:09.759,A/USDT:USDT,0.57464,11.0,0.57462,10.0,0.57465,266.0,0.57467,139.0
1753547109862,16:25:09.862,A/USDT:USDT,0.57464,11.0,0.57462,10.0,0.57465,10.0,0.57467,139.0
1753547110110,16:25:10.110,A/USDT:USDT,0.57464,11.0,0.57462,10.0,0.57465,10.0,0.57467,139.0
1753547110230,16:25:10.230,A/USDT:USDT,0.57464,11.0,0.57462,10.0,0.57465,10.0,0.57467,139.0
1753547110367,16:25:10.367,A/USDT:USDT,0.57464,11.0,0.57462,10.0,0.57465,10.0,0.57467,139.0
1753547110494,16:25:10.494,A/USDT:USDT,0.57464,11.0,0.57462,10.0,0.57465,10.0,0.57467,139.0
1753547110597,16:25:10.597,A/USDT:USDT,0.57464,11.0,0.57462,10.0,0.57465,10.0,0.57467,139.0
1753547110907,16:25:10.907,A/USDT:USDT,0.57464,11.0,0.57462,10.0,0.57465,224.0,0.57467,139.0
1753547111065,16:25:11.065,A/USDT:USDT,0.57464,11.0,0.57462,10.0,0.57465,224.0,0.57467,139.0
1753547111353,16:25:11.353,A/USDT:USDT,0.57464,11.0,0.57462,10.0,0.57465,224.0,0.57467,139.0
1753547111861,16:25:11.861,A/USDT:USDT,0.57464,11.0,0.57462,10.0,0.57465,10.0,0.57467,139.0
1753547112110,16:25:12.110,A/USDT:USDT,0.57464,11.0,0.57462,10.0,0.57465,10.0,0.57467,139.0
1753547112563,16:25:12.563,A/USDT:USDT,0.57464,11.0,0.57462,10.0,0.57465,10.0,0.57467,139.0
1753547112921,16:25:12.921,A/USDT:USDT,0.57464,11.0,0.57462,10.0,0.57465,224.0,0.57467,139.0
1753547113028,16:25:13.028,A/USDT:USDT,0.57464,11.0,0.57462,10.0,0.57465,224.0,0.57467,139.0
1753547113130,16:25:13.130,A/USDT:USDT,0.57464,11.0,0.57462,10.0,0.57465,224.0,0.57467,139.0
1753547113285,16:25:13.285,A/USDT:USDT,0.57464,11.0,0.57462,10.0,0.57465,10.0,0.57467,139.0
1753547113386,16:25:13.386,A/USDT:USDT,0.57464,11.0,0.57462,10.0,0.57465,10.0,0.57467,139.0
1753547113556,16:25:13.556,A/USDT:USDT,0.57464,11.0,0.57462,10.0,0.57465,224.0,0.57467,139.0
1753547113914,16:25:13.914,A/USDT:USDT,0.57464,11.0,0.57462,10.0,0.57465,224.0,0.57467,139.0
1753547114017,16:25:14.017,A/USDT:USDT,0.57464,11.0,0.57462,10.0,0.57465,224.0,0.57467,139.0
1753547114259,16:25:14.259,A/USDT:USDT,0.57464,11.0,0.57462,10.0,0.57465,224.0,0.57467,139.0
1753547114362,16:25:14.362,A/USDT:USDT,0.57464,11.0,0.57462,10.0,0.57465,224.0,0.57467,139.0
1753547114638,16:25:14.638,A/USDT:USDT,0.57462,10.0,0.5746,31.0,0.57463,214.0,0.57464,331.0
1753547114749,16:25:14.749,A/USDT:USDT,0.57462,10.0,0.5746,31.0,0.57463,214.0,0.57464,331.0
1753547114853,16:25:14.853,A/USDT:USDT,0.57462,10.0,0.5746,31.0,0.57463,214.0,0.57464,331.0
1753547115110,16:25:15.110,A/USDT:USDT,0.57462,10.0,0.5746,31.0,0.57463,214.0,0.57464,331.0
1753547115260,16:25:15.260,A/USDT:USDT,0.57462,10.0,0.5746,31.0,0.57463,214.0,0.57464,331.0
1753547115375,16:25:15.375,A/USDT:USDT,0.57462,10.0,0.5746,31.0,0.57463,214.0,0.57464,331.0
1753547115643,16:25:15.643,A/USDT:USDT,0.57462,10.0,0.5746,31.0,0.57463,214.0,0.57464,331.0
1753547115747,16:25:15.747,A/USDT:USDT,0.5746,13.0,0.57458,18.0,0.57461,494.0,0.57462,321.0
1753547115850,16:25:15.850,A/USDT:USDT,0.5746,13.0,0.57458,18.0,0.57461,494.0,0.57462,321.0
1753547115968,16:25:15.968,A/USDT:USDT,0.5746,13.0,0.57458,18.0,0.57461,494.0,0.57462,321.0
1753547116110,16:25:16.110,A/USDT:USDT,0.5746,13.0,0.57458,18.0,0.57461,494.0,0.57462,321.0
1753547116396,16:25:16.396,A/USDT:USDT,0.5746,13.0,0.57458,18.0,0.57461,494.0,0.57462,321.0
1753547116544,16:25:16.544,A/USDT:USDT,0.5746,13.0,0.57458,18.0,0.57461,494.0,0.57462,321.0
1753547116649,16:25:16.649,A/USDT:USDT,0.5746,13.0,0.57458,18.0,0.57461,494.0,0.57462,321.0
1753547117110,16:25:17.110,A/USDT:USDT,0.5746,13.0,0.57458,18.0,0.57461,139.0,0.57462,129.0
1753547117211,16:25:17.211,A/USDT:USDT,0.5746,13.0,0.57458,18.0,0.57461,139.0,0.57462,129.0
1753547117349,16:25:17.349,A/USDT:USDT,0.5746,24.0,0.57458,18.0,0.57461,139.0,0.57462,129.0
1753547117502,16:25:17.502,A/USDT:USDT,0.5746,24.0,0.57458,18.0,0.57461,139.0,0.57462,129.0
1753547117608,16:25:17.608,A/USDT:USDT,0.5746,24.0,0.57458,18.0,0.57461,139.0,0.57462,129.0
1753547117715,16:25:17.715,A/USDT:USDT,0.5746,24.0,0.57458,18.0,0.57461,139.0,0.57462,129.0
1753547117855,16:25:17.855,A/USDT:USDT,0.5746,24.0,0.57458,18.0,0.57461,139.0,0.57462,129.0
1753547118002,16:25:18.002,A/USDT:USDT,0.5746,24.0,0.57458,18.0,0.57461,139.0,0.57462,129.0
1753547118110,16:25:18.110,A/USDT:USDT,0.5746,24.0,0.57458,18.0,0.57461,139.0,0.57462,129.0
1753547118488,16:25:18.488,A/USDT:USDT,0.5746,24.0,0.57458,18.0,0.57461,139.0,0.57462,129.0
1753547118591,16:25:18.591,A/USDT:USDT,0.5746,24.0,0.57458,18.0,0.57461,139.0,0.57462,129.0
1753547118702,16:25:18.702,A/USDT:USDT,0.5746,24.0,0.57458,18.0,0.57461,139.0,0.57462,129.0
1753547119102,16:25:19.102,A/USDT:USDT,0.5746,72.0,0.57458,18.0,0.57461,139.0,0.57462,129.0
1753547119206,16:25:19.206,A/USDT:USDT,0.5746,72.0,0.57459,124.0,0.57461,139.0,0.57462,129.0
1753547119308,16:25:19.308,A/USDT:USDT,0.5746,72.0,0.57458,142.0,0.57461,139.0,0.57462,129.0
1753547119605,16:25:19.605,A/USDT:USDT,0.5746,24.0,0.57458,142.0,0.57461,139.0,0.57462,129.0
1753547120057,16:25:20.057,A/USDT:USDT,0.5746,24.0,0.57458,142.0,0.57461,139.0,0.57462,129.0
1753547120170,16:25:20.170,A/USDT:USDT,0.5746,24.0,0.57458,142.0,0.57461,139.0,0.57462,129.0
1753547120321,16:25:20.321,A/USDT:USDT,0.5746,24.0,0.57458,142.0,0.57461,139.0,0.57462,129.0
1753547120435,16:25:20.435,A/USDT:USDT,0.5746,24.0,0.57458,142.0,0.57461,139.0,0.57462,129.0
1753547120599,16:25:20.599,A/USDT:USDT,0.5746,24.0,0.57458,142.0,0.57461,126.0,0.57462,129.0
1753547120703,16:25:20.703,A/USDT:USDT,0.5746,24.0,0.57458,142.0,0.57461,126.0,0.57462,129.0
1753547121026,16:25:21.026,A/USDT:USDT,0.5746,24.0,0.57458,142.0,0.57461,126.0,0.57462,129.0
1753547121144,16:25:21.144,A/USDT:USDT,0.5746,24.0,0.57458,142.0,0.57461,126.0,0.57462,129.0
1753547121258,16:25:21.258,A/USDT:USDT,0.5746,24.0,0.57458,142.0,0.57461,126.0,0.57462,129.0
1753547121551,16:25:21.551,A/USDT:USDT,0.5746,24.0,0.57458,142.0,0.57461,126.0,0.57462,129.0
1753547121745,16:25:21.745,A/USDT:USDT,0.5746,24.0,0.57458,18.0,0.57461,126.0,0.57462,129.0
1753547122008,16:25:22.008,A/USDT:USDT,0.5746,24.0,0.57458,18.0,0.57461,126.0,0.57462,129.0
1753547122109,16:25:22.109,A/USDT:USDT,0.5746,24.0,0.57458,18.0,0.57461,126.0,0.57462,129.0
1753547122259,16:25:22.259,A/USDT:USDT,0.5746,24.0,0.57458,18.0,0.57461,126.0,0.57462,129.0
1753547122413,16:25:22.413,A/USDT:USDT,0.5746,24.0,0.57458,18.0,0.57461,126.0,0.57462,129.0
1753547122802,16:25:22.802,A/USDT:USDT,0.5746,24.0,0.57458,18.0,0.57461,126.0,0.57462,129.0
1753547123110,16:25:23.110,A/USDT:USDT,0.5746,24.0,0.57458,18.0,0.57461,126.0,0.57462,129.0
1753547123373,16:25:23.373,A/USDT:USDT,0.5746,24.0,0.57458,18.0,0.57461,126.0,0.57462,129.0
1753547123476,16:25:23.476,A/USDT:USDT,0.5746,24.0,0.57458,18.0,0.57461,126.0,0.57462,129.0
1753547123729,16:25:23.729,A/USDT:USDT,0.5746,24.0,0.57458,18.0,0.57461,126.0,0.57462,129.0
1753547124110,16:25:24.110,A/USDT:USDT,0.5746,24.0,0.57458,18.0,0.57461,126.0,0.57462,129.0
1753547124370,16:25:24.370,A/USDT:USDT,0.57458,18.0,0.57457,101.0,0.57461,340.0,0.57462,129.0
1753547124471,16:25:24.471,A/USDT:USDT,0.5745,19.0,0.57448,47.0,0.57452,139.0,0.57454,139.0
1753547124675,16:25:24.675,A/USDT:USDT,0.5745,19.0,0.57448,47.0,0.57452,139.0,0.57454,139.0
1753547124780,16:25:24.780,A/USDT:USDT,0.5745,19.0,0.57448,47.0,0.57452,139.0,0.57454,139.0
1753547125102,16:25:25.102,A/USDT:USDT,0.5745,19.0,0.57448,47.0,0.57451,214.0,0.57452,139.0
1753547125259,16:25:25.259,A/USDT:USDT,0.5745,19.0,0.57448,18.0,0.57452,139.0,0.57454,139.0
1753547125463,16:25:25.463,A/USDT:USDT,0.5745,19.0,0.57448,18.0,0.57452,139.0,0.57454,139.0
1753547125615,16:25:25.615,A/USDT:USDT,0.5745,19.0,0.57448,18.0,0.57452,139.0,0.57454,139.0
1753547125775,16:25:25.775,A/USDT:USDT,0.5745,19.0,0.57448,18.0,0.57452,139.0,0.57454,139.0
1753547125879,16:25:25.879,A/USDT:USDT,0.5745,19.0,0.57448,18.0,0.57452,139.0,0.57454,139.0
1753547126045,16:25:26.045,A/USDT:USDT,0.5745,19.0,0.57448,18.0,0.57452,139.0,0.57454,139.0
1753547126148,16:25:26.148,A/USDT:USDT,0.5745,19.0,0.57448,18.0,0.57452,139.0,0.57454,139.0
1753547126252,16:25:26.252,A/USDT:USDT,0.5745,19.0,0.57448,18.0,0.57452,139.0,0.57454,139.0
1753547126359,16:25:26.359,A/USDT:USDT,0.5745,19.0,0.57448,18.0,0.57452,139.0,0.57454,139.0
1753547126464,16:25:26.464,A/USDT:USDT,0.5745,19.0,0.57448,18.0,0.57452,139.0,0.57454,139.0
1753547126808,16:25:26.808,A/USDT:USDT,0.57451,48.0,0.5745,93.0,0.5746,115.0,0.57461,196.0
1753547127111,16:25:27.111,A/USDT:USDT,0.57451,48.0,0.5745,93.0,0.5746,115.0,0.57461,196.0
1753547127255,16:25:27.255,A/USDT:USDT,0.57451,48.0,0.5745,93.0,0.5746,115.0,0.57461,196.0
1753547127643,16:25:27.643,A/USDT:USDT,0.5745,93.0,0.57448,142.0,0.5746,115.0,0.57461,196.0
1753547127756,16:25:27.756,A/USDT:USDT,0.5745,93.0,0.57448,142.0,0.5746,115.0,0.57461,196.0
1753547128095,16:25:28.095,A/USDT:USDT,0.57451,187.0,0.5745,290.0,0.57464,49.0,0.57465,10.0
1753547128302,16:25:28.302,A/USDT:USDT,0.57457,56.0,0.57455,31.0,0.57465,10.0,0.57466,18.0
1753547128406,16:25:28.406,A/USDT:USDT,0.57457,193.0,0.57456,9.0,0.57465,10.0,0.57466,18.0
1753547128626,16:25:28.626,A/USDT:USDT,0.57457,130.0,0.57456,9.0,0.57465,10.0,0.57466,18.0
1753547128895,16:25:28.895,A/USDT:USDT,0.57457,130.0,0.57456,9.0,0.57465,10.0,0.57466,18.0
1753547129110,16:25:29.110,A/USDT:USDT,0.57457,130.0,0.57456,9.0,0.57465,10.0,0.57466,18.0
1753547129299,16:25:29.299,A/USDT:USDT,0.57457,130.0,0.57456,9.0,0.57465,10.0,0.57466,18.0
1753547129459,16:25:29.459,A/USDT:USDT,0.57457,130.0,0.57456,9.0,0.57465,10.0,0.57466,18.0
1753547129633,16:25:29.633,A/USDT:USDT,0.57457,56.0,0.57456,9.0,0.57465,10.0,0.57466,18.0
1753547129739,16:25:29.739,A/USDT:USDT,0.57456,9.0,0.57455,31.0,0.57463,139.0,0.57464,214.0
1753547129852,16:25:29.852,A/USDT:USDT,0.5745,19.0,0.57448,47.0,0.57459,31.0,0.57461,31.0
1753547129959,16:25:29.959,A/USDT:USDT,0.5745,19.0,0.57448,47.0,0.57459,31.0,0.57461,31.0
1753547130110,16:25:30.110,A/USDT:USDT,0.5745,19.0,0.57448,47.0,0.57459,31.0,0.57461,31.0
1753547130249,16:25:30.249,A/USDT:USDT,0.5745,19.0,0.57448,47.0,0.57459,31.0,0.57461,31.0
1753547130451,16:25:30.451,A/USDT:USDT,0.5745,19.0,0.57448,47.0,0.57459,31.0,0.57461,31.0
1753547130585,16:25:30.585,A/USDT:USDT,0.5745,19.0,0.57448,47.0,0.57459,31.0,0.57461,31.0
1753547130727,16:25:30.727,A/USDT:USDT,0.5745,19.0,0.57448,47.0,0.57459,31.0,0.57461,31.0
1753547130943,16:25:30.943,A/USDT:USDT,0.5745,19.0,0.57448,47.0,0.57459,31.0,0.57461,31.0
1753547131049,16:25:31.049,A/USDT:USDT,0.5745,19.0,0.57448,47.0,0.57459,31.0,0.57461,31.0
1753547131150,16:25:31.150,A/USDT:USDT,0.5745,19.0,0.57448,47.0,0.57459,31.0,0.57461,31.0
1753547131376,16:25:31.376,A/USDT:USDT,0.5745,19.0,0.57448,47.0,0.57459,19.0,0.57461,31.0
1753547131849,16:25:31.849,A/USDT:USDT,0.5745,19.0,0.57448,47.0,0.57459,19.0,0.57461,31.0
1753547131953,16:25:31.953,A/USDT:USDT,0.5745,19.0,0.57448,47.0,0.57459,19.0,0.57461,31.0
1753547132110,16:25:32.110,A/USDT:USDT,0.5745,19.0,0.57448,47.0,0.57459,19.0,0.57461,31.0
1753547132255,16:25:32.255,A/USDT:USDT,0.5745,19.0,0.57448,47.0,0.57459,19.0,0.57461,31.0
1753547132805,16:25:32.805,A/USDT:USDT,0.5745,19.0,0.57448,47.0,0.57459,19.0,0.57461,31.0
1753547132975,16:25:32.975,A/USDT:USDT,0.5745,19.0,0.57448,47.0,0.57459,19.0,0.57461,31.0
1753547133110,16:25:33.110,A/USDT:USDT,0.5745,19.0,0.57448,47.0,0.57459,19.0,0.57461,31.0
1753547133302,16:25:33.302,A/USDT:USDT,0.5745,19.0,0.57448,47.0,0.57459,19.0,0.57461,31.0
1753547133472,16:25:33.472,A/USDT:USDT,0.57451,139.0,0.5745,29.0,0.57459,19.0,0.57461,31.0
1753547133902,16:25:33.902,A/USDT:USDT,0.57451,139.0,0.5745,29.0,0.57459,19.0,0.57461,31.0
1753547134109,16:25:34.109,A/USDT:USDT,0.57451,139.0,0.5745,29.0,0.57459,19.0,0.57461,31.0
1753547134320,16:25:34.320,A/USDT:USDT,0.57451,139.0,0.5745,29.0,0.57459,19.0,0.57461,31.0
1753547135853,16:25:35.853,A/USDT:USDT,0.57451,139.0,0.5745,29.0,0.57459,19.0,0.57461,31.0
1753547136271,16:25:36.271,A/USDT:USDT,0.57451,139.0,0.5745,29.0,0.57459,19.0,0.57461,31.0
1753547136514,16:25:36.514,A/USDT:USDT,0.57451,139.0,0.5745,29.0,0.57459,19.0,0.57461,31.0
1753547136746,16:25:36.746,A/USDT:USDT,0.57451,139.0,0.5745,29.0,0.57459,19.0,0.57461,31.0
1753547137109,16:25:37.109,A/USDT:USDT,0.57451,139.0,0.5745,29.0,0.57459,19.0,0.57461,31.0
1753547137302,16:25:37.302,A/USDT:USDT,0.57451,139.0,0.5745,29.0,0.57459,19.0,0.57461,31.0
1753547137653,16:25:37.653,A/USDT:USDT,0.57451,139.0,0.5745,29.0,0.57459,19.0,0.57461,31.0
1753547137896,16:25:37.896,A/USDT:USDT,0.57451,139.0,0.5745,29.0,0.57459,19.0,0.57461,31.0
1753547138001,16:25:38.001,A/USDT:USDT,0.57451,139.0,0.5745,29.0,0.57459,19.0,0.57461,31.0
1753547138445,16:25:38.445,A/USDT:USDT,0.5745,29.0,0.57448,103.0,0.57457,197.0,0.57458,139.0
1753547138559,16:25:38.559,A/USDT:USDT,0.5745,29.0,0.57448,103.0,0.57457,197.0,0.57458,139.0
1753547138663,16:25:38.663,A/USDT:USDT,0.5745,29.0,0.57448,103.0,0.57457,197.0,0.57458,139.0
1753547139657,16:25:39.657,A/USDT:USDT,0.5745,29.0,0.57449,36.0,0.57457,197.0,0.57458,139.0
1753547139950,16:25:39.950,A/USDT:USDT,0.5745,29.0,0.57449,36.0,0.57457,197.0,0.57458,139.0
1753547140059,16:25:40.059,A/USDT:USDT,0.5745,20.0,0.57449,36.0,0.57453,31.0,0.57454,139.0
1753547140167,16:25:40.167,A/USDT:USDT,0.57449,36.0,0.57448,18.0,0.5745,309.0,0.57451,253.0
1753547140271,16:25:40.271,A/USDT:USDT,0.57449,36.0,0.57448,18.0,0.5745,309.0,0.57451,253.0
1753547140377,16:25:40.377,A/USDT:USDT,0.57449,36.0,0.57448,18.0,0.5745,309.0,0.57451,253.0
1753547140490,16:25:40.490,A/USDT:USDT,0.57449,36.0,0.57448,18.0,0.5745,309.0,0.57451,253.0
1753547140835,16:25:40.835,A/USDT:USDT,0.57449,36.0,0.57448,18.0,0.5745,309.0,0.57451,253.0
1753547141110,16:25:41.110,A/USDT:USDT,0.57449,36.0,0.57448,18.0,0.5745,309.0,0.57451,253.0
1753547141250,16:25:41.250,A/USDT:USDT,0.57449,36.0,0.57448,18.0,0.5745,319.0,0.57451,253.0
1753547141422,16:25:41.422,A/USDT:USDT,0.57449,36.0,0.57448,18.0,0.5745,319.0,0.57451,253.0
1753547141904,16:25:41.904,A/USDT:USDT,0.57449,36.0,0.57448,18.0,0.5745,319.0,0.57451,253.0
1753547142110,16:25:42.110,A/USDT:USDT,0.57449,36.0,0.57448,18.0,0.5745,319.0,0.57451,253.0
1753547142402,16:25:42.402,A/USDT:USDT,0.57449,36.0,0.57448,18.0,0.5745,319.0,0.57451,253.0
1753547142513,16:25:42.513,A/USDT:USDT,0.57449,36.0,0.57448,18.0,0.5745,319.0,0.57451,253.0
1753547142648,16:25:42.648,A/USDT:USDT,0.57449,36.0,0.57448,18.0,0.5745,319.0,0.57451,253.0
1753547143101,16:25:43.101,A/USDT:USDT,0.57449,36.0,0.57448,18.0,0.5745,319.0,0.57451,253.0
1753547143236,16:25:43.236,A/USDT:USDT,0.57449,36.0,0.57448,18.0,0.5745,319.0,0.57451,253.0
1753547143526,16:25:43.526,A/USDT:USDT,0.57449,36.0,0.57448,18.0,0.5745,319.0,0.57451,253.0
1753547143629,16:25:43.629,A/USDT:USDT,0.57449,36.0,0.57448,18.0,0.5745,319.0,0.57451,253.0
1753547143855,16:25:43.855,A/USDT:USDT,0.57449,36.0,0.57448,18.0,0.5745,319.0,0.57451,253.0
1753547144058,16:25:44.058,A/USDT:USDT,0.57449,36.0,0.57448,18.0,0.5745,319.0,0.57451,253.0
1753547144163,16:25:44.163,A/USDT:USDT,0.57449,36.0,0.57448,18.0,0.5745,319.0,0.57451,253.0
1753547144524,16:25:44.524,A/USDT:USDT,0.57449,36.0,0.57448,18.0,0.5745,424.0,0.57451,253.0
1753547144685,16:25:44.685,A/USDT:USDT,0.57449,36.0,0.57448,18.0,0.5745,424.0,0.57451,253.0
1753547145058,16:25:45.058,A/USDT:USDT,0.57449,36.0,0.57448,18.0,0.5745,424.0,0.57451,253.0
1753547145244,16:25:45.244,A/USDT:USDT,0.57449,36.0,0.57448,18.0,0.5745,424.0,0.57451,253.0
1753547145355,16:25:45.355,A/USDT:USDT,0.57449,36.0,0.57448,18.0,0.5745,424.0,0.57451,253.0
1753547145807,16:25:45.807,A/USDT:USDT,0.57449,36.0,0.57448,18.0,0.5745,424.0,0.57451,253.0
1753547145965,16:25:45.965,A/USDT:USDT,0.57449,36.0,0.57448,18.0,0.5745,424.0,0.57451,253.0
1753547146109,16:25:46.109,A/USDT:USDT,0.57449,36.0,0.57448,18.0,0.5745,424.0,0.57451,253.0
1753547146343,16:25:46.343,A/USDT:USDT,0.57449,36.0,0.57448,18.0,0.5745,424.0,0.57451,253.0
1753547146985,16:25:46.985,A/USDT:USDT,0.57449,36.0,0.57448,18.0,0.5745,434.0,0.57451,253.0
1753547147091,16:25:47.091,A/USDT:USDT,0.57449,36.0,0.57448,18.0,0.5745,434.0,0.57451,253.0
1753547147197,16:25:47.197,A/USDT:USDT,0.57438,28.0,0.57436,47.0,0.57444,93.0,0.57445,431.0
1753547147406,16:25:47.406,A/USDT:USDT,0.57438,10.0,0.57436,18.0,0.5744,197.0,0.57441,326.0
1753547147853,16:25:47.853,A/USDT:USDT,0.57438,131.0,0.57435,37.0,0.57443,139.0,0.57444,41.0
1753547148102,16:25:48.102,A/USDT:USDT,0.57438,131.0,0.57435,37.0,0.57443,139.0,0.57444,41.0
1753547148277,16:25:48.277,A/USDT:USDT,0.57438,131.0,0.57435,37.0,0.57443,139.0,0.57444,41.0
1753547148447,16:25:48.447,A/USDT:USDT,0.57438,131.0,0.57435,37.0,0.57443,139.0,0.57444,41.0
1753547148567,16:25:48.567,A/USDT:USDT,0.57438,131.0,0.57435,37.0,0.57443,139.0,0.57444,41.0
1753547148758,16:25:48.758,A/USDT:USDT,0.57438,131.0,0.57435,37.0,0.57443,139.0,0.57444,41.0
1753547148864,16:25:48.864,A/USDT:USDT,0.57438,131.0,0.57435,37.0,0.57443,139.0,0.57444,41.0
1753547149015,16:25:49.015,A/USDT:USDT,0.57438,131.0,0.57435,37.0,0.57443,113.0,0.57444,41.0
1753547149131,16:25:49.131,A/USDT:USDT,0.57438,131.0,0.57435,37.0,0.57443,113.0,0.57444,41.0
1753547149242,16:25:49.242,A/USDT:USDT,0.57438,131.0,0.57435,37.0,0.57443,113.0,0.57444,41.0
1753547149350,16:25:49.350,A/USDT:USDT,0.57438,131.0,0.57435,37.0,0.57443,113.0,0.57444,41.0
1753547149464,16:25:49.464,A/USDT:USDT,0.57438,131.0,0.57435,37.0,0.57443,113.0,0.57444,41.0
1753547149569,16:25:49.569,A/USDT:USDT,0.57438,131.0,0.57435,37.0,0.57443,113.0,0.57444,41.0
1753547149702,16:25:49.702,A/USDT:USDT,0.57438,131.0,0.57435,37.0,0.57443,113.0,0.57444,41.0
1753547150071,16:25:50.071,A/USDT:USDT,0.57438,131.0,0.57435,37.0,0.57443,113.0,0.57444,41.0
1753547150236,16:25:50.236,A/USDT:USDT,0.57438,131.0,0.57435,37.0,0.57443,113.0,0.57444,41.0
1753547150802,16:25:50.802,A/USDT:USDT,0.57438,131.0,0.57435,37.0,0.57443,113.0,0.57444,41.0
1753547151111,16:25:51.111,A/USDT:USDT,0.57438,131.0,0.57435,37.0,0.57443,113.0,0.57444,41.0
1753547151317,16:25:51.317,A/USDT:USDT,0.57438,131.0,0.57435,37.0,0.57443,113.0,0.57444,41.0
1753547151502,16:25:51.502,A/USDT:USDT,0.57438,131.0,0.57435,37.0,0.57443,113.0,0.57444,41.0
1753547151605,16:25:51.605,A/USDT:USDT,0.57438,131.0,0.57435,18.0,0.57443,113.0,0.57444,41.0
1753547151820,16:25:51.820,A/USDT:USDT,0.57438,131.0,0.57435,18.0,0.57443,113.0,0.57444,41.0
1753547151975,16:25:51.975,A/USDT:USDT,0.57438,131.0,0.57435,18.0,0.57443,113.0,0.57444,41.0
1753547152109,16:25:52.109,A/USDT:USDT,0.57438,131.0,0.57435,18.0,0.57443,113.0,0.57444,41.0
1753547152258,16:25:52.258,A/USDT:USDT,0.57438,131.0,0.57435,18.0,0.57443,113.0,0.57444,41.0
1753547152614,16:25:52.614,A/USDT:USDT,0.57438,131.0,0.57435,18.0,0.57443,113.0,0.57444,41.0
1753547152991,16:25:52.991,A/USDT:USDT,0.57438,131.0,0.57435,18.0,0.57443,113.0,0.57444,41.0
1753547153094,16:25:53.094,A/USDT:USDT,0.57438,131.0,0.57435,18.0,0.57443,113.0,0.57444,41.0
1753547153479,16:25:53.479,A/USDT:USDT,0.57438,131.0,0.57435,18.0,0.57443,113.0,0.57444,41.0
1753547153586,16:25:53.586,A/USDT:USDT,0.57438,131.0,0.57435,18.0,0.57443,113.0,0.57444,41.0
1753547153745,16:25:53.745,A/USDT:USDT,0.57438,131.0,0.57435,18.0,0.57443,113.0,0.57444,41.0
1753547153956,16:25:53.956,A/USDT:USDT,0.57438,131.0,0.57435,18.0,0.57442,193.0,0.57443,113.0
1753547154059,16:25:54.059,A/USDT:USDT,0.57438,131.0,0.57435,18.0,0.57442,193.0,0.57443,113.0
1753547154236,16:25:54.236,A/USDT:USDT,0.57438,131.0,0.57435,18.0,0.57442,193.0,0.57443,113.0
1753547154473,16:25:54.473,A/USDT:USDT,0.5744,62.0,0.57438,131.0,0.57443,113.0,0.57444,41.0
1753547154576,16:25:54.576,A/USDT:USDT,0.5744,62.0,0.57438,131.0,0.57443,113.0,0.57444,41.0
1753547154858,16:25:54.858,A/USDT:USDT,0.5744,62.0,0.57438,131.0,0.57443,113.0,0.57444,41.0
1753547154961,16:25:54.961,A/USDT:USDT,0.5744,62.0,0.57438,131.0,0.57443,113.0,0.57444,41.0
1753547155114,16:25:55.114,A/USDT:USDT,0.5744,62.0,0.57438,131.0,0.57443,113.0,0.57444,41.0
1753547155218,16:25:55.218,A/USDT:USDT,0.5744,62.0,0.57438,131.0,0.57443,113.0,0.57444,41.0
1753547155516,16:25:55.516,A/USDT:USDT,0.5744,62.0,0.57438,131.0,0.57442,190.0,0.57443,113.0
1753547155621,16:25:55.621,A/USDT:USDT,0.5744,62.0,0.57438,131.0,0.57442,190.0,0.57443,113.0
1753547156109,16:25:56.109,A/USDT:USDT,0.5744,62.0,0.57438,131.0,0.57442,190.0,0.57443,113.0
1753547156359,16:25:56.359,A/USDT:USDT,0.5744,62.0,0.57438,131.0,0.57442,190.0,0.57443,113.0
1753547156501,16:25:56.501,A/USDT:USDT,0.5744,62.0,0.57438,131.0,0.57442,190.0,0.57443,113.0
1753547157006,16:25:57.006,A/USDT:USDT,0.5744,62.0,0.57438,131.0,0.57442,190.0,0.57443,113.0
1753547157110,16:25:57.110,A/USDT:USDT,0.5744,62.0,0.57438,131.0,0.57442,190.0,0.57443,113.0
1753547157302,16:25:57.302,A/USDT:USDT,0.5744,62.0,0.57438,131.0,0.57442,190.0,0.57443,113.0
1753547158085,16:25:58.085,A/USDT:USDT,0.5744,62.0,0.57438,131.0,0.57442,190.0,0.57443,113.0
1753547158366,16:25:58.366,A/USDT:USDT,0.5744,62.0,0.57438,131.0,0.57442,190.0,0.57443,113.0
1753547158636,16:25:58.636,A/USDT:USDT,0.5744,62.0,0.57438,131.0,0.57442,190.0,0.57443,113.0
1753547159103,16:25:59.103,A/USDT:USDT,0.5744,62.0,0.57438,131.0,0.57442,190.0,0.57443,113.0
1753547159407,16:25:59.407,A/USDT:USDT,0.5744,62.0,0.57438,131.0,0.57442,190.0,0.57443,113.0
1753547160112,16:26:00.112,A/USDT:USDT,0.5744,62.0,0.57438,131.0,0.57442,190.0,0.57443,113.0
1753547160245,16:26:00.245,A/USDT:USDT,0.5744,62.0,0.57438,131.0,0.57442,190.0,0.57443,113.0
1753547160409,16:26:00.409,A/USDT:USDT,0.5744,62.0,0.57438,131.0,0.57442,190.0,0.57443,113.0
1753547160563,16:26:00.563,A/USDT:USDT,0.5744,62.0,0.57438,131.0,0.57442,190.0,0.57443,113.0
1753547160765,16:26:00.765,A/USDT:USDT,0.5744,62.0,0.57438,131.0,0.57442,190.0,0.57443,113.0
1753547161068,16:26:01.068,A/USDT:USDT,0.5744,62.0,0.57438,131.0,0.57442,190.0,0.57443,113.0
1753547161303,16:26:01.303,A/USDT:USDT,0.5744,62.0,0.57438,131.0,0.57442,190.0,0.57443,113.0
1753547161481,16:26:01.481,A/USDT:USDT,0.57438,131.0,0.57435,18.0,0.57442,300.0,0.57443,113.0
1753547161718,16:26:01.718,A/USDT:USDT,0.57438,131.0,0.57435,18.0,0.57442,300.0,0.57443,113.0
1753547161821,16:26:01.821,A/USDT:USDT,0.57438,131.0,0.57435,18.0,0.57442,324.0,0.57443,150.0
1753547161925,16:26:01.925,A/USDT:USDT,0.57438,131.0,0.57435,18.0,0.57442,324.0,0.57443,150.0
1753547162502,16:26:02.502,A/USDT:USDT,0.57438,131.0,0.57435,18.0,0.57442,300.0,0.57443,113.0
1753547163008,16:26:03.008,A/USDT:USDT,0.57438,131.0,0.57435,18.0,0.57442,324.0,0.57444,59.0
1753547163111,16:26:03.111,A/USDT:USDT,0.57438,131.0,0.57435,18.0,0.57442,324.0,0.57444,59.0
1753547163475,16:26:03.475,A/USDT:USDT,0.57438,131.0,0.57435,18.0,0.57439,214.0,0.57442,324.0
1753547163851,16:26:03.851,A/USDT:USDT,0.57438,131.0,0.57435,18.0,0.57439,214.0,0.57442,324.0
1753547163960,16:26:03.960,A/USDT:USDT,0.57434,35.0,0.57433,18.0,0.57435,214.0,0.57438,199.0
1753547164166,16:26:04.166,A/USDT:USDT,0.57432,10.0,0.57431,18.0,0.57433,413.0,0.57434,199.0
1753547164302,16:26:04.302,A/USDT:USDT,0.57432,10.0,0.57431,18.0,0.57433,413.0,0.57437,59.0
1753547164448,16:26:04.448,A/USDT:USDT,0.57432,10.0,0.57431,18.0,0.57433,413.0,0.57437,59.0
1753547164578,16:26:04.578,A/USDT:USDT,0.57432,10.0,0.57431,18.0,0.57433,413.0,0.57437,59.0
1753547164681,16:26:04.681,A/USDT:USDT,0.57432,10.0,0.57431,18.0,0.57433,413.0,0.57437,59.0
1753547164785,16:26:04.785,A/USDT:USDT,0.57424,33.0,0.57423,18.0,0.57425,280.0,0.57427,280.0
1753547164886,16:26:04.886,A/USDT:USDT,0.57423,18.0,0.57422,18.0,0.57425,494.0,0.57428,258.0
1753547165099,16:26:05.099,A/USDT:USDT,0.5742,19.0,0.57418,18.0,0.57421,494.0,0.57423,199.0
1753547165203,16:26:05.203,A/USDT:USDT,0.5742,19.0,0.57418,18.0,0.57421,494.0,0.57423,199.0
1753547165312,16:26:05.312,A/USDT:USDT,0.5742,19.0,0.57418,18.0,0.57421,494.0,0.57423,199.0
1753547165518,16:26:05.518,A/USDT:USDT,0.5742,19.0,0.57418,18.0,0.57421,494.0,0.57423,199.0
1753547165892,16:26:05.892,A/USDT:USDT,0.5742,19.0,0.57418,18.0,0.57421,280.0,0.57423,199.0
1753547165999,16:26:05.999,A/USDT:USDT,0.5742,19.0,0.57418,18.0,0.57421,280.0,0.57423,199.0
1753547166102,16:26:06.102,A/USDT:USDT,0.5742,19.0,0.57418,18.0,0.57421,494.0,0.57423,199.0
1753547166302,16:26:06.302,A/USDT:USDT,0.5742,19.0,0.57418,18.0,0.57421,494.0,0.57423,199.0
1753547166517,16:26:06.517,A/USDT:USDT,0.5742,19.0,0.57418,18.0,0.57421,494.0,0.57423,199.0
1753547166898,16:26:06.898,A/USDT:USDT,0.5742,19.0,0.57418,18.0,0.57421,494.0,0.57423,199.0
1753547167109,16:26:07.109,A/USDT:USDT,0.5742,19.0,0.57418,18.0,0.57421,494.0,0.57423,199.0
1753547167353,16:26:07.353,A/USDT:USDT,0.5742,19.0,0.57418,18.0,0.57421,280.0,0.57423,199.0
1753547167458,16:26:07.458,A/USDT:USDT,0.5742,19.0,0.57418,18.0,0.57421,280.0,0.57423,199.0
1753547167559,16:26:07.559,A/USDT:USDT,0.5742,19.0,0.57418,18.0,0.57421,280.0,0.57423,199.0
1753547167917,16:26:07.917,A/USDT:USDT,0.5742,19.0,0.57418,18.0,0.57421,280.0,0.57423,236.0
1753547168109,16:26:08.109,A/USDT:USDT,0.5742,19.0,0.57418,18.0,0.57421,280.0,0.57423,236.0
1753547168280,16:26:08.280,A/USDT:USDT,0.5742,19.0,0.57418,18.0,0.57421,494.0,0.57423,236.0
1753547168381,16:26:08.381,A/USDT:USDT,0.5742,19.0,0.57418,18.0,0.57421,494.0,0.57423,236.0
1753547168611,16:26:08.611,A/USDT:USDT,0.5742,19.0,0.57418,18.0,0.57421,280.0,0.57423,236.0
1753547168718,16:26:08.718,A/USDT:USDT,0.5742,19.0,0.57418,18.0,0.57421,280.0,0.57423,236.0
1753547168894,16:26:08.894,A/USDT:USDT,0.5742,19.0,0.57418,18.0,0.57421,280.0,0.57423,236.0
1753547168996,16:26:08.996,A/USDT:USDT,0.5742,19.0,0.57418,18.0,0.57421,494.0,0.57423,199.0
1753547169098,16:26:09.098,A/USDT:USDT,0.5742,19.0,0.57418,18.0,0.57421,280.0,0.57423,199.0
1753547169276,16:26:09.276,A/USDT:USDT,0.5742,19.0,0.57418,18.0,0.57428,658.0,0.57429,239.0
1753547169381,16:26:09.381,A/USDT:USDT,0.5742,19.0,0.57418,18.0,0.57428,658.0,0.5743,274.0
1753547169552,16:26:09.552,A/USDT:USDT,0.5742,19.0,0.57418,18.0,0.57428,658.0,0.5743,274.0
1753547169655,16:26:09.655,A/USDT:USDT,0.5742,19.0,0.57418,18.0,0.57428,658.0,0.5743,274.0
1753547169766,16:26:09.766,A/USDT:USDT,0.5742,19.0,0.57418,18.0,0.57428,658.0,0.5743,274.0
1753547169915,16:26:09.915,A/USDT:USDT,0.5742,19.0,0.57418,18.0,0.57428,658.0,0.5743,274.0
1753547170123,16:26:10.123,A/USDT:USDT,0.5742,19.0,0.57418,18.0,0.57431,348.0,0.57432,341.0
