timestamp,time,exchange,symbol,bid1_price,bid1_volume,bid2_price,bid2_volume,ask1_price,ask1_volume,ask2_price,ask2_volume
1753591884867,04:51:24.867,bybit,1INCH/USDT:USDT,0.2849,1535.4,0.2848,12225.9,0.285,1559.2,0.2851,10835.6
1753591885267,04:51:25.267,bybit,1INCH/USDT:USDT,0.2849,1535.4,0.2848,10231.9,0.285,1709.4,0.2851,10835.6
1753591885467,04:51:25.467,bybit,1INCH/USDT:USDT,0.2849,1535.4,0.2848,10231.9,0.285,1634.3,0.2851,10835.6
1753591885666,04:51:25.666,bybit,1INCH/USDT:USDT,0.2849,1535.4,0.2848,10231.9,0.285,1709.4,0.2851,10835.6
1753591886866,04:51:26.866,bybit,1INCH/USDT:USDT,0.2849,1535.4,0.2848,10231.9,0.285,2709.4,0.2851,10835.6
1753591889167,04:51:29.167,bybit,1INCH/USDT:USDT,0.2849,1535.4,0.2848,10231.9,0.285,2749.2,0.2851,10835.6
1753591889767,04:51:29.767,bybit,1INCH/USDT:USDT,0.2849,1535.4,0.2848,10231.9,0.285,2675.8,0.2851,10835.6
1753591890167,04:51:30.167,bybit,1INCH/USDT:USDT,0.2849,1535.4,0.2848,10231.9,0.285,2636.0,0.2851,10835.6
1753591890366,04:51:30.366,bybit,1INCH/USDT:USDT,0.2849,1535.4,0.2848,10231.9,0.285,2711.1,0.2851,10835.6
1753591891067,04:51:31.067,bybit,1INCH/USDT:USDT,0.2849,1685.6,0.2848,10231.9,0.285,1560.9,0.2851,10835.6
1753591891867,04:51:31.867,bybit,1INCH/USDT:USDT,0.2849,1685.6,0.2848,10533.5,0.285,2130.5,0.2851,10835.6
1753591892467,04:51:32.467,bybit,1INCH/USDT:USDT,0.2849,1610.5,0.2848,10533.5,0.285,2130.5,0.2851,10835.6
1753591892566,04:51:32.566,bybit,1INCH/USDT:USDT,0.2849,1685.6,0.2848,10533.5,0.285,2130.6,0.2851,10835.6
1753591893368,04:51:33.368,bybit,1INCH/USDT:USDT,0.2849,1610.5,0.2848,13370.1,0.285,3051.0,0.2851,10835.6
1753591893467,04:51:33.467,bybit,1INCH/USDT:USDT,0.2849,2610.5,0.2848,13370.1,0.285,4145.0,0.2851,10835.6
1753591895067,04:51:35.067,bybit,1INCH/USDT:USDT,0.2849,2535.4,0.2848,12645.1,0.285,5327.6,0.2851,10835.6
1753591895566,04:51:35.566,bybit,1INCH/USDT:USDT,0.2849,2535.4,0.2848,13370.1,0.285,5327.6,0.2851,10835.6
1753591896966,04:51:36.966,bybit,1INCH/USDT:USDT,0.2849,1536.4,0.2848,13370.1,0.285,5779.8,0.2851,10835.6
1753591898269,04:51:38.269,bybit,1INCH/USDT:USDT,0.2849,1611.5,0.2848,13370.1,0.285,5641.4,0.2851,10835.6
1753591899567,04:51:39.567,bybit,1INCH/USDT:USDT,0.2849,1611.5,0.2848,13370.1,0.285,6168.1,0.2851,10835.6
1753591899867,04:51:39.867,bybit,1INCH/USDT:USDT,0.2849,1686.6,0.2848,13370.1,0.285,749.8,0.2851,8421.4
1753591899967,04:51:39.967,bybit,1INCH/USDT:USDT,0.2849,1988.2,0.2848,13370.1,0.285,706.4,0.2851,7658.3
1753591900067,04:51:40.067,bybit,1INCH/USDT:USDT,0.2849,1988.2,0.2848,13370.1,0.285,706.4,0.2851,7658.3
1753591900367,04:51:40.367,bybit,1INCH/USDT:USDT,0.2849,2988.2,0.2848,13370.1,0.285,706.4,0.2851,7658.3
1753591900667,04:51:40.667,bybit,1INCH/USDT:USDT,0.2849,2988.2,0.2848,13370.1,0.285,706.4,0.2851,7658.3
1753591900767,04:51:40.767,bybit,1INCH/USDT:USDT,0.2849,2988.2,0.2848,13370.1,0.285,706.4,0.2851,7658.3
1753591900866,04:51:40.866,bybit,1INCH/USDT:USDT,0.2849,2988.2,0.2848,13370.1,0.285,706.4,0.2851,7658.3
1753591900967,04:51:40.967,bybit,1INCH/USDT:USDT,0.2849,2988.2,0.2848,13370.1,0.285,706.4,0.2851,7658.3
1753591901167,04:51:41.167,bybit,1INCH/USDT:USDT,0.2849,3028.0,0.2848,13370.1,0.285,706.4,0.2851,7658.3
1753591901267,04:51:41.267,bybit,1INCH/USDT:USDT,0.285,4061.4,0.2849,4264.3,0.2851,2765.2,0.2852,9179.5
1753591901367,04:51:41.367,bybit,1INCH/USDT:USDT,0.285,4061.4,0.2849,4317.1,0.2851,1834.5,0.2852,9179.5
1753591901466,04:51:41.466,bybit,1INCH/USDT:USDT,0.285,4061.4,0.2849,4317.1,0.2851,1834.5,0.2852,9179.5
1753591901567,04:51:41.567,bybit,1INCH/USDT:USDT,0.285,4061.4,0.2849,8020.9,0.2851,1834.5,0.2852,9179.5
1753591901667,04:51:41.667,bybit,1INCH/USDT:USDT,0.285,4061.4,0.2849,8020.9,0.2851,1808.1,0.2852,9179.5
1753591901867,04:51:41.867,bybit,1INCH/USDT:USDT,0.285,4136.5,0.2849,8020.9,0.2851,1808.1,0.2852,9179.5
1753591901966,04:51:41.966,bybit,1INCH/USDT:USDT,0.285,4136.5,0.2849,8020.9,0.2851,1808.1,0.2852,9179.5
1753591902066,04:51:42.066,bybit,1INCH/USDT:USDT,0.285,4136.5,0.2849,8020.9,0.2851,1808.1,0.2852,9179.5
1753591902166,04:51:42.166,bybit,1INCH/USDT:USDT,0.285,4061.4,0.2849,7981.1,0.2851,1808.1,0.2852,9179.5
1753591902270,04:51:42.270,bybit,1INCH/USDT:USDT,0.285,4061.4,0.2849,7980.1,0.2851,1412.3,0.2852,9179.5
1753591903566,04:51:43.566,bybit,1INCH/USDT:USDT,0.285,4163.2,0.2849,7953.3,0.2851,1412.3,0.2852,9179.5
1753591903667,04:51:43.667,bybit,1INCH/USDT:USDT,0.285,4163.2,0.2849,7953.3,0.2851,1412.3,0.2852,9179.5
1753591903767,04:51:43.767,bybit,1INCH/USDT:USDT,0.285,4163.2,0.2849,7953.3,0.2851,1412.3,0.2852,9179.5
1753591904867,04:51:44.867,bybit,1INCH/USDT:USDT,0.285,4163.2,0.2849,7953.3,0.2851,1412.3,0.2852,9179.5
1753591907167,04:51:47.167,bybit,1INCH/USDT:USDT,0.285,4088.1,0.2849,7953.3,0.2851,1412.3,0.2852,9179.5
1753591908366,04:51:48.366,bybit,1INCH/USDT:USDT,0.285,4163.2,0.2849,7953.3,0.2851,1412.3,0.2852,9179.5
1753591909167,04:51:49.167,bybit,1INCH/USDT:USDT,0.285,4163.2,0.2849,7953.3,0.2851,1412.3,0.2852,9179.5
1753591910167,04:51:50.167,bybit,1INCH/USDT:USDT,0.285,4088.1,0.2849,7953.3,0.2851,1412.3,0.2852,9179.5
1753591910269,04:51:50.269,bybit,1INCH/USDT:USDT,0.285,4163.2,0.2849,7953.3,0.2851,1412.3,0.2852,9179.5
1753591910767,04:51:50.767,bybit,1INCH/USDT:USDT,0.285,4163.2,0.2849,7953.3,0.2851,1412.3,0.2852,9179.5
1753591911367,04:51:51.367,bybit,1INCH/USDT:USDT,0.285,4163.2,0.2849,7953.3,0.2851,1412.3,0.2852,9179.5
1753591911467,04:51:51.467,bybit,1INCH/USDT:USDT,0.285,4163.2,0.2849,7953.3,0.2851,1412.3,0.2852,9179.5
1753591911767,04:51:51.767,bybit,1INCH/USDT:USDT,0.285,3013.0,0.2849,4249.5,0.2851,1562.5,0.2852,9179.5
1753591911868,04:51:51.868,bybit,1INCH/USDT:USDT,0.285,528.3,0.2849,4249.5,0.2851,4158.1,0.2852,9179.5
1753591911966,04:51:51.966,bybit,1INCH/USDT:USDT,0.285,528.3,0.2849,4249.5,0.2851,4823.1,0.2852,9179.5
1753591912067,04:51:52.067,bybit,1INCH/USDT:USDT,0.285,1903.1,0.2849,4249.5,0.2851,1903.1,0.2852,9179.5
1753591912167,04:51:52.167,bybit,1INCH/USDT:USDT,0.285,1903.1,0.2849,4249.5,0.2851,1808.1,0.2852,9179.5
1753591912867,04:51:52.867,bybit,1INCH/USDT:USDT,0.285,1903.1,0.2849,4249.5,0.2851,1412.3,0.2852,9179.5
1753591912966,04:51:52.966,bybit,1INCH/USDT:USDT,0.285,1903.1,0.2849,4249.5,0.2851,1412.3,0.2852,9179.5
1753591913267,04:51:53.267,bybit,1INCH/USDT:USDT,0.285,2903.1,0.2849,4249.5,0.2851,1412.3,0.2852,9179.5
1753591913366,04:51:53.366,bybit,1INCH/USDT:USDT,0.285,2903.1,0.2849,4249.5,0.2851,1562.5,0.2852,9179.5
1753591913667,04:51:53.667,bybit,1INCH/USDT:USDT,0.285,2903.1,0.2849,4249.5,0.2851,1487.4,0.2852,9179.5
1753591914667,04:51:54.667,bybit,1INCH/USDT:USDT,0.285,2903.1,0.2849,4249.5,0.2851,1487.4,0.2852,9179.5
1753591914866,04:51:54.866,bybit,1INCH/USDT:USDT,0.285,1903.1,0.2849,4249.5,0.2851,1562.5,0.2852,9179.5
1753591915266,04:51:55.266,bybit,1INCH/USDT:USDT,0.285,1903.1,0.2849,4249.5,0.2851,1562.5,0.2852,9179.5
1753591915367,04:51:55.367,bybit,1INCH/USDT:USDT,0.285,1903.1,0.2849,4249.5,0.2851,1562.5,0.2852,9179.5
1753591915466,04:51:55.466,bybit,1INCH/USDT:USDT,0.285,1907.8,0.2849,4249.5,0.2851,1487.4,0.2852,9179.5
1753591916766,04:51:56.766,bybit,1INCH/USDT:USDT,0.285,1907.8,0.2849,4249.5,0.2851,1487.4,0.2852,9179.5
1753591917067,04:51:57.067,bybit,1INCH/USDT:USDT,0.285,1907.8,0.2849,4249.5,0.2851,1394.7,0.2852,9179.5
1753591917167,04:51:57.167,bybit,1INCH/USDT:USDT,0.285,1907.8,0.2849,4249.5,0.2851,1394.7,0.2852,9179.5
1753591917267,04:51:57.267,bybit,1INCH/USDT:USDT,0.285,1907.8,0.2849,4249.5,0.2851,1544.9,0.2852,9179.5
1753591918066,04:51:58.066,bybit,1INCH/USDT:USDT,0.285,1907.8,0.2849,4249.5,0.2851,1544.9,0.2852,9179.5
1753591919166,04:51:59.166,bybit,1INCH/USDT:USDT,0.285,533.0,0.2849,4249.5,0.2851,2544.9,0.2852,9179.5
1753591919566,04:51:59.566,bybit,1INCH/USDT:USDT,0.285,775.1,0.2849,4249.5,0.2851,2544.9,0.2852,9179.5
1753591919667,04:51:59.667,bybit,1INCH/USDT:USDT,0.285,775.1,0.2849,4249.5,0.2851,2544.9,0.2852,9179.5
1753591919867,04:51:59.867,bybit,1INCH/USDT:USDT,0.285,775.1,0.2849,4249.5,0.2851,2544.9,0.2852,9179.5
1753591919967,04:51:59.967,bybit,1INCH/USDT:USDT,0.285,273.5,0.2849,4249.5,0.2851,2846.7,0.2852,12533.4
1753591920066,04:52:00.066,bybit,1INCH/USDT:USDT,0.285,273.5,0.2849,4249.5,0.2851,2846.7,0.2852,12533.4
1753591920167,04:52:00.167,bybit,1INCH/USDT:USDT,0.285,273.5,0.2849,4249.5,0.2851,2846.7,0.2852,12533.4
1753591920367,04:52:00.367,bybit,1INCH/USDT:USDT,0.285,273.5,0.2849,4249.5,0.2851,2846.7,0.2852,12533.4
1753591920567,04:52:00.567,bybit,1INCH/USDT:USDT,0.285,273.5,0.2849,4196.7,0.2851,3197.5,0.2852,12533.4
1753591920768,04:52:00.768,bybit,1INCH/USDT:USDT,0.285,273.5,0.2849,4196.7,0.2851,3372.9,0.2852,12533.4
1753591920867,04:52:00.867,bybit,1INCH/USDT:USDT,0.285,273.5,0.2849,4196.7,0.2851,3372.9,0.2852,12533.4
1753591920966,04:52:00.966,bybit,1INCH/USDT:USDT,0.285,273.5,0.2849,4196.7,0.2851,3372.9,0.2852,12533.4
1753591921067,04:52:01.067,bybit,1INCH/USDT:USDT,0.285,273.5,0.2849,4196.7,0.2851,3412.7,0.2852,12533.4
1753591921166,04:52:01.166,bybit,1INCH/USDT:USDT,0.285,273.5,0.2849,4196.7,0.2851,3588.1,0.2852,12533.4
1753591921367,04:52:01.367,bybit,1INCH/USDT:USDT,0.285,273.5,0.2849,4196.7,0.2851,3763.5,0.2852,12533.4
1753591921567,04:52:01.567,bybit,1INCH/USDT:USDT,0.285,1644.0,0.2849,4196.7,0.2851,2613.3,0.2852,12533.4
1753591921667,04:52:01.667,bybit,1INCH/USDT:USDT,0.285,1769.4,0.2849,4196.7,0.2851,2788.7,0.2852,9179.5
1753591921767,04:52:01.767,bybit,1INCH/USDT:USDT,0.285,1769.4,0.2849,4196.7,0.2851,2788.7,0.2852,9179.5
1753591921967,04:52:01.967,bybit,1INCH/USDT:USDT,0.285,1769.4,0.2849,4196.7,0.2851,1736.3,0.2852,9179.5
1753591922068,04:52:02.068,bybit,1INCH/USDT:USDT,0.285,1769.4,0.2849,4196.7,0.2851,1696.5,0.2852,9179.5
1753591922167,04:52:02.167,bybit,1INCH/USDT:USDT,0.285,2769.4,0.2849,4196.7,0.2851,1696.5,0.2852,9179.5
1753591922266,04:52:02.266,bybit,1INCH/USDT:USDT,0.285,1769.4,0.2849,4196.7,0.2851,2047.3,0.2852,9179.5
1753591922366,04:52:02.366,bybit,1INCH/USDT:USDT,0.285,1769.4,0.2849,4196.7,0.2851,2047.3,0.2852,9179.5
1753591922466,04:52:02.466,bybit,1INCH/USDT:USDT,0.285,398.9,0.2849,4196.7,0.2851,2197.5,0.2852,9904.5
1753591922567,04:52:02.567,bybit,1INCH/USDT:USDT,0.285,398.9,0.2849,4196.7,0.2851,2372.9,0.2852,12533.4
1753591922667,04:52:02.667,bybit,1INCH/USDT:USDT,0.285,393.5,0.2849,4196.7,0.2851,2548.3,0.2852,12533.4
1753591922867,04:52:02.867,bybit,1INCH/USDT:USDT,0.285,780.6,0.2849,4196.7,0.2851,2096.3,0.2852,9179.5
1753591922967,04:52:02.967,bybit,1INCH/USDT:USDT,0.285,393.5,0.2849,4196.7,0.2851,2516.9,0.2852,9179.5
1753591923067,04:52:03.067,bybit,1INCH/USDT:USDT,0.285,393.5,0.2849,4196.7,0.2851,2516.9,0.2852,10108.9
1753591923467,04:52:03.467,bybit,1INCH/USDT:USDT,0.285,393.5,0.2849,4196.7,0.2851,2617.2,0.2852,10108.9
1753591923566,04:52:03.566,bybit,1INCH/USDT:USDT,0.285,393.5,0.2849,4196.7,0.2851,2542.1,0.2852,10108.9
1753591923867,04:52:03.867,bybit,1INCH/USDT:USDT,0.285,393.5,0.2849,4196.7,0.2851,2542.1,0.2852,10108.9
1753591923967,04:52:03.967,bybit,1INCH/USDT:USDT,0.285,393.5,0.2849,4196.7,0.2851,2542.1,0.2852,10108.9
1753591924067,04:52:04.067,bybit,1INCH/USDT:USDT,0.285,393.5,0.2849,4196.7,0.2851,2542.1,0.2852,10108.9
1753591924167,04:52:04.167,bybit,1INCH/USDT:USDT,0.285,1764.0,0.2849,4196.7,0.2851,2542.1,0.2852,10108.9
1753591924267,04:52:04.267,bybit,1INCH/USDT:USDT,0.285,1764.0,0.2849,4196.7,0.2851,1394.7,0.2852,10108.9
1753591924367,04:52:04.367,bybit,1INCH/USDT:USDT,0.285,1764.0,0.2849,4196.7,0.2851,2346.8,0.2852,10108.9
1753591924667,04:52:04.667,bybit,1INCH/USDT:USDT,0.285,1764.0,0.2849,4196.7,0.2851,2346.8,0.2852,10108.9
1753591924767,04:52:04.767,bybit,1INCH/USDT:USDT,0.285,1764.0,0.2849,4196.7,0.2851,2346.8,0.2852,10108.9
1753591924866,04:52:04.866,bybit,1INCH/USDT:USDT,0.285,1764.0,0.2849,4196.7,0.2851,2346.8,0.2852,10108.9
1753591924967,04:52:04.967,bybit,1INCH/USDT:USDT,0.285,1764.0,0.2849,4196.7,0.2851,2346.8,0.2852,10108.9
1753591925467,04:52:05.467,bybit,1INCH/USDT:USDT,0.285,1764.0,0.2849,4196.7,0.2851,2171.4,0.2852,10108.9
1753591925566,04:52:05.566,bybit,1INCH/USDT:USDT,0.285,1764.0,0.2849,4196.7,0.2851,2096.3,0.2852,10108.9
1753591926266,04:52:06.266,bybit,1INCH/USDT:USDT,0.285,1764.0,0.2849,4196.7,0.2851,2246.5,0.2852,10108.9
1753591926667,04:52:06.667,bybit,1INCH/USDT:USDT,0.285,1764.0,0.2849,4196.7,0.2851,2246.5,0.2852,10108.9
1753591927067,04:52:07.067,bybit,1INCH/USDT:USDT,0.285,1764.0,0.2849,4196.7,0.2851,2264.1,0.2852,10108.9
1753591927267,04:52:07.267,bybit,1INCH/USDT:USDT,0.285,1764.0,0.2849,4196.7,0.2851,2264.1,0.2852,10108.9
1753591927467,04:52:07.467,bybit,1INCH/USDT:USDT,0.285,1764.0,0.2849,4196.7,0.2851,2264.1,0.2852,10108.9
1753591927567,04:52:07.567,bybit,1INCH/USDT:USDT,0.285,1764.0,0.2849,4196.7,0.2851,2464.7,0.2852,10108.9
1753591927666,04:52:07.666,bybit,1INCH/USDT:USDT,0.285,1764.0,0.2849,4196.7,0.2851,2464.7,0.2852,10108.9
1753591928166,04:52:08.166,bybit,1INCH/USDT:USDT,0.285,1764.0,0.2849,4196.7,0.2851,2113.9,0.2852,10108.9
1753591928567,04:52:08.567,bybit,1INCH/USDT:USDT,0.285,1764.0,0.2849,4196.7,0.2851,2113.9,0.2852,10108.9
1753591928867,04:52:08.867,bybit,1INCH/USDT:USDT,0.285,1764.0,0.2849,4196.7,0.2851,2113.9,0.2852,10108.9
1753591929567,04:52:09.567,bybit,1INCH/USDT:USDT,0.285,1764.0,0.2849,4196.7,0.2851,3155.7,0.2852,10108.9
1753591929967,04:52:09.967,bybit,1INCH/USDT:USDT,0.285,1764.0,0.2849,4196.7,0.2851,3080.6,0.2852,10108.9
1753591930066,04:52:10.066,bybit,1INCH/USDT:USDT,0.285,1764.0,0.2849,4196.7,0.2851,1412.3,0.2852,10108.9
1753591930667,04:52:10.667,bybit,1INCH/USDT:USDT,0.285,1764.0,0.2849,4196.7,0.2851,1487.4,0.2852,10108.9
1753591930767,04:52:10.767,bybit,1INCH/USDT:USDT,0.285,1764.0,0.2849,4196.7,0.2851,1562.5,0.2852,10108.9
1753591930867,04:52:10.867,bybit,1INCH/USDT:USDT,0.285,1764.0,0.2849,4196.7,0.2851,1562.5,0.2852,10108.9
1753591930967,04:52:10.967,bybit,1INCH/USDT:USDT,0.285,1764.0,0.2849,4196.7,0.2851,1487.4,0.2852,10108.9
1753591931166,04:52:11.166,bybit,1INCH/USDT:USDT,0.285,1839.1,0.2849,4196.7,0.2851,1412.3,0.2852,10108.9
1753591932067,04:52:12.067,bybit,1INCH/USDT:USDT,0.285,1839.1,0.2849,4196.7,0.2851,1412.3,0.2852,10108.9
1753591932166,04:52:12.166,bybit,1INCH/USDT:USDT,0.285,1764.0,0.2849,4196.7,0.2851,1412.3,0.2852,10108.9
1753591932267,04:52:12.267,bybit,1INCH/USDT:USDT,0.2849,2759.9,0.2848,13370.1,0.285,1380.4,0.2851,9418.7
1753591932367,04:52:12.367,bybit,1INCH/USDT:USDT,0.2849,2784.4,0.2848,13370.1,0.285,1380.4,0.2851,9471.5
1753591932467,04:52:12.467,bybit,1INCH/USDT:USDT,0.2849,2784.4,0.2848,15182.7,0.285,1380.4,0.2851,9471.5
1753591932666,04:52:12.666,bybit,1INCH/USDT:USDT,0.2849,2784.4,0.2848,12645.1,0.285,1380.4,0.2851,9169.7
1753591932767,04:52:12.767,bybit,1INCH/USDT:USDT,0.2849,2784.4,0.2848,12645.1,0.285,1380.4,0.2851,9169.7
1753591932866,04:52:12.866,bybit,1INCH/USDT:USDT,0.2849,2784.4,0.2848,13370.1,0.285,1380.4,0.2851,9169.7
1753591933367,04:52:13.367,bybit,1INCH/USDT:USDT,0.2849,2784.4,0.2848,13370.1,0.285,1380.4,0.2851,9169.7
1753591933467,04:52:13.467,bybit,1INCH/USDT:USDT,0.2849,2784.4,0.2848,12645.1,0.285,1380.4,0.2851,9169.7
1753591933566,04:52:13.566,bybit,1INCH/USDT:USDT,0.2849,2784.4,0.2848,13370.1,0.285,1380.4,0.2851,9169.7
1753591933866,04:52:13.866,bybit,1INCH/USDT:USDT,0.2849,2784.4,0.2848,13370.1,0.285,1380.4,0.2851,9169.7
1753591934066,04:52:14.066,bybit,1INCH/USDT:USDT,0.2849,2784.4,0.2848,13370.1,0.285,1380.4,0.2851,9169.7
1753591934767,04:52:14.767,bybit,1INCH/USDT:USDT,0.285,1882.0,0.2849,2784.4,0.2851,1804.1,0.2852,10833.9
1753591934867,04:52:14.867,bybit,1INCH/USDT:USDT,0.285,1882.0,0.2849,5742.8,0.2851,3182.1,0.2852,10108.9
1753591934967,04:52:14.967,bybit,1INCH/USDT:USDT,0.285,1882.0,0.2849,5742.8,0.2851,3182.1,0.2852,10108.9
1753591935467,04:52:15.467,bybit,1INCH/USDT:USDT,0.285,1882.0,0.2849,5742.8,0.2851,4263.7,0.2852,10108.9
1753591935667,04:52:15.667,bybit,1INCH/USDT:USDT,0.285,1882.0,0.2849,5742.8,0.2851,4113.5,0.2852,10108.9
1753591936067,04:52:16.067,bybit,1INCH/USDT:USDT,0.285,1882.0,0.2849,5742.8,0.2851,4303.5,0.2852,10108.9
1753591936166,04:52:16.166,bybit,1INCH/USDT:USDT,0.285,1882.0,0.2849,5742.8,0.2851,1478.5,0.2852,10108.9
1753591936767,04:52:16.767,bybit,1INCH/USDT:USDT,0.285,1882.0,0.2849,5742.8,0.2851,4303.5,0.2852,10108.9
1753591937268,04:52:17.268,bybit,1INCH/USDT:USDT,0.285,1882.0,0.2849,5742.8,0.2851,4303.5,0.2852,10108.9
1753591937366,04:52:17.366,bybit,1INCH/USDT:USDT,0.285,1882.0,0.2849,5742.8,0.2851,4303.5,0.2852,10108.9
1753591937967,04:52:17.967,bybit,1INCH/USDT:USDT,0.285,1882.0,0.2849,5742.8,0.2851,4053.0,0.2852,10108.9
1753591938866,04:52:18.866,bybit,1INCH/USDT:USDT,0.285,1746.4,0.2849,5742.8,0.2851,4228.4,0.2852,10108.9
1753591939067,04:52:19.067,bybit,1INCH/USDT:USDT,0.285,1746.4,0.2849,5742.8,0.2851,4303.5,0.2852,10108.9
1753591939167,04:52:19.167,bybit,1INCH/USDT:USDT,0.285,1746.4,0.2849,5742.8,0.2851,1628.7,0.2852,10108.9
1753591939567,04:52:19.567,bybit,1INCH/USDT:USDT,0.285,1746.4,0.2849,5742.8,0.2851,1553.6,0.2852,10108.9
1753591940067,04:52:20.067,bybit,1INCH/USDT:USDT,0.285,1746.4,0.2849,5742.8,0.2851,1588.9,0.2852,10108.9
1753591940967,04:52:20.967,bybit,1INCH/USDT:USDT,0.285,2746.4,0.2849,5742.8,0.2851,1438.7,0.2852,10108.9
1753591941667,04:52:21.667,bybit,1INCH/USDT:USDT,0.285,2746.4,0.2849,5742.8,0.2851,1438.7,0.2852,10108.9
1753591941767,04:52:21.767,bybit,1INCH/USDT:USDT,0.285,2746.4,0.2849,5742.8,0.2851,1588.9,0.2852,10108.9
1753591941866,04:52:21.866,bybit,1INCH/USDT:USDT,0.285,2746.4,0.2849,5742.8,0.2851,1438.7,0.2852,10108.9
1753591942067,04:52:22.067,bybit,1INCH/USDT:USDT,0.285,2746.4,0.2849,5742.8,0.2851,1438.7,0.2852,10108.9
1753591942366,04:52:22.366,bybit,1INCH/USDT:USDT,0.285,2746.4,0.2849,5742.8,0.2851,1513.8,0.2852,10108.9
1753591942666,04:52:22.666,bybit,1INCH/USDT:USDT,0.285,2749.9,0.2849,5739.2,0.2851,1513.8,0.2852,10108.9
1753591942867,04:52:22.867,bybit,1INCH/USDT:USDT,0.285,2749.9,0.2849,5739.2,0.2851,1438.7,0.2852,10108.9
1753591943266,04:52:23.266,bybit,1INCH/USDT:USDT,0.285,2716.0,0.2849,5739.2,0.2851,1513.8,0.2852,10108.9
1753591943366,04:52:23.366,bybit,1INCH/USDT:USDT,0.285,2716.0,0.2849,5739.2,0.2851,1438.7,0.2852,10108.9
1753591944768,04:52:24.768,bybit,1INCH/USDT:USDT,0.285,2866.2,0.2849,5739.2,0.2851,1438.7,0.2852,10108.9
1753591944868,04:52:24.868,bybit,1INCH/USDT:USDT,0.2851,2300.6,0.285,8307.6,0.2852,2350.5,0.2853,10670.5
1753591944966,04:52:24.966,bybit,1INCH/USDT:USDT,0.2851,1300.6,0.285,8360.4,0.2852,2350.5,0.2853,10670.5
1753591945066,04:52:25.066,bybit,1INCH/USDT:USDT,0.2851,1300.6,0.285,8360.4,0.2852,2363.9,0.2853,10670.5
1753591945167,04:52:25.167,bybit,1INCH/USDT:USDT,0.2851,1300.6,0.285,8360.4,0.2852,2363.9,0.2853,10670.5
1753591945266,04:52:25.266,bybit,1INCH/USDT:USDT,0.2851,2661.0,0.285,8360.4,0.2852,2363.9,0.2853,10670.5
1753591945367,04:52:25.367,bybit,1INCH/USDT:USDT,0.2851,2661.0,0.285,8400.1,0.2852,2363.9,0.2853,10670.5
1753591945468,04:52:25.468,bybit,1INCH/USDT:USDT,0.2851,2661.0,0.285,8400.1,0.2852,2363.9,0.2853,10670.5
1753591945567,04:52:25.567,bybit,1INCH/USDT:USDT,0.2851,2661.0,0.285,8400.1,0.2852,2363.9,0.2853,10670.5
1753591945867,04:52:25.867,bybit,1INCH/USDT:USDT,0.2851,2661.0,0.285,8400.1,0.2852,2363.9,0.2853,10670.5
1753591945967,04:52:25.967,bybit,1INCH/USDT:USDT,0.2851,2661.0,0.285,8400.1,0.2852,2363.9,0.2853,10670.5
1753591946066,04:52:26.066,bybit,1INCH/USDT:USDT,0.2851,2585.9,0.285,8400.1,0.2852,2324.1,0.2853,10670.5
1753591946167,04:52:26.167,bybit,1INCH/USDT:USDT,0.2851,2661.0,0.285,8400.1,0.2852,2324.1,0.2853,10670.5
1753591946269,04:52:26.269,bybit,1INCH/USDT:USDT,0.2851,2661.0,0.285,8400.1,0.2852,2324.1,0.2853,10670.5
1753591946867,04:52:26.867,bybit,1INCH/USDT:USDT,0.2851,2661.0,0.285,8400.1,0.2852,2324.1,0.2853,10670.5
1753591947167,04:52:27.167,bybit,1INCH/USDT:USDT,0.2851,2585.9,0.285,8400.1,0.2852,2324.1,0.2853,10670.5
1753591947267,04:52:27.267,bybit,1INCH/USDT:USDT,0.2851,2661.0,0.285,8400.1,0.2852,2324.1,0.2853,10670.5
1753591947567,04:52:27.567,bybit,1INCH/USDT:USDT,0.2851,2661.0,0.285,8400.1,0.2852,2324.1,0.2853,10670.5
1753591948767,04:52:28.767,bybit,1INCH/USDT:USDT,0.2851,2661.0,0.285,8400.1,0.2852,2324.1,0.2853,10670.5
1753591949166,04:52:29.166,bybit,1INCH/USDT:USDT,0.2851,2661.0,0.285,8400.1,0.2852,2324.1,0.2853,10670.5
1753591949367,04:52:29.367,bybit,1INCH/USDT:USDT,0.2851,2661.0,0.285,8400.1,0.2852,2332.3,0.2853,10670.5
1753591949467,04:52:29.467,bybit,1INCH/USDT:USDT,0.2851,2510.8,0.285,8400.1,0.2852,2332.3,0.2853,10670.5
1753591949566,04:52:29.566,bybit,1INCH/USDT:USDT,0.2851,2585.9,0.285,8400.1,0.2852,2332.3,0.2853,10670.5
1753591949667,04:52:29.667,bybit,1INCH/USDT:USDT,0.2851,2585.9,0.285,8400.1,0.2852,2661.1,0.2853,10670.5
1753591949967,04:52:29.967,bybit,1INCH/USDT:USDT,0.2851,1150.4,0.285,8400.1,0.2852,2661.1,0.2853,10971.1
1753591950167,04:52:30.167,bybit,1INCH/USDT:USDT,0.2851,1150.4,0.285,8400.1,0.2852,3883.0,0.2853,10971.1
1753591950267,04:52:30.267,bybit,1INCH/USDT:USDT,0.2851,1150.4,0.285,8400.1,0.2852,3883.0,0.2853,10971.1
1753591950767,04:52:30.767,bybit,1INCH/USDT:USDT,0.2851,1150.4,0.285,8400.1,0.2852,4883.0,0.2853,10971.1
1753591951166,04:52:31.166,bybit,1INCH/USDT:USDT,0.2851,2568.6,0.285,8400.1,0.2852,2661.1,0.2853,10971.1
1753591951467,04:52:31.467,bybit,1INCH/USDT:USDT,0.2851,2568.6,0.285,8400.1,0.2852,2661.1,0.2853,10971.1
1753591951667,04:52:31.667,bybit,1INCH/USDT:USDT,0.2851,2568.6,0.285,8400.1,0.2852,2661.1,0.2853,10971.1
1753591951967,04:52:31.967,bybit,1INCH/USDT:USDT,0.2851,2568.6,0.285,8400.1,0.2852,2661.1,0.2853,10971.1
1753591952767,04:52:32.767,bybit,1INCH/USDT:USDT,0.2851,2568.6,0.285,8400.1,0.2852,2661.0,0.2853,10971.1
1753591952867,04:52:32.867,bybit,1INCH/USDT:USDT,0.2851,2568.6,0.285,8400.1,0.2852,2680.4,0.2853,10971.1
1753591953167,04:52:33.167,bybit,1INCH/USDT:USDT,0.2851,2493.5,0.285,8400.1,0.2852,2680.4,0.2853,10971.1
1753591953367,04:52:33.367,bybit,1INCH/USDT:USDT,0.2851,2493.5,0.285,8400.1,0.2852,2680.4,0.2853,10971.1
1753591953466,04:52:33.466,bybit,1INCH/USDT:USDT,0.2851,2568.6,0.285,8400.1,0.2852,2680.4,0.2853,10971.1
1753591953566,04:52:33.566,bybit,1INCH/USDT:USDT,0.2851,2643.7,0.285,8400.1,0.2852,2680.4,0.2853,10971.1
1753591954767,04:52:34.767,bybit,1INCH/USDT:USDT,0.2851,2493.5,0.285,8400.1,0.2852,2680.4,0.2853,10971.1
1753591955167,04:52:35.167,bybit,1INCH/USDT:USDT,0.2851,2493.5,0.285,8400.1,0.2852,2680.4,0.2853,10971.1
1753591955767,04:52:35.767,bybit,1INCH/USDT:USDT,0.2851,2573.4,0.285,8396.6,0.2852,2680.4,0.2853,10971.1
1753591955967,04:52:35.967,bybit,1INCH/USDT:USDT,0.2851,2648.5,0.285,8396.6,0.2852,2680.4,0.2853,10971.1
1753591956466,04:52:36.466,bybit,1INCH/USDT:USDT,0.2851,2648.5,0.285,8396.6,0.2852,2680.4,0.2853,10971.1
1753591956567,04:52:36.567,bybit,1INCH/USDT:USDT,0.2851,2573.4,0.285,8396.6,0.2852,2680.4,0.2853,10971.1
1753591957267,04:52:37.267,bybit,1INCH/USDT:USDT,0.2851,2498.3,0.285,8396.6,0.2852,2680.4,0.2853,10971.1
1753591957766,04:52:37.766,bybit,1INCH/USDT:USDT,0.2851,2648.5,0.285,8396.6,0.2852,2680.4,0.2853,10971.1
1753591958066,04:52:38.066,bybit,1INCH/USDT:USDT,0.2851,2498.3,0.285,8396.6,0.2852,2680.4,0.2853,10971.1
1753591958367,04:52:38.367,bybit,1INCH/USDT:USDT,0.2851,2573.4,0.285,8396.6,0.2852,2680.4,0.2853,10971.1
1753591958467,04:52:38.467,bybit,1INCH/USDT:USDT,0.2851,2648.5,0.285,8396.6,0.2852,2680.4,0.2853,10971.1
1753591958767,04:52:38.767,bybit,1INCH/USDT:USDT,0.2851,2648.5,0.285,8396.6,0.2852,2680.4,0.2853,10971.1
1753591959767,04:52:39.767,bybit,1INCH/USDT:USDT,0.2851,2648.5,0.285,9121.6,0.2852,2680.4,0.2853,9971.1
1753591959867,04:52:39.867,bybit,1INCH/USDT:USDT,0.2851,2648.5,0.285,9121.6,0.2852,2680.4,0.2853,9971.1
1753591960270,04:52:40.270,bybit,1INCH/USDT:USDT,0.2851,2648.5,0.285,9121.6,0.2852,2680.4,0.2853,9971.1
1753591960366,04:52:40.366,bybit,1INCH/USDT:USDT,0.2851,2648.5,0.285,9121.6,0.2852,2680.4,0.2853,9971.1
1753591960667,04:52:40.667,bybit,1INCH/USDT:USDT,0.2851,3648.5,0.285,9121.6,0.2852,2680.4,0.2853,10971.1
1753591961267,04:52:41.267,bybit,1INCH/USDT:USDT,0.2851,3498.3,0.285,8396.6,0.2852,2680.5,0.2853,10971.1
1753591961567,04:52:41.567,bybit,1INCH/USDT:USDT,0.2851,2498.3,0.285,8396.6,0.2852,2680.5,0.2853,10971.1
1753591961967,04:52:41.967,bybit,1INCH/USDT:USDT,0.2851,2573.4,0.285,8396.6,0.2852,2680.5,0.2853,10971.1
1753591962267,04:52:42.267,bybit,1INCH/USDT:USDT,0.2851,2498.3,0.285,8396.6,0.2852,2680.5,0.2853,10971.1
1753591962567,04:52:42.567,bybit,1INCH/USDT:USDT,0.2851,2648.5,0.285,8396.6,0.2852,2680.5,0.2853,10971.1
1753591962667,04:52:42.667,bybit,1INCH/USDT:USDT,0.2851,2648.5,0.285,8396.6,0.2852,2680.5,0.2853,10971.1
1753591963067,04:52:43.067,bybit,1INCH/USDT:USDT,0.2851,2573.4,0.285,8396.6,0.2852,2680.5,0.2853,10971.1
1753591963467,04:52:43.467,bybit,1INCH/USDT:USDT,0.2851,2648.5,0.285,8396.6,0.2852,2680.5,0.2853,10971.1
1753591963666,04:52:43.666,bybit,1INCH/USDT:USDT,0.2851,3648.5,0.285,8396.6,0.2852,2680.5,0.2853,10971.1
1753591966067,04:52:46.067,bybit,1INCH/USDT:USDT,0.2851,3648.5,0.285,8396.6,0.2852,2680.5,0.2853,10971.1
1753591968067,04:52:48.067,bybit,1INCH/USDT:USDT,0.2851,2648.5,0.285,8396.6,0.2852,2680.5,0.2853,10971.1
1753591968167,04:52:48.167,bybit,1INCH/USDT:USDT,0.2851,2648.5,0.285,9121.6,0.2852,2680.5,0.2853,10971.1
1753591968467,04:52:48.467,bybit,1INCH/USDT:USDT,0.2851,2648.5,0.285,9121.6,0.2852,2680.5,0.2853,9971.1
1753591968567,04:52:48.567,bybit,1INCH/USDT:USDT,0.2851,3648.5,0.285,9121.6,0.2852,2680.5,0.2853,9971.1
1753591969367,04:52:49.367,bybit,1INCH/USDT:USDT,0.2851,3648.5,0.285,9121.6,0.2852,2680.5,0.2853,9971.1
1753591969867,04:52:49.867,bybit,1INCH/USDT:USDT,0.2849,2361.7,0.2848,10599.8,0.285,1812.6,0.2851,7053.3
1753591969967,04:52:49.967,bybit,1INCH/USDT:USDT,0.285,3562.7,0.2849,6471.9,0.2851,2574.1,0.2852,12021.7
1753591970067,04:52:50.067,bybit,1INCH/USDT:USDT,0.285,3562.7,0.2849,8522.9,0.2851,2574.1,0.2852,12021.7
1753591970167,04:52:50.167,bybit,1INCH/USDT:USDT,0.285,3562.7,0.2849,8522.9,0.2851,2574.1,0.2852,12021.7
1753591970267,04:52:50.267,bybit,1INCH/USDT:USDT,0.285,3562.7,0.2849,8522.9,0.2851,2574.1,0.2852,12021.7
1753591970567,04:52:50.567,bybit,1INCH/USDT:USDT,0.285,3637.8,0.2849,8522.9,0.2851,1705.8,0.2852,12021.7
1753591970667,04:52:50.667,bybit,1INCH/USDT:USDT,0.285,3637.8,0.2849,8522.9,0.2851,1705.8,0.2852,12021.7
1753591970767,04:52:50.767,bybit,1INCH/USDT:USDT,0.285,3637.8,0.2849,8522.9,0.2851,1705.8,0.2852,12021.7
1753591970867,04:52:50.867,bybit,1INCH/USDT:USDT,0.285,3637.8,0.2849,8522.9,0.2851,1705.8,0.2852,12021.7
1753591970967,04:52:50.967,bybit,1INCH/USDT:USDT,0.285,3562.7,0.2849,8522.9,0.2851,1915.4,0.2852,12021.7
1753591971067,04:52:51.067,bybit,1INCH/USDT:USDT,0.285,3562.7,0.2849,8447.8,0.2851,1915.4,0.2852,12021.7
1753591971167,04:52:51.167,bybit,1INCH/USDT:USDT,0.285,3562.7,0.2849,8447.8,0.2851,1915.4,0.2852,12021.7
1753591971367,04:52:51.367,bybit,1INCH/USDT:USDT,0.285,3562.7,0.2849,8447.8,0.2851,7072.8,0.2852,11296.7
1753591971667,04:52:51.667,bybit,1INCH/USDT:USDT,0.285,3562.7,0.2849,8447.8,0.2851,7072.8,0.2852,12021.7
1753591972167,04:52:52.167,bybit,1INCH/USDT:USDT,0.285,3562.7,0.2849,8447.8,0.2851,7072.8,0.2852,12021.7
1753591972467,04:52:52.467,bybit,1INCH/USDT:USDT,0.285,3562.7,0.2849,8447.8,0.2851,7072.8,0.2852,12021.7
1753591972567,04:52:52.567,bybit,1INCH/USDT:USDT,0.285,3562.7,0.2849,8447.8,0.2851,10454.8,0.2852,12021.7
1753591972767,04:52:52.767,bybit,1INCH/USDT:USDT,0.285,3562.7,0.2849,8447.8,0.2851,10454.8,0.2852,12021.7
1753591972967,04:52:52.967,bybit,1INCH/USDT:USDT,0.285,3562.7,0.2849,8447.8,0.2851,9605.6,0.2852,11692.9
1753591973267,04:52:53.267,bybit,1INCH/USDT:USDT,0.285,3562.7,0.2849,8447.8,0.2851,7779.9,0.2852,10692.9
1753591973367,04:52:53.367,bybit,1INCH/USDT:USDT,0.285,3637.8,0.2849,8447.8,0.2851,7779.9,0.2852,10692.9
1753591973667,04:52:53.667,bybit,1INCH/USDT:USDT,0.285,3637.8,0.2849,8500.6,0.2851,1960.0,0.2852,9967.9
1753591973767,04:52:53.767,bybit,1INCH/USDT:USDT,0.285,3637.8,0.2849,8500.6,0.2851,1960.0,0.2852,9967.9
1753591974567,04:52:54.567,bybit,1INCH/USDT:USDT,0.285,3637.8,0.2849,8500.6,0.2851,1960.0,0.2852,11692.9
1753591975067,04:52:55.067,bybit,1INCH/USDT:USDT,0.285,3637.8,0.2849,8500.6,0.2851,1960.0,0.2852,11692.9
1753591975767,04:52:55.767,bybit,1INCH/USDT:USDT,0.285,2562.7,0.2849,8500.6,0.2851,2035.1,0.2852,11692.9
1753591976067,04:52:56.067,bybit,1INCH/USDT:USDT,0.285,2562.7,0.2849,8500.6,0.2851,2035.1,0.2852,11692.9
1753591976367,04:52:56.367,bybit,1INCH/USDT:USDT,0.285,2562.7,0.2849,8500.6,0.2851,2035.1,0.2852,11692.9
1753591976767,04:52:56.767,bybit,1INCH/USDT:USDT,0.285,2562.7,0.2849,8500.6,0.2851,1960.0,0.2852,11692.9
1753591977267,04:52:57.267,bybit,1INCH/USDT:USDT,0.285,2562.7,0.2849,8500.6,0.2851,1960.0,0.2852,11692.9
1753591977367,04:52:57.367,bybit,1INCH/USDT:USDT,0.285,2562.7,0.2849,8500.6,0.2851,1960.0,0.2852,11692.9
1753591977567,04:52:57.567,bybit,1INCH/USDT:USDT,0.285,2562.7,0.2849,8500.6,0.2851,1960.0,0.2852,11692.9
1753591977867,04:52:57.867,bybit,1INCH/USDT:USDT,0.285,2562.7,0.2849,8500.6,0.2851,2035.1,0.2852,11692.9
1753591977966,04:52:57.966,bybit,1INCH/USDT:USDT,0.285,2562.7,0.2849,8500.6,0.2851,1960.0,0.2852,11692.9
1753591978067,04:52:58.067,bybit,1INCH/USDT:USDT,0.285,2562.7,0.2849,8500.6,0.2851,2035.1,0.2852,11692.9
1753591978269,04:52:58.269,bybit,1INCH/USDT:USDT,0.285,2562.7,0.2849,8500.6,0.2851,1960.0,0.2852,11692.9
1753591978667,04:52:58.667,bybit,1INCH/USDT:USDT,0.285,2562.7,0.2849,8500.6,0.2851,1960.0,0.2852,11692.9
1753591978767,04:52:58.767,bybit,1INCH/USDT:USDT,0.285,2562.7,0.2849,8500.6,0.2851,1960.0,0.2852,11692.9
1753591978867,04:52:58.867,bybit,1INCH/USDT:USDT,0.285,3013.7,0.2849,8525.1,0.2851,1659.4,0.2852,9354.3
1753591978967,04:52:58.967,bybit,1INCH/USDT:USDT,0.285,3013.7,0.2849,8525.1,0.2851,1659.4,0.2852,9354.3
1753591979167,04:52:59.167,bybit,1INCH/USDT:USDT,0.285,2938.6,0.2849,8525.1,0.2851,1659.4,0.2852,10667.3
1753591979267,04:52:59.267,bybit,1INCH/USDT:USDT,0.285,2938.6,0.2849,8500.6,0.2851,1659.4,0.2852,10667.3
1753591979367,04:52:59.367,bybit,1INCH/USDT:USDT,0.285,2863.5,0.2849,8525.1,0.2851,1809.6,0.2852,11693.1
1753591979467,04:52:59.467,bybit,1INCH/USDT:USDT,0.285,3938.6,0.2849,8525.1,0.2851,1659.4,0.2852,10968.1
1753591979567,04:52:59.567,bybit,1INCH/USDT:USDT,0.285,3938.6,0.2849,8525.1,0.2851,1659.4,0.2852,10968.1
1753591979667,04:52:59.667,bybit,1INCH/USDT:USDT,0.285,3938.6,0.2849,8525.1,0.2851,1659.4,0.2852,10968.1
1753591979767,04:52:59.767,bybit,1INCH/USDT:USDT,0.285,4013.7,0.2849,8525.1,0.2851,1659.4,0.2852,9655.1
1753591979867,04:52:59.867,bybit,1INCH/USDT:USDT,0.285,4013.7,0.2849,8525.1,0.2851,1676.9,0.2852,9655.1
1753591979967,04:52:59.967,bybit,1INCH/USDT:USDT,0.285,3938.6,0.2849,8525.1,0.2851,1676.9,0.2852,11693.1
1753591980067,04:53:00.067,bybit,1INCH/USDT:USDT,0.285,4013.7,0.2849,8525.1,0.2851,298.1,0.2852,10038.7
1753591980166,04:53:00.166,bybit,1INCH/USDT:USDT,0.285,3978.4,0.2849,8525.1,0.2851,1659.3,0.2852,10038.7
1753591980269,04:53:00.269,bybit,1INCH/USDT:USDT,0.285,3978.4,0.2849,8525.1,0.2851,1659.3,0.2852,10038.7
1753591980366,04:53:00.366,bybit,1INCH/USDT:USDT,0.285,3978.4,0.2849,8525.1,0.2851,1659.3,0.2852,10038.7
1753591980467,04:53:00.467,bybit,1INCH/USDT:USDT,0.285,4053.5,0.2849,8525.1,0.2851,298.1,0.2852,10038.7
1753591980866,04:53:00.866,bybit,1INCH/USDT:USDT,0.285,4053.5,0.2849,8525.1,0.2851,298.1,0.2852,10038.7
1753591980966,04:53:00.966,bybit,1INCH/USDT:USDT,0.285,4053.5,0.2849,8525.1,0.2851,298.1,0.2852,10038.7
1753591981167,04:53:01.167,bybit,1INCH/USDT:USDT,0.285,4053.5,0.2849,8525.1,0.2851,298.1,0.2852,10038.7
1753591981267,04:53:01.267,bybit,1INCH/USDT:USDT,0.285,4053.5,0.2849,8525.1,0.2851,298.1,0.2852,10038.7
1753591981368,04:53:01.368,bybit,1INCH/USDT:USDT,0.285,4053.5,0.2849,8525.1,0.2851,298.1,0.2852,10038.7
1753591981767,04:53:01.767,bybit,1INCH/USDT:USDT,0.285,3602.5,0.2849,8525.1,0.2851,1659.3,0.2852,10038.7
1753591981966,04:53:01.966,bybit,1INCH/USDT:USDT,0.285,3677.6,0.2849,8500.6,0.2851,1659.3,0.2852,10038.7
1753591982067,04:53:02.067,bybit,1INCH/USDT:USDT,0.285,3677.6,0.2849,8500.6,0.2851,1659.3,0.2852,10038.7
1753591982167,04:53:02.167,bybit,1INCH/USDT:USDT,0.285,3677.6,0.2849,8500.6,0.2851,1659.3,0.2852,10038.7
1753591982269,04:53:02.269,bybit,1INCH/USDT:USDT,0.285,3602.5,0.2849,8500.6,0.2851,1659.3,0.2852,10038.7
1753591982367,04:53:02.367,bybit,1INCH/USDT:USDT,0.285,3677.6,0.2849,8500.6,0.2851,1659.3,0.2852,10763.7
1753591982967,04:53:02.967,bybit,1INCH/USDT:USDT,0.285,3677.6,0.2849,8500.6,0.2851,1659.3,0.2852,10763.7
1753591983167,04:53:03.167,bybit,1INCH/USDT:USDT,0.285,3602.5,0.2849,8500.6,0.2851,1678.7,0.2852,10019.3
1753591983367,04:53:03.367,bybit,1INCH/USDT:USDT,0.285,3602.5,0.2849,8500.6,0.2851,1678.7,0.2852,10019.3
1753591983467,04:53:03.467,bybit,1INCH/USDT:USDT,0.285,3677.6,0.2849,8500.6,0.2851,1678.7,0.2852,10019.3
1753591983567,04:53:03.567,bybit,1INCH/USDT:USDT,0.285,2602.5,0.2849,8500.6,0.2851,1678.7,0.2852,10019.3
1753591983667,04:53:03.667,bybit,1INCH/USDT:USDT,0.285,2602.5,0.2849,8500.6,0.2851,1753.8,0.2852,10744.3
1753591983767,04:53:03.767,bybit,1INCH/USDT:USDT,0.285,2602.5,0.2849,8500.6,0.2851,1828.9,0.2852,10744.3
1753591983967,04:53:03.967,bybit,1INCH/USDT:USDT,0.285,2602.5,0.2849,8500.6,0.2851,1753.8,0.2852,10744.3
1753591984067,04:53:04.067,bybit,1INCH/USDT:USDT,0.285,2562.7,0.2849,8500.6,0.2851,1828.9,0.2852,10744.3
1753591985267,04:53:05.267,bybit,1INCH/USDT:USDT,0.285,2562.7,0.2849,8500.6,0.2851,1828.9,0.2852,10019.3
1753591985667,04:53:05.667,bybit,1INCH/USDT:USDT,0.285,2562.7,0.2849,8500.6,0.2851,1828.9,0.2852,10744.3
1753591986271,04:53:06.271,bybit,1INCH/USDT:USDT,0.285,2562.7,0.2849,8500.6,0.2851,1828.9,0.2852,10744.3
1753591986566,04:53:06.566,bybit,1INCH/USDT:USDT,0.285,2562.7,0.2849,8500.6,0.2851,2828.9,0.2852,10744.3
1753591986867,04:53:06.867,bybit,1INCH/USDT:USDT,0.285,2562.7,0.2849,8500.6,0.2851,2828.9,0.2852,10744.3
1753591987066,04:53:07.066,bybit,1INCH/USDT:USDT,0.285,1183.9,0.2849,8500.6,0.2851,2828.9,0.2852,10744.3
1753591987268,04:53:07.268,bybit,1INCH/USDT:USDT,0.285,1183.9,0.2849,8500.6,0.2851,2828.9,0.2852,10744.3
1753591987767,04:53:07.767,bybit,1INCH/USDT:USDT,0.285,1183.9,0.2849,8500.6,0.2851,2753.8,0.2852,10744.3
1753591987866,04:53:07.866,bybit,1INCH/USDT:USDT,0.285,1183.9,0.2849,8500.6,0.2851,2753.8,0.2852,10744.3
1753591988166,04:53:08.166,bybit,1INCH/USDT:USDT,0.285,1183.9,0.2849,8500.6,0.2851,2828.9,0.2852,10744.3
1753591988269,04:53:08.269,bybit,1INCH/USDT:USDT,0.285,1183.9,0.2849,8500.6,0.2851,2828.9,0.2852,10744.3
1753591989467,04:53:09.467,bybit,1INCH/USDT:USDT,0.285,1183.9,0.2849,8500.6,0.2851,3179.7,0.2852,10744.3
1753591989567,04:53:09.567,bybit,1INCH/USDT:USDT,0.285,1183.9,0.2849,8500.6,0.2851,3004.3,0.2852,10744.3
1753591989667,04:53:09.667,bybit,1INCH/USDT:USDT,0.285,1183.9,0.2849,8500.6,0.2851,3004.3,0.2852,10744.3
1753591989867,04:53:09.867,bybit,1INCH/USDT:USDT,0.285,1183.9,0.2849,8500.6,0.2851,3004.3,0.2852,10744.3
1753591990666,04:53:10.666,bybit,1INCH/USDT:USDT,0.285,1183.9,0.2849,8500.6,0.2851,3355.1,0.2852,10744.3
1753591991567,04:53:11.567,bybit,1INCH/USDT:USDT,0.285,1183.9,0.2849,8500.6,0.2851,3179.7,0.2852,10744.3
1753591991667,04:53:11.667,bybit,1INCH/USDT:USDT,0.285,1183.9,0.2849,8500.6,0.2851,3179.7,0.2852,10744.3
1753591991968,04:53:11.968,bybit,1INCH/USDT:USDT,0.285,1183.9,0.2849,8500.6,0.2851,3179.7,0.2852,10744.3
1753591992067,04:53:12.067,bybit,1INCH/USDT:USDT,0.285,1183.9,0.2849,8500.6,0.2851,3489.9,0.2852,10744.3
1753591992367,04:53:12.367,bybit,1INCH/USDT:USDT,0.2849,4136.7,0.2848,9394.4,0.285,2369.2,0.2851,6432.8
1753591992467,04:53:12.467,bybit,1INCH/USDT:USDT,0.2849,2059.3,0.2848,11066.2,0.285,2519.4,0.2851,8241.7
1753591992567,04:53:12.567,bybit,1INCH/USDT:USDT,0.2849,2059.3,0.2848,11066.2,0.285,2519.4,0.2851,8241.7
1753591992767,04:53:12.767,bybit,1INCH/USDT:USDT,0.2849,2059.3,0.2848,11066.2,0.285,2444.3,0.2851,8241.7
1753591992967,04:53:12.967,bybit,1INCH/USDT:USDT,0.2849,2059.3,0.2848,11066.2,0.285,2694.8,0.2851,8241.7
1753591993166,04:53:13.166,bybit,1INCH/USDT:USDT,0.2849,2059.3,0.2848,11066.2,0.285,2694.8,0.2851,8201.9
1753591993267,04:53:13.267,bybit,1INCH/USDT:USDT,0.2849,2059.3,0.2848,11066.2,0.285,2694.8,0.2851,8201.9
1753591993366,04:53:13.366,bybit,1INCH/USDT:USDT,0.2849,2059.3,0.2848,12066.2,0.285,2694.8,0.2851,8201.9
1753591993766,04:53:13.766,bybit,1INCH/USDT:USDT,0.2849,2059.3,0.2848,11066.2,0.285,2694.8,0.2851,8201.9
1753591993967,04:53:13.967,bybit,1INCH/USDT:USDT,0.2849,2059.3,0.2848,11066.2,0.285,2694.8,0.2851,8201.9
1753591994067,04:53:14.067,bybit,1INCH/USDT:USDT,0.2849,2059.3,0.2848,11066.2,0.285,2694.8,0.2851,8201.9
1753591994367,04:53:14.367,bybit,1INCH/USDT:USDT,0.2849,2059.3,0.2848,12066.2,0.285,2694.8,0.2851,8201.9
1753591994567,04:53:14.567,bybit,1INCH/USDT:USDT,0.2849,2059.3,0.2848,12066.2,0.285,2519.4,0.2851,8201.9
1753591994767,04:53:14.767,bybit,1INCH/USDT:USDT,0.2849,2063.6,0.2848,12066.2,0.285,2694.8,0.2851,8201.9
1753591995467,04:53:15.467,bybit,1INCH/USDT:USDT,0.2849,2064.5,0.2848,12066.2,0.285,2519.4,0.2851,8201.9
1753591995767,04:53:15.767,bybit,1INCH/USDT:USDT,0.2849,2064.5,0.2848,12066.2,0.285,2519.4,0.2851,8201.9
1753591995967,04:53:15.967,bybit,1INCH/USDT:USDT,0.2849,2064.5,0.2848,12066.2,0.285,2519.4,0.2851,8201.9
1753591996267,04:53:16.267,bybit,1INCH/USDT:USDT,0.2849,2064.5,0.2848,12066.2,0.285,2519.4,0.2851,8201.9
1753591996367,04:53:16.367,bybit,1INCH/USDT:USDT,0.2849,2064.5,0.2848,12066.2,0.285,2444.3,0.2851,8201.9
1753591996467,04:53:16.467,bybit,1INCH/USDT:USDT,0.2849,2064.5,0.2848,12066.2,0.285,2444.3,0.2851,8201.9
1753591996567,04:53:16.567,bybit,1INCH/USDT:USDT,0.2849,2064.5,0.2848,12066.2,0.285,1444.3,0.2851,8201.9
1753591996667,04:53:16.667,bybit,1INCH/USDT:USDT,0.2849,2064.5,0.2848,12066.2,0.285,1369.2,0.2851,8201.9
1753591996767,04:53:16.767,bybit,1INCH/USDT:USDT,0.2849,2139.6,0.2848,12066.2,0.285,1444.3,0.2851,8201.9
1753591996867,04:53:16.867,bybit,1INCH/USDT:USDT,0.2849,2064.5,0.2848,12066.2,0.285,1444.3,0.2851,8201.9
1753591997267,04:53:17.267,bybit,1INCH/USDT:USDT,0.2849,2069.2,0.2848,12066.2,0.285,1369.2,0.2851,8201.9
1753591998867,04:53:18.867,bybit,1INCH/USDT:USDT,0.2849,2069.2,0.2848,12066.2,0.285,1369.2,0.2851,8201.9
1753591998967,04:53:18.967,bybit,1INCH/USDT:USDT,0.2849,2219.4,0.2848,12066.2,0.285,1369.2,0.2851,8201.9
1753591999067,04:53:19.067,bybit,1INCH/USDT:USDT,0.2849,2219.4,0.2848,12066.2,0.285,1369.2,0.2851,8201.9
1753591999267,04:53:19.267,bybit,1INCH/USDT:USDT,0.2849,2144.3,0.2848,12066.2,0.285,1369.2,0.2851,8201.9
1753591999367,04:53:19.367,bybit,1INCH/USDT:USDT,0.2849,2144.3,0.2848,12066.2,0.285,1369.2,0.2851,8201.9
1753592000066,04:53:20.066,bybit,1INCH/USDT:USDT,0.2849,2144.3,0.2848,12066.2,0.285,1369.2,0.2851,8201.9
1753592000367,04:53:20.367,bybit,1INCH/USDT:USDT,0.2849,2219.4,0.2848,12066.2,0.285,1369.2,0.2851,8201.9
1753592001267,04:53:21.267,bybit,1INCH/USDT:USDT,0.2849,3219.4,0.2848,12066.2,0.285,1369.2,0.2851,8201.9
1753592001767,04:53:21.767,bybit,1INCH/USDT:USDT,0.2849,5680.5,0.2848,12066.2,0.2851,6073.9,0.2852,14418.6
1753592001867,04:53:21.867,bybit,1INCH/USDT:USDT,0.2849,3219.4,0.2848,12066.2,0.285,1328.4,0.2851,8202.6
1753592001966,04:53:21.966,bybit,1INCH/USDT:USDT,0.2849,3219.4,0.2848,12090.7,0.285,1328.4,0.2851,8202.6
1753592002167,04:53:22.167,bybit,1INCH/USDT:USDT,0.2849,3219.4,0.2848,12090.7,0.285,1559.5,0.2851,7904.5
1753592002269,04:53:22.269,bybit,1INCH/USDT:USDT,0.2849,3219.4,0.2848,12090.7,0.285,1559.5,0.2851,7904.5
1753592002367,04:53:22.367,bybit,1INCH/USDT:USDT,0.2849,3219.4,0.2848,12090.7,0.285,1559.5,0.2851,7904.5
1753592002567,04:53:22.567,bybit,1INCH/USDT:USDT,0.2849,3219.4,0.2848,12090.7,0.285,1559.5,0.2851,7904.5
1753592003367,04:53:23.367,bybit,1INCH/USDT:USDT,0.2849,3219.4,0.2848,12815.7,0.285,231.1,0.2851,7904.5
1753592003467,04:53:23.467,bybit,1INCH/USDT:USDT,0.2849,3219.4,0.2848,12090.7,0.285,231.1,0.2851,7904.5
1753592003566,04:53:23.566,bybit,1INCH/USDT:USDT,0.2849,3219.4,0.2848,12090.7,0.285,231.1,0.2851,7904.5
1753592003667,04:53:23.667,bybit,1INCH/USDT:USDT,0.2849,3219.4,0.2848,12815.7,0.285,231.1,0.2851,7904.5
1753592003866,04:53:23.866,bybit,1INCH/USDT:USDT,0.2849,3219.4,0.2848,12815.7,0.285,231.1,0.2851,7904.5
1753592004066,04:53:24.066,bybit,1INCH/USDT:USDT,0.2849,3219.4,0.2848,12815.7,0.285,231.1,0.2851,7904.5
1753592004167,04:53:24.167,bybit,1INCH/USDT:USDT,0.2849,3219.4,0.2848,12815.7,0.285,231.1,0.2851,7904.5
1753592004367,04:53:24.367,bybit,1INCH/USDT:USDT,0.2849,3221.0,0.2848,12815.7,0.285,231.1,0.2851,7904.5
1753592004867,04:53:24.867,bybit,1INCH/USDT:USDT,0.2849,3221.0,0.2848,12815.7,0.285,231.1,0.2851,7904.5
1753592005067,04:53:25.067,bybit,1INCH/USDT:USDT,0.2849,3260.8,0.2848,12815.7,0.285,231.1,0.2851,7904.5
1753592005167,04:53:25.167,bybit,1INCH/USDT:USDT,0.2849,3260.8,0.2848,12815.7,0.285,231.1,0.2851,7904.5
1753592006066,04:53:26.066,bybit,1INCH/USDT:USDT,0.2849,3221.0,0.2848,12815.7,0.285,231.1,0.2851,7904.5
1753592006867,04:53:26.867,bybit,1INCH/USDT:USDT,0.2849,3245.5,0.2848,12791.2,0.285,231.1,0.2851,7904.5
1753592007066,04:53:27.066,bybit,1INCH/USDT:USDT,0.2849,3285.3,0.2848,12791.2,0.285,231.1,0.2851,7904.5
1753592008066,04:53:28.066,bybit,1INCH/USDT:USDT,0.2849,3285.3,0.2848,12791.2,0.285,231.1,0.2851,7904.5
1753592008267,04:53:28.267,bybit,1INCH/USDT:USDT,0.2849,3285.3,0.2848,12791.2,0.285,231.1,0.2851,7904.5
1753592009467,04:53:29.467,bybit,1INCH/USDT:USDT,0.2849,3285.3,0.2848,12791.2,0.285,231.1,0.2851,7904.5
1753592009966,04:53:29.966,bybit,1INCH/USDT:USDT,0.2849,3285.3,0.2848,12791.2,0.285,231.1,0.2851,7904.5
1753592010067,04:53:30.067,bybit,1INCH/USDT:USDT,0.2849,3245.5,0.2848,12791.2,0.285,231.1,0.2851,7904.5
1753592010866,04:53:30.866,bybit,1INCH/USDT:USDT,0.2849,3245.5,0.2848,12791.2,0.285,231.1,0.2851,7904.5
1753592010967,04:53:30.967,bybit,1INCH/USDT:USDT,0.2849,3245.5,0.2848,12791.2,0.285,231.1,0.2851,7904.5
1753592011466,04:53:31.466,bybit,1INCH/USDT:USDT,0.2849,3245.5,0.2848,12791.2,0.285,231.1,0.2851,7904.5
1753592011666,04:53:31.666,bybit,1INCH/USDT:USDT,0.2849,3245.5,0.2848,12791.2,0.285,231.1,0.2851,7904.5
1753592011767,04:53:31.767,bybit,1INCH/USDT:USDT,0.2849,3245.5,0.2848,12066.2,0.285,231.1,0.2851,7904.5
1753592011866,04:53:31.866,bybit,1INCH/USDT:USDT,0.2849,3245.5,0.2848,12066.2,0.285,231.1,0.2851,7904.5
1753592012067,04:53:32.067,bybit,1INCH/USDT:USDT,0.2849,3285.3,0.2848,12791.2,0.285,231.1,0.2851,7904.5
1753592012167,04:53:32.167,bybit,1INCH/USDT:USDT,0.2849,3285.3,0.2848,12791.2,0.285,231.1,0.2851,7904.5
1753592012866,04:53:32.866,bybit,1INCH/USDT:USDT,0.2849,3285.3,0.2848,12791.2,0.285,231.1,0.2851,7904.5
1753592012967,04:53:32.967,bybit,1INCH/USDT:USDT,0.2849,3285.3,0.2848,12791.2,0.285,231.1,0.2851,7904.5
1753592015366,04:53:35.366,bybit,1INCH/USDT:USDT,0.2849,3285.3,0.2848,12791.2,0.285,231.1,0.2851,7904.5
1753592015467,04:53:35.467,bybit,1INCH/USDT:USDT,0.2849,3285.3,0.2848,12791.2,0.285,231.1,0.2851,7885.1
1753592015567,04:53:35.567,bybit,1INCH/USDT:USDT,0.2849,3285.3,0.2848,12791.2,0.285,250.5,0.2851,7885.1
1753592015667,04:53:35.667,bybit,1INCH/USDT:USDT,0.285,2422.7,0.2849,10164.8,0.2851,1688.4,0.2852,11064.4
1753592015767,04:53:35.767,bybit,1INCH/USDT:USDT,0.285,2572.9,0.2849,10164.8,0.2851,1662.0,0.2852,11064.4
1753592015867,04:53:35.867,bybit,1INCH/USDT:USDT,0.285,2572.9,0.2849,10217.6,0.2851,1662.0,0.2852,11064.4
1753592016067,04:53:36.067,bybit,1INCH/USDT:USDT,0.285,2572.9,0.2849,10177.8,0.2851,1662.0,0.2852,11064.4
1753592016367,04:53:36.367,bybit,1INCH/USDT:USDT,0.285,2572.9,0.2849,10177.8,0.2851,1662.0,0.2852,11789.4
1753592016467,04:53:36.467,bybit,1INCH/USDT:USDT,0.285,2572.9,0.2849,10177.8,0.2851,1662.0,0.2852,11789.4
1753592016567,04:53:36.567,bybit,1INCH/USDT:USDT,0.285,2572.9,0.2849,10177.8,0.2851,1662.0,0.2852,11789.4
1753592016666,04:53:36.666,bybit,1INCH/USDT:USDT,0.285,2572.9,0.2849,10177.8,0.2851,1662.0,0.2852,11064.4
1753592016866,04:53:36.866,bybit,1INCH/USDT:USDT,0.285,2572.9,0.2849,10176.2,0.2851,1662.0,0.2852,11064.4
1753592016967,04:53:36.967,bybit,1INCH/USDT:USDT,0.285,2424.7,0.2849,10176.2,0.2851,1662.0,0.2852,11789.4
1753592018067,04:53:38.067,bybit,1INCH/USDT:USDT,0.285,2424.7,0.2849,10176.2,0.2851,2662.0,0.2852,11789.4
1753592018467,04:53:38.467,bybit,1INCH/USDT:USDT,0.285,2426.9,0.2849,10171.0,0.2851,2662.0,0.2852,11789.4
1753592018766,04:53:38.766,bybit,1INCH/USDT:USDT,0.285,2502.0,0.2849,10171.0,0.2851,1662.0,0.2852,11789.4
1753592018867,04:53:38.867,bybit,1INCH/USDT:USDT,0.285,2502.0,0.2849,10171.0,0.2851,1662.0,0.2852,11064.4
1753592019267,04:53:39.267,bybit,1INCH/USDT:USDT,0.285,2501.1,0.2849,10171.0,0.2851,1662.0,0.2852,11064.4
1753592019366,04:53:39.366,bybit,1INCH/USDT:USDT,0.285,2501.1,0.2849,10171.0,0.2851,1662.0,0.2852,11064.4
1753592019667,04:53:39.667,bybit,1INCH/USDT:USDT,0.285,2501.1,0.2849,10171.0,0.2851,1662.0,0.2852,11064.4
1753592020269,04:53:40.269,bybit,1INCH/USDT:USDT,0.285,2501.1,0.2849,10171.0,0.2851,1669.6,0.2852,11056.2
1753592020367,04:53:40.367,bybit,1INCH/USDT:USDT,0.285,2501.1,0.2849,10171.0,0.2851,1669.6,0.2852,11056.2
1753592020467,04:53:40.467,bybit,1INCH/USDT:USDT,0.285,2576.2,0.2849,10171.0,0.2851,1669.6,0.2852,11056.2
1753592020767,04:53:40.767,bybit,1INCH/USDT:USDT,0.285,2576.2,0.2849,10171.0,0.2851,1669.6,0.2852,11781.2
1753592020867,04:53:40.867,bybit,1INCH/USDT:USDT,0.285,2501.1,0.2849,10171.0,0.2851,1669.6,0.2852,11781.2
1753592021267,04:53:41.267,bybit,1INCH/USDT:USDT,0.285,2426.0,0.2849,10166.3,0.2851,1669.6,0.2852,11781.2
1753592021468,04:53:41.468,bybit,1INCH/USDT:USDT,0.285,2426.0,0.2849,10166.3,0.2851,1696.9,0.2852,11781.2
1753592023066,04:53:43.066,bybit,1INCH/USDT:USDT,0.285,2501.1,0.2849,10166.3,0.2851,1696.9,0.2852,11781.2
1753592023167,04:53:43.167,bybit,1INCH/USDT:USDT,0.285,2576.2,0.2849,10166.3,0.2851,1696.9,0.2852,11056.2
1753592023867,04:53:43.867,bybit,1INCH/USDT:USDT,0.285,2576.2,0.2849,11002.6,0.2851,1696.9,0.2852,11056.2
1753592024767,04:53:44.767,bybit,1INCH/USDT:USDT,0.285,2576.2,0.2849,11002.6,0.2851,1703.5,0.2852,11056.2
1753592025267,04:53:45.267,bybit,1INCH/USDT:USDT,0.285,2576.2,0.2849,11002.6,0.2851,1703.5,0.2852,11056.2
1753592025867,04:53:45.867,bybit,1INCH/USDT:USDT,0.285,2576.2,0.2849,11002.6,0.2851,1703.5,0.2852,11056.2
1753592025967,04:53:45.967,bybit,1INCH/USDT:USDT,0.285,2576.2,0.2849,12295.7,0.2851,1703.5,0.2852,11056.2
1753592026767,04:53:46.767,bybit,1INCH/USDT:USDT,0.285,1856.2,0.2849,12295.7,0.2851,1703.5,0.2852,11781.2
1753592026867,04:53:46.867,bybit,1INCH/USDT:USDT,0.285,1856.2,0.2849,12295.7,0.2851,1778.6,0.2852,11781.2
1753592027067,04:53:47.067,bybit,1INCH/USDT:USDT,0.285,1856.2,0.2849,12295.7,0.2851,1703.5,0.2852,11781.2
1753592027266,04:53:47.266,bybit,1INCH/USDT:USDT,0.285,1856.2,0.2849,12295.7,0.2851,1703.5,0.2852,11781.2
1753592027367,04:53:47.367,bybit,1INCH/USDT:USDT,0.285,1856.2,0.2849,12295.7,0.2851,1703.5,0.2852,11781.2
1753592027467,04:53:47.467,bybit,1INCH/USDT:USDT,0.285,1856.2,0.2849,12295.7,0.2851,1703.5,0.2852,11781.2
1753592027566,04:53:47.566,bybit,1INCH/USDT:USDT,0.285,1856.2,0.2849,12295.7,0.2851,1703.5,0.2852,11781.2
1753592027966,04:53:47.966,bybit,1INCH/USDT:USDT,0.285,2856.2,0.2849,12295.7,0.2851,1703.5,0.2852,11781.2
1753592028068,04:53:48.068,bybit,1INCH/USDT:USDT,0.285,2856.2,0.2849,12295.7,0.2851,342.3,0.2852,10056.2
1753592028168,04:53:48.168,bybit,1INCH/USDT:USDT,0.285,2931.3,0.2849,12295.7,0.2851,342.3,0.2852,10056.2
1753592028967,04:53:48.967,bybit,1INCH/USDT:USDT,0.285,2931.3,0.2849,12295.7,0.2851,342.3,0.2852,11056.2
1753592029067,04:53:49.067,bybit,1INCH/USDT:USDT,0.285,2931.3,0.2849,12295.7,0.2851,342.3,0.2852,11056.2
1753592029467,04:53:49.467,bybit,1INCH/USDT:USDT,0.285,2929.3,0.2849,12295.7,0.2851,342.3,0.2852,11056.2
1753592029567,04:53:49.567,bybit,1INCH/USDT:USDT,0.285,2932.8,0.2849,12295.7,0.2851,342.3,0.2852,11056.2
1753592030068,04:53:50.068,bybit,1INCH/USDT:USDT,0.285,2932.8,0.2849,12295.7,0.2851,342.3,0.2852,11056.2
1753592030966,04:53:50.966,bybit,1INCH/USDT:USDT,0.285,2932.8,0.2849,12295.7,0.2851,342.3,0.2852,11056.2
1753592031567,04:53:51.567,bybit,1INCH/USDT:USDT,0.285,2932.8,0.2849,12295.7,0.2851,342.3,0.2852,11056.2
1753592031667,04:53:51.667,bybit,1INCH/USDT:USDT,0.285,2932.8,0.2849,12295.7,0.2851,342.3,0.2852,11056.2
1753592032067,04:53:52.067,bybit,1INCH/USDT:USDT,0.285,2972.6,0.2849,12295.7,0.2851,342.3,0.2852,11056.2
1753592032167,04:53:52.167,bybit,1INCH/USDT:USDT,0.285,3047.7,0.2849,12295.7,0.2851,41.5,0.2852,10056.2
1753592032267,04:53:52.267,bybit,1INCH/USDT:USDT,0.285,3350.9,0.2849,12271.2,0.2851,122.9,0.2852,5584.7
1753592032467,04:53:52.467,bybit,1INCH/USDT:USDT,0.285,3350.9,0.2849,12271.2,0.2851,122.9,0.2852,5584.7
1753592032667,04:53:52.667,bybit,1INCH/USDT:USDT,0.285,3350.9,0.2849,12271.2,0.2851,122.9,0.2852,5584.7
1753592032767,04:53:52.767,bybit,1INCH/USDT:USDT,0.285,3350.9,0.2849,11113.2,0.2851,122.9,0.2852,5584.7
1753592033067,04:53:53.067,bybit,1INCH/USDT:USDT,0.285,3311.1,0.2849,11113.2,0.2851,122.9,0.2852,5584.7
1753592033866,04:53:53.866,bybit,1INCH/USDT:USDT,0.285,3311.1,0.2849,11113.2,0.2851,122.9,0.2852,6584.7
1753592033967,04:53:53.967,bybit,1INCH/USDT:USDT,0.285,3236.0,0.2849,11113.2,0.2851,122.9,0.2852,6887.9
1753592034166,04:53:54.166,bybit,1INCH/USDT:USDT,0.285,3236.0,0.2849,11113.2,0.2851,122.9,0.2852,6887.9
1753592034367,04:53:54.367,bybit,1INCH/USDT:USDT,0.285,3236.0,0.2849,11113.2,0.2851,122.9,0.2852,6887.9
1753592034667,04:53:54.667,bybit,1INCH/USDT:USDT,0.285,3311.1,0.2849,11113.2,0.2851,122.9,0.2852,6887.9
1753592034867,04:53:54.867,bybit,1INCH/USDT:USDT,0.285,3311.1,0.2849,11113.2,0.2851,122.9,0.2852,6887.9
1753592035067,04:53:55.067,bybit,1INCH/USDT:USDT,0.285,3350.9,0.2849,11113.2,0.2851,122.9,0.2852,6887.9
1753592035167,04:53:55.167,bybit,1INCH/USDT:USDT,0.285,3350.9,0.2849,11113.2,0.2851,122.9,0.2852,6887.9
1753592035967,04:53:55.967,bybit,1INCH/USDT:USDT,0.285,3350.9,0.2849,11113.2,0.2851,122.9,0.2852,6887.9
1753592036067,04:53:56.067,bybit,1INCH/USDT:USDT,0.285,3350.9,0.2849,11113.2,0.2851,122.9,0.2852,6887.9
1753592036167,04:53:56.167,bybit,1INCH/USDT:USDT,0.285,3350.9,0.2849,11113.2,0.2851,122.9,0.2852,6887.9
1753592036269,04:53:56.269,bybit,1INCH/USDT:USDT,0.285,3350.9,0.2849,11113.2,0.2851,122.9,0.2852,6887.9
1753592036867,04:53:56.867,bybit,1INCH/USDT:USDT,0.285,3350.9,0.2849,11113.2,0.2851,123.0,0.2852,5887.9
1753592036967,04:53:56.967,bybit,1INCH/USDT:USDT,0.285,3350.9,0.2849,11113.2,0.2851,123.0,0.2852,5887.9
1753592037067,04:53:57.067,bybit,1INCH/USDT:USDT,0.285,3350.9,0.2849,11113.2,0.2851,123.0,0.2852,5887.9
1753592037867,04:53:57.867,bybit,1INCH/USDT:USDT,0.285,3350.9,0.2849,11113.2,0.2851,123.0,0.2852,5887.9
1753592037966,04:53:57.966,bybit,1INCH/USDT:USDT,0.285,3350.9,0.2849,11113.2,0.2851,123.0,0.2852,5887.9
1753592039366,04:53:59.366,bybit,1INCH/USDT:USDT,0.285,3350.9,0.2849,11113.2,0.2851,123.0,0.2852,5887.9
1753592039467,04:53:59.467,bybit,1INCH/USDT:USDT,0.285,3350.9,0.2849,11113.2,0.2851,123.0,0.2852,5887.9
1753592039767,04:53:59.767,bybit,1INCH/USDT:USDT,0.285,3350.9,0.2849,11113.2,0.2851,123.0,0.2852,6887.9
1753592039867,04:53:59.867,bybit,1INCH/USDT:USDT,0.285,3350.9,0.2849,11113.2,0.2851,123.0,0.2852,6887.9
1753592040867,04:54:00.867,bybit,1INCH/USDT:USDT,0.285,3352.3,0.2849,11113.2,0.2851,123.0,0.2852,6887.9
1753592040967,04:54:00.967,bybit,1INCH/USDT:USDT,0.285,3352.3,0.2849,11113.2,0.2851,123.0,0.2852,6887.9
1753592041066,04:54:01.066,bybit,1INCH/USDT:USDT,0.285,3352.3,0.2849,11113.2,0.2851,123.0,0.2852,6887.9
1753592041167,04:54:01.167,bybit,1INCH/USDT:USDT,0.285,3352.3,0.2849,11113.2,0.2851,123.0,0.2852,6887.9
1753592041267,04:54:01.267,bybit,1INCH/USDT:USDT,0.285,3352.3,0.2849,11113.2,0.2851,123.0,0.2852,6887.9
1753592041367,04:54:01.367,bybit,1INCH/USDT:USDT,0.285,3352.3,0.2849,11113.2,0.2851,123.0,0.2852,6887.9
1753592041467,04:54:01.467,bybit,1INCH/USDT:USDT,0.2851,2396.5,0.285,5336.3,0.2852,1724.3,0.2853,11221.7
1753592041567,04:54:01.567,bybit,1INCH/USDT:USDT,0.2851,2396.5,0.285,10832.8,0.2852,1724.3,0.2853,11221.7
1753592041667,04:54:01.667,bybit,1INCH/USDT:USDT,0.2851,2396.5,0.285,10832.8,0.2852,1724.3,0.2853,11221.7
1753592041867,04:54:01.867,bybit,1INCH/USDT:USDT,0.2851,2396.5,0.285,10832.8,0.2852,1724.3,0.2853,11221.7
1753592042067,04:54:02.067,bybit,1INCH/USDT:USDT,0.2851,2361.4,0.285,10793.0,0.2852,1799.4,0.2853,11221.7
1753592042167,04:54:02.167,bybit,1INCH/USDT:USDT,0.2851,2361.4,0.285,10793.0,0.2852,1724.3,0.2853,11221.7
1753592042269,04:54:02.269,bybit,1INCH/USDT:USDT,0.2851,2326.2,0.285,10793.0,0.2852,1799.4,0.2853,11221.7
1753592042473,04:54:02.473,bybit,1INCH/USDT:USDT,0.2851,2326.2,0.285,10793.0,0.2852,1799.4,0.2853,11221.7
1753592042567,04:54:02.567,bybit,1INCH/USDT:USDT,0.2851,2326.2,0.285,10687.6,0.2852,1799.4,0.2853,11221.7
1753592042666,04:54:02.666,bybit,1INCH/USDT:USDT,0.2851,2326.2,0.285,10687.6,0.2852,1799.4,0.2853,11221.7
1753592042766,04:54:02.766,bybit,1INCH/USDT:USDT,0.2851,2326.2,0.285,10687.6,0.2852,1799.4,0.2853,11221.7
1753592042867,04:54:02.867,bybit,1INCH/USDT:USDT,0.2851,2326.2,0.285,10687.6,0.2852,1799.4,0.2853,11221.7
1753592043267,04:54:03.267,bybit,1INCH/USDT:USDT,0.2851,2326.2,0.285,10687.6,0.2852,1724.3,0.2853,11146.6
1753592044367,04:54:04.367,bybit,1INCH/USDT:USDT,0.2851,2326.2,0.285,10687.6,0.2852,1724.3,0.2853,11146.6
1753592044467,04:54:04.467,bybit,1INCH/USDT:USDT,0.2851,2326.2,0.285,10687.6,0.2852,1724.3,0.2853,11146.6
1753592044767,04:54:04.767,bybit,1INCH/USDT:USDT,0.2851,2326.2,0.285,10687.6,0.2852,1724.3,0.2853,11146.6
1753592044866,04:54:04.866,bybit,1INCH/USDT:USDT,0.2851,2326.2,0.285,10687.6,0.2852,1724.3,0.2853,11146.6
1753592044967,04:54:04.967,bybit,1INCH/USDT:USDT,0.2851,2326.2,0.285,10687.6,0.2852,1724.3,0.2853,11146.6
1753592045767,04:54:05.767,bybit,1INCH/USDT:USDT,0.2851,3326.2,0.285,10687.6,0.2852,1724.3,0.2853,11146.6
1753592045866,04:54:05.866,bybit,1INCH/USDT:USDT,0.2851,3326.2,0.285,10687.6,0.2852,1724.3,0.2853,11146.6
1753592046067,04:54:06.067,bybit,1INCH/USDT:USDT,0.2851,3326.2,0.285,10687.6,0.2852,1724.3,0.2853,11146.6
1753592046166,04:54:06.166,bybit,1INCH/USDT:USDT,0.2851,3326.2,0.285,10687.6,0.2852,1724.3,0.2853,11146.6
1753592046266,04:54:06.266,bybit,1INCH/USDT:USDT,0.2851,3326.2,0.285,10687.6,0.2852,1724.3,0.2853,11146.6
1753592046367,04:54:06.367,bybit,1INCH/USDT:USDT,0.2851,3326.2,0.285,10687.6,0.2852,1724.3,0.2853,11146.6
1753592047067,04:54:07.067,bybit,1INCH/USDT:USDT,0.2851,3326.2,0.285,10687.6,0.2852,1724.3,0.2853,11146.6
1753592047167,04:54:07.167,bybit,1INCH/USDT:USDT,0.2851,3326.2,0.285,10687.6,0.2852,1724.3,0.2853,11146.6
1753592047367,04:54:07.367,bybit,1INCH/USDT:USDT,0.2851,3326.2,0.285,10687.6,0.2852,1724.3,0.2853,11146.6
1753592047867,04:54:07.867,bybit,1INCH/USDT:USDT,0.2851,3326.2,0.285,10687.6,0.2852,1724.3,0.2853,11146.6
1753592047967,04:54:07.967,bybit,1INCH/USDT:USDT,0.2851,3326.2,0.285,10687.6,0.2852,1724.3,0.2853,11146.6
1753592048067,04:54:08.067,bybit,1INCH/USDT:USDT,0.2851,3326.2,0.285,10687.6,0.2852,1724.3,0.2853,11146.6
1753592048270,04:54:08.270,bybit,1INCH/USDT:USDT,0.2851,3326.2,0.285,10687.6,0.2852,1724.3,0.2853,11146.6
1753592048467,04:54:08.467,bybit,1INCH/USDT:USDT,0.2851,3326.2,0.285,10687.6,0.2852,1724.3,0.2853,11146.6
1753592048666,04:54:08.666,bybit,1INCH/USDT:USDT,0.2851,3326.2,0.285,10687.6,0.2852,1724.3,0.2853,11146.6
1753592048767,04:54:08.767,bybit,1INCH/USDT:USDT,0.2851,3326.2,0.285,10687.6,0.2852,1724.3,0.2853,11146.6
1753592048867,04:54:08.867,bybit,1INCH/USDT:USDT,0.2851,3326.2,0.285,10687.6,0.2852,1724.3,0.2853,11146.6
1753592048967,04:54:08.967,bybit,1INCH/USDT:USDT,0.2851,3326.2,0.285,10687.6,0.2852,1724.3,0.2853,11146.6
1753592049067,04:54:09.067,bybit,1INCH/USDT:USDT,0.2851,3401.3,0.285,10687.6,0.2852,1724.3,0.2853,11146.6
1753592049167,04:54:09.167,bybit,1INCH/USDT:USDT,0.2851,3326.2,0.285,10687.6,0.2852,1724.3,0.2853,11146.6
1753592049267,04:54:09.267,bybit,1INCH/USDT:USDT,0.2851,3326.2,0.285,10687.6,0.2852,1724.3,0.2853,11146.6
1753592049366,04:54:09.366,bybit,1INCH/USDT:USDT,0.2851,3326.2,0.285,10687.6,0.2852,1724.3,0.2853,11146.6
1753592050067,04:54:10.067,bybit,1INCH/USDT:USDT,0.2851,3326.2,0.285,10687.6,0.2852,1724.3,0.2853,10146.6
1753592050167,04:54:10.167,bybit,1INCH/USDT:USDT,0.2851,3476.4,0.285,10687.6,0.2852,1724.3,0.2853,10146.6
1753592050270,04:54:10.270,bybit,1INCH/USDT:USDT,0.2851,3476.4,0.285,10687.6,0.2852,1724.3,0.2853,10146.6
1753592050367,04:54:10.367,bybit,1INCH/USDT:USDT,0.2851,3401.3,0.285,10740.4,0.2852,348.9,0.2853,10146.6
1753592050468,04:54:10.468,bybit,1INCH/USDT:USDT,0.2851,3476.4,0.285,10740.4,0.2852,348.9,0.2853,10146.6
1753592051167,04:54:11.167,bybit,1INCH/USDT:USDT,0.2851,3401.3,0.285,10740.4,0.2852,1639.2,0.2853,11146.6
1753592051366,04:54:11.366,bybit,1INCH/USDT:USDT,0.2851,3629.6,0.285,10740.4,0.2852,1336.0,0.2853,10670.5
1753592051467,04:54:11.467,bybit,1INCH/USDT:USDT,0.2851,3704.7,0.285,10740.4,0.2852,1336.0,0.2853,8390.3
1753592051566,04:54:11.566,bybit,1INCH/USDT:USDT,0.2851,3704.7,0.285,10740.4,0.2852,1336.0,0.2853,8390.3
1753592051667,04:54:11.667,bybit,1INCH/USDT:USDT,0.2851,3779.8,0.285,10740.4,0.2852,1336.0,0.2853,8390.3
1753592051868,04:54:11.868,bybit,1INCH/USDT:USDT,0.2851,3779.8,0.285,10740.4,0.2852,1336.0,0.2853,8390.3
1753592052067,04:54:12.067,bybit,1INCH/USDT:USDT,0.2851,3704.7,0.285,10740.4,0.2852,1336.0,0.2853,8390.3
1753592052667,04:54:12.667,bybit,1INCH/USDT:USDT,0.2851,3704.7,0.285,10740.4,0.2852,1336.0,0.2853,8390.3
1753592052967,04:54:12.967,bybit,1INCH/USDT:USDT,0.2851,3704.7,0.285,10740.4,0.2852,1336.0,0.2853,8390.3
1753592053167,04:54:13.167,bybit,1INCH/USDT:USDT,0.2851,3704.7,0.285,10740.4,0.2852,1336.0,0.2853,8390.3
1753592053268,04:54:13.268,bybit,1INCH/USDT:USDT,0.2851,3704.7,0.285,10740.4,0.2852,1336.0,0.2853,8390.3
1753592053367,04:54:13.367,bybit,1INCH/USDT:USDT,0.2851,3704.7,0.285,10740.4,0.2852,1336.0,0.2853,8390.3
1753592053467,04:54:13.467,bybit,1INCH/USDT:USDT,0.2851,3704.7,0.285,10740.4,0.2852,1336.0,0.2853,8390.3
1753592053566,04:54:13.566,bybit,1INCH/USDT:USDT,0.2851,3779.8,0.285,10740.4,0.2852,1336.0,0.2853,8390.3
1753592053667,04:54:13.667,bybit,1INCH/USDT:USDT,0.2851,3783.4,0.285,10736.9,0.2852,1336.0,0.2853,8390.3
1753592054066,04:54:14.066,bybit,1INCH/USDT:USDT,0.2851,3783.4,0.285,10736.9,0.2852,1336.0,0.2853,8390.3
1753592054167,04:54:14.167,bybit,1INCH/USDT:USDT,0.2851,3783.4,0.285,10736.9,0.2852,1336.0,0.2853,8390.3
1753592054366,04:54:14.366,bybit,1INCH/USDT:USDT,0.2851,3783.4,0.285,11461.9,0.2852,19.3,0.2853,8390.3
1753592054467,04:54:14.467,bybit,1INCH/USDT:USDT,0.2851,3783.4,0.285,11461.9,0.2852,1336.0,0.2853,8390.3
1753592054567,04:54:14.567,bybit,1INCH/USDT:USDT,0.2851,3783.4,0.285,11461.9,0.2852,1336.0,0.2853,8390.3
1753592054867,04:54:14.867,bybit,1INCH/USDT:USDT,0.2851,3783.4,0.285,11461.9,0.2852,1336.0,0.2853,8390.3
1753592054966,04:54:14.966,bybit,1INCH/USDT:USDT,0.2851,3783.4,0.285,11461.9,0.2852,1336.0,0.2853,8390.3
1753592055166,04:54:15.166,bybit,1INCH/USDT:USDT,0.2851,3708.3,0.285,11461.9,0.2852,1336.0,0.2853,8390.3
1753592055266,04:54:15.266,bybit,1INCH/USDT:USDT,0.2851,3708.3,0.285,11461.9,0.2852,1336.0,0.2853,8390.3
1753592055366,04:54:15.366,bybit,1INCH/USDT:USDT,0.2851,3708.3,0.285,11461.9,0.2852,1336.0,0.2853,8390.3
1753592055567,04:54:15.567,bybit,1INCH/USDT:USDT,0.2851,3783.4,0.285,11461.9,0.2852,1336.0,0.2853,8390.3
1753592055667,04:54:15.667,bybit,1INCH/USDT:USDT,0.2851,3783.4,0.285,11461.9,0.2852,1336.0,0.2853,8390.3
1753592055766,04:54:15.766,bybit,1INCH/USDT:USDT,0.2851,3783.4,0.285,11461.9,0.2852,1336.0,0.2853,8390.3
1753592055867,04:54:15.867,bybit,1INCH/USDT:USDT,0.2851,3708.3,0.285,11461.9,0.2852,1336.0,0.2853,8390.3
1753592056167,04:54:16.167,bybit,1INCH/USDT:USDT,0.2851,3633.2,0.285,11461.9,0.2852,1336.0,0.2853,8390.3
1753592056267,04:54:16.267,bybit,1INCH/USDT:USDT,0.2851,3708.3,0.285,11461.9,0.2852,1336.0,0.2853,8390.3
1753592056566,04:54:16.566,bybit,1INCH/USDT:USDT,0.2851,3708.3,0.285,11461.9,0.2852,1336.0,0.2853,8390.3
1753592056867,04:54:16.867,bybit,1INCH/USDT:USDT,0.2851,1830.3,0.285,10736.9,0.2852,1714.5,0.2853,8390.3
1753592057167,04:54:17.167,bybit,1INCH/USDT:USDT,0.2851,1830.3,0.285,10736.9,0.2852,1639.4,0.2853,8390.3
1753592057267,04:54:17.267,bybit,1INCH/USDT:USDT,0.2851,1830.3,0.285,10736.9,0.2852,1639.4,0.2853,8390.3
1753592057367,04:54:17.367,bybit,1INCH/USDT:USDT,0.2851,1830.3,0.285,10736.9,0.2852,1639.4,0.2853,8390.3
1753592057466,04:54:17.466,bybit,1INCH/USDT:USDT,0.2851,1830.3,0.285,10736.9,0.2852,1639.4,0.2853,8390.3
1753592057567,04:54:17.567,bybit,1INCH/USDT:USDT,0.2851,2830.3,0.285,10736.9,0.2852,1639.4,0.2853,8390.3
1753592057666,04:54:17.666,bybit,1INCH/USDT:USDT,0.2851,2830.3,0.285,10736.9,0.2852,3311.1,0.2853,8390.3
1753592058066,04:54:18.066,bybit,1INCH/USDT:USDT,0.2851,2830.3,0.285,10736.9,0.2852,3311.1,0.2853,8390.3
1753592058567,04:54:18.567,bybit,1INCH/USDT:USDT,0.2851,2830.3,0.285,10736.9,0.2852,3461.3,0.2853,8390.3
1753592058767,04:54:18.767,bybit,1INCH/USDT:USDT,0.2851,2830.3,0.285,10736.9,0.2852,3461.3,0.2853,8390.3
1753592058867,04:54:18.867,bybit,1INCH/USDT:USDT,0.2851,2830.3,0.285,10736.9,0.2852,3461.3,0.2853,8390.3
1753592058966,04:54:18.966,bybit,1INCH/USDT:USDT,0.2851,2830.3,0.285,10736.9,0.2852,3461.3,0.2853,8390.3
1753592059066,04:54:19.066,bybit,1INCH/USDT:USDT,0.2851,1830.3,0.285,10736.9,0.2852,3461.3,0.2853,8390.3
1753592059267,04:54:19.267,bybit,1INCH/USDT:USDT,0.2851,1830.3,0.285,10736.9,0.2852,3386.2,0.2853,8390.3
1753592059567,04:54:19.567,bybit,1INCH/USDT:USDT,0.2851,1830.3,0.285,10736.9,0.2852,3461.3,0.2853,8390.3
1753592061667,04:54:21.667,bybit,1INCH/USDT:USDT,0.2851,1840.5,0.285,10734.2,0.2852,3461.3,0.2853,8390.3
1753592061767,04:54:21.767,bybit,1INCH/USDT:USDT,0.2851,1840.5,0.285,10734.2,0.2852,3461.3,0.2853,8390.3
1753592061867,04:54:21.867,bybit,1INCH/USDT:USDT,0.2851,1840.5,0.285,10734.2,0.2852,3461.3,0.2853,8390.3
1753592061967,04:54:21.967,bybit,1INCH/USDT:USDT,0.2851,1840.5,0.285,10734.2,0.2852,3461.3,0.2853,8390.3
1753592062067,04:54:22.067,bybit,1INCH/USDT:USDT,0.2851,1840.5,0.285,10734.2,0.2852,3311.1,0.2853,8390.3
1753592062767,04:54:22.767,bybit,1INCH/USDT:USDT,0.2851,1840.5,0.285,10734.2,0.2852,3461.3,0.2853,8390.3
1753592063067,04:54:23.067,bybit,1INCH/USDT:USDT,0.2851,1840.5,0.285,10734.2,0.2852,3461.3,0.2853,8390.3
1753592063467,04:54:23.467,bybit,1INCH/USDT:USDT,0.2851,1840.5,0.285,10734.2,0.2852,3311.1,0.2853,8390.3
1753592063567,04:54:23.567,bybit,1INCH/USDT:USDT,0.2851,1840.5,0.285,10734.2,0.2852,3311.1,0.2853,8390.3
1753592063667,04:54:23.667,bybit,1INCH/USDT:USDT,0.2851,1840.5,0.285,10734.2,0.2852,3311.1,0.2853,8390.3
1753592064066,04:54:24.066,bybit,1INCH/USDT:USDT,0.2851,1915.6,0.285,10734.2,0.2852,3311.1,0.2853,8390.3
1753592065566,04:54:25.566,bybit,1INCH/USDT:USDT,0.2851,2915.6,0.285,10734.2,0.2852,3311.1,0.2853,8390.3
1753592065766,04:54:25.766,bybit,1INCH/USDT:USDT,0.2851,2938.8,0.285,10734.2,0.2852,3311.1,0.2853,8390.3
1753592066467,04:54:26.467,bybit,1INCH/USDT:USDT,0.2851,2938.8,0.285,10734.2,0.2852,3311.1,0.2853,8390.3
1753592067366,04:54:27.366,bybit,1INCH/USDT:USDT,0.2851,2938.8,0.285,10734.2,0.2852,3311.1,0.2853,8390.3
1753592067467,04:54:27.467,bybit,1INCH/USDT:USDT,0.2851,2863.7,0.285,10734.2,0.2852,3311.1,0.2853,8390.3
1753592067567,04:54:27.567,bybit,1INCH/USDT:USDT,0.2851,2938.8,0.285,10734.2,0.2852,3311.1,0.2853,8390.3
1753592067867,04:54:27.867,bybit,1INCH/USDT:USDT,0.2851,2863.7,0.285,10734.2,0.2852,3311.1,0.2853,8390.3
1753592067967,04:54:27.967,bybit,1INCH/USDT:USDT,0.2851,1863.7,0.285,10734.2,0.2852,3311.1,0.2853,8390.3
1753592068467,04:54:28.467,bybit,1INCH/USDT:USDT,0.2851,1863.7,0.285,10734.2,0.2852,3311.1,0.2853,8390.3
1753592069467,04:54:29.467,bybit,1INCH/USDT:USDT,0.2851,1938.8,0.285,10734.2,0.2852,3311.1,0.2853,8390.3
1753592070269,04:54:30.269,bybit,1INCH/USDT:USDT,0.2851,1938.8,0.285,10734.2,0.2852,3311.1,0.2853,8390.3
1753592070466,04:54:30.466,bybit,1INCH/USDT:USDT,0.2851,1863.7,0.285,10734.2,0.2852,3311.1,0.2853,8390.3
1753592070567,04:54:30.567,bybit,1INCH/USDT:USDT,0.2851,1938.8,0.285,10734.2,0.2852,3311.1,0.2853,8390.3
1753592070667,04:54:30.667,bybit,1INCH/USDT:USDT,0.2851,1938.8,0.285,10734.2,0.2852,3311.1,0.2853,8390.3
1753592070866,04:54:30.866,bybit,1INCH/USDT:USDT,0.2851,1938.8,0.285,10734.2,0.2852,3311.1,0.2853,8390.3
1753592072467,04:54:32.467,bybit,1INCH/USDT:USDT,0.2851,1938.8,0.285,10734.2,0.2852,3311.1,0.2853,8390.3
1753592072567,04:54:32.567,bybit,1INCH/USDT:USDT,0.2851,1863.7,0.285,10734.2,0.2852,3311.1,0.2853,8390.3
1753592074066,04:54:34.066,bybit,1INCH/USDT:USDT,0.2851,1863.7,0.285,10734.2,0.2852,3311.1,0.2853,8390.3
1753592076269,04:54:36.269,bybit,1INCH/USDT:USDT,0.2851,1863.7,0.285,10734.2,0.2852,3311.1,0.2853,8390.3
1753592076467,04:54:36.467,bybit,1INCH/USDT:USDT,0.2851,1938.8,0.285,10734.2,0.2852,3311.1,0.2853,8390.3
1753592076566,04:54:36.566,bybit,1INCH/USDT:USDT,0.2851,1863.7,0.285,10734.2,0.2852,3386.2,0.2853,8390.3
1753592076667,04:54:36.667,bybit,1INCH/USDT:USDT,0.2851,37.0,0.285,8421.2,0.2852,3461.3,0.2853,8390.3
1753592076767,04:54:36.767,bybit,1INCH/USDT:USDT,0.2851,37.0,0.285,5910.3,0.2852,5368.9,0.2853,11193.9
1753592076867,04:54:36.867,bybit,1INCH/USDT:USDT,0.2851,39.8,0.285,8895.3,0.2852,5368.9,0.2853,11193.9
1753592076967,04:54:36.967,bybit,1INCH/USDT:USDT,0.2851,39.8,0.285,9676.4,0.2852,3461.3,0.2853,11193.9
1753592077067,04:54:37.067,bybit,1INCH/USDT:USDT,0.2851,39.8,0.285,9676.4,0.2852,3851.7,0.2853,11193.9
1753592077167,04:54:37.167,bybit,1INCH/USDT:USDT,0.2851,39.8,0.285,9676.4,0.2852,5093.5,0.2853,11193.9
1753592078269,04:54:38.269,bybit,1INCH/USDT:USDT,0.2851,39.8,0.285,9676.4,0.2852,6093.5,0.2853,11193.9
1753592078566,04:54:38.566,bybit,1INCH/USDT:USDT,0.2851,39.8,0.285,9676.4,0.2852,6093.5,0.2853,11193.9
1753592078667,04:54:38.667,bybit,1INCH/USDT:USDT,0.2851,39.8,0.285,8363.4,0.2852,6093.5,0.2853,11193.9
1753592078767,04:54:38.767,bybit,1INCH/USDT:USDT,0.2851,39.8,0.285,8363.4,0.2852,6093.5,0.2853,11193.9
1753592078866,04:54:38.866,bybit,1INCH/USDT:USDT,0.2851,39.8,0.285,8363.4,0.2852,6093.5,0.2853,11193.9
1753592079467,04:54:39.467,bybit,1INCH/USDT:USDT,0.2851,39.8,0.285,8363.4,0.2852,6093.5,0.2853,11193.9
1753592080467,04:54:40.467,bybit,1INCH/USDT:USDT,0.2851,39.8,0.285,8363.4,0.2852,6093.5,0.2853,11193.9
1753592080567,04:54:40.567,bybit,1INCH/USDT:USDT,0.2851,165.2,0.285,9676.4,0.2852,6093.5,0.2853,11018.5
1753592080666,04:54:40.666,bybit,1INCH/USDT:USDT,0.2851,39.8,0.285,8363.4,0.2852,6093.5,0.2853,11018.5
1753592080767,04:54:40.767,bybit,1INCH/USDT:USDT,0.2851,39.8,0.285,8363.4,0.2852,6093.5,0.2853,11018.5
1753592080867,04:54:40.867,bybit,1INCH/USDT:USDT,0.2851,39.8,0.285,8363.4,0.2852,6093.5,0.2853,11018.5
1753592081267,04:54:41.267,bybit,1INCH/USDT:USDT,0.2851,39.7,0.285,8363.4,0.2852,6093.5,0.2853,11018.5
1753592081567,04:54:41.567,bybit,1INCH/USDT:USDT,0.2851,39.7,0.285,8363.4,0.2852,6093.8,0.2853,11018.5
1753592081766,04:54:41.766,bybit,1INCH/USDT:USDT,0.2851,39.7,0.285,8363.4,0.2852,6093.8,0.2853,11018.5
1753592081867,04:54:41.867,bybit,1INCH/USDT:USDT,0.285,5780.2,0.2849,9457.8,0.2851,1317.2,0.2852,8651.6
1753592081967,04:54:41.967,bybit,1INCH/USDT:USDT,0.285,1654.5,0.2849,9457.8,0.2851,4141.0,0.2852,11277.5
1753592082067,04:54:42.067,bybit,1INCH/USDT:USDT,0.285,303.2,0.2849,9457.8,0.2851,5924.2,0.2852,11237.7
1753592082167,04:54:42.167,bybit,1INCH/USDT:USDT,0.2849,2632.9,0.2848,12049.2,0.285,1317.2,0.2851,8539.9
1753592082267,04:54:42.267,bybit,1INCH/USDT:USDT,0.2849,2557.8,0.2848,12049.2,0.285,1317.2,0.2851,8444.9
1753592082367,04:54:42.367,bybit,1INCH/USDT:USDT,0.285,1317.2,0.2849,7008.3,0.2851,2620.6,0.2852,13144.9
1753592082467,04:54:42.467,bybit,1INCH/USDT:USDT,0.285,1317.2,0.2849,7008.3,0.2851,3547.0,0.2852,13144.9
1753592082668,04:54:42.668,bybit,1INCH/USDT:USDT,0.2849,2632.9,0.2848,12774.2,0.285,1317.2,0.2851,7947.5
1753592082767,04:54:42.767,bybit,1INCH/USDT:USDT,0.2849,1903.9,0.2848,12049.2,0.285,2317.2,0.2851,9620.0
1753592082867,04:54:42.867,bybit,1INCH/USDT:USDT,0.2849,1828.8,0.2848,12049.2,0.285,2317.2,0.2851,9672.8
1753592082967,04:54:42.967,bybit,1INCH/USDT:USDT,0.2849,1828.8,0.2848,12049.2,0.285,2317.2,0.2851,9672.8
1753592083167,04:54:43.167,bybit,1INCH/USDT:USDT,0.2849,1723.4,0.2848,12049.2,0.285,2317.2,0.2851,9672.8
1753592083267,04:54:43.267,bybit,1INCH/USDT:USDT,0.2849,1697.0,0.2848,12049.2,0.285,2317.2,0.2851,9672.8
1753592083367,04:54:43.367,bybit,1INCH/USDT:USDT,0.2849,1697.0,0.2848,12049.2,0.285,2317.2,0.2851,9672.8
1753592083467,04:54:43.467,bybit,1INCH/USDT:USDT,0.2849,1697.0,0.2848,12049.2,0.285,2317.2,0.2851,9672.8
1753592083567,04:54:43.567,bybit,1INCH/USDT:USDT,0.2849,1697.0,0.2848,12049.2,0.285,2317.2,0.2851,9672.8
1753592083967,04:54:43.967,bybit,1INCH/USDT:USDT,0.2849,1697.0,0.2848,12049.2,0.285,2317.2,0.2851,9672.8
1753592084766,04:54:44.766,bybit,1INCH/USDT:USDT,0.2849,1697.0,0.2848,12049.2,0.285,1317.2,0.2851,9672.8
1753592085267,04:54:45.267,bybit,1INCH/USDT:USDT,0.2849,1697.0,0.2848,12049.2,0.285,1317.2,0.2851,9672.8
1753592085466,04:54:45.466,bybit,1INCH/USDT:USDT,0.2849,1697.0,0.2848,12049.2,0.285,1317.2,0.2851,9672.8
1753592085666,04:54:45.666,bybit,1INCH/USDT:USDT,0.2849,1697.0,0.2848,12049.2,0.285,1317.2,0.2851,9672.8
1753592086067,04:54:46.067,bybit,1INCH/USDT:USDT,0.2849,1847.2,0.2848,12049.2,0.285,1317.2,0.2851,9672.8
1753592086167,04:54:46.167,bybit,1INCH/USDT:USDT,0.2849,1847.2,0.2848,12049.2,0.285,1317.2,0.2851,9672.8
1753592086266,04:54:46.266,bybit,1INCH/USDT:USDT,0.2849,2847.2,0.2848,12049.2,0.285,1317.2,0.2851,9672.8
1753592086367,04:54:46.367,bybit,1INCH/USDT:USDT,0.2849,2847.2,0.2848,12049.2,0.285,1317.2,0.2851,9672.8
1753592086567,04:54:46.567,bybit,1INCH/USDT:USDT,0.2849,2847.2,0.2848,12049.2,0.285,1317.2,0.2851,9672.8
1753592086767,04:54:46.767,bybit,1INCH/USDT:USDT,0.2849,1772.1,0.2848,12049.2,0.285,1317.2,0.2851,9672.8
1753592087767,04:54:47.767,bybit,1INCH/USDT:USDT,0.2849,1847.2,0.2848,12049.2,0.285,1317.2,0.2851,9672.8
1753592088167,04:54:48.167,bybit,1INCH/USDT:USDT,0.2849,1772.1,0.2848,12049.2,0.285,1317.2,0.2851,9672.8
1753592088266,04:54:48.266,bybit,1INCH/USDT:USDT,0.2849,1847.2,0.2848,12049.2,0.285,1317.2,0.2851,9672.8
1753592088366,04:54:48.366,bybit,1INCH/USDT:USDT,0.2849,1847.2,0.2848,12049.2,0.285,1317.2,0.2851,9672.8
1753592089267,04:54:49.267,bybit,1INCH/USDT:USDT,0.2849,1772.1,0.2848,12049.2,0.285,1317.2,0.2851,9672.8
1753592089466,04:54:49.466,bybit,1INCH/USDT:USDT,0.2849,1772.1,0.2848,12049.2,0.285,1317.2,0.2851,9672.8
1753592090067,04:54:50.067,bybit,1INCH/USDT:USDT,0.2849,1772.1,0.2848,12049.2,0.285,1317.2,0.2851,9672.8
1753592090267,04:54:50.267,bybit,1INCH/USDT:USDT,0.2849,1772.1,0.2848,12049.2,0.285,1317.2,0.2851,9672.8
1753592090466,04:54:50.466,bybit,1INCH/USDT:USDT,0.2849,1772.1,0.2848,12049.2,0.285,1317.2,0.2851,9672.8
1753592090567,04:54:50.567,bybit,1INCH/USDT:USDT,0.2849,1697.0,0.2848,12049.2,0.285,1317.2,0.2851,9672.8
1753592091866,04:54:51.866,bybit,1INCH/USDT:USDT,0.2849,1847.2,0.2848,12049.2,0.285,1317.2,0.2851,9672.8
1753592091967,04:54:51.967,bybit,1INCH/USDT:USDT,0.2849,1847.2,0.2848,12049.2,0.285,1317.2,0.2851,9672.8
1753592092269,04:54:52.269,bybit,1INCH/USDT:USDT,0.2849,2847.2,0.2848,12049.2,0.285,1317.2,0.2851,9672.8
1753592092367,04:54:52.367,bybit,1INCH/USDT:USDT,0.2849,2847.2,0.2848,12049.2,0.285,1320.7,0.2851,8124.7
1753592092467,04:54:52.467,bybit,1INCH/USDT:USDT,0.2849,2847.2,0.2848,12049.2,0.285,1320.7,0.2851,8124.7
1753592092767,04:54:52.767,bybit,1INCH/USDT:USDT,0.2849,2847.2,0.2848,12049.2,0.285,1320.7,0.2851,8124.7
1753592093366,04:54:53.366,bybit,1INCH/USDT:USDT,0.2849,2847.2,0.2848,12049.2,0.285,1320.7,0.2851,8124.7
1753592093666,04:54:53.666,bybit,1INCH/USDT:USDT,0.2849,2847.2,0.2848,12049.2,0.285,1320.7,0.2851,8124.7
1753592093767,04:54:53.767,bybit,1INCH/USDT:USDT,0.2849,2847.2,0.2848,12049.2,0.285,1320.7,0.2851,8124.7
1753592094067,04:54:54.067,bybit,1INCH/USDT:USDT,0.285,1320.7,0.2849,6699.7,0.2851,3526.8,0.2852,13144.9
1753592094167,04:54:54.167,bybit,1INCH/USDT:USDT,0.285,1320.7,0.2849,6699.7,0.2851,3601.9,0.2852,13144.9
1753592094767,04:54:54.767,bybit,1INCH/USDT:USDT,0.285,1320.7,0.2849,6699.7,0.2851,3526.8,0.2852,13144.9
1753592094867,04:54:54.867,bybit,1INCH/USDT:USDT,0.285,1320.7,0.2849,6699.7,0.2851,3601.9,0.2852,13144.9
1753592095067,04:54:55.067,bybit,1INCH/USDT:USDT,0.285,1320.7,0.2849,6699.7,0.2851,3641.7,0.2852,13144.9
1753592095167,04:54:55.167,bybit,1INCH/USDT:USDT,0.285,1320.7,0.2849,6699.7,0.2851,1686.8,0.2852,13144.9
1753592095267,04:54:55.267,bybit,1INCH/USDT:USDT,0.285,1320.7,0.2849,6699.7,0.2851,1761.9,0.2852,13144.9
1753592095467,04:54:55.467,bybit,1INCH/USDT:USDT,0.285,1320.7,0.2849,6699.7,0.2851,1761.9,0.2852,13144.9
1753592095567,04:54:55.567,bybit,1INCH/USDT:USDT,0.285,1320.7,0.2849,6699.7,0.2851,1761.9,0.2852,13144.9
1753592095767,04:54:55.767,bybit,1INCH/USDT:USDT,0.285,1320.7,0.2849,6699.7,0.2851,1761.9,0.2852,13144.9
1753592095867,04:54:55.867,bybit,1INCH/USDT:USDT,0.285,1320.7,0.2849,6699.7,0.2851,1761.9,0.2852,13144.9
1753592095967,04:54:55.967,bybit,1INCH/USDT:USDT,0.285,1320.7,0.2849,6699.7,0.2851,1761.9,0.2852,13144.9
1753592096066,04:54:56.066,bybit,1INCH/USDT:USDT,0.285,1320.7,0.2849,6699.7,0.2851,1761.9,0.2852,13144.9
1753592096167,04:54:56.167,bybit,1INCH/USDT:USDT,0.285,1320.7,0.2849,6699.7,0.2851,2761.9,0.2852,13144.9
1753592096367,04:54:56.367,bybit,1INCH/USDT:USDT,0.285,1320.7,0.2849,6699.7,0.2851,2937.3,0.2852,13144.9
1753592096467,04:54:56.467,bybit,1INCH/USDT:USDT,0.285,1320.7,0.2849,6699.7,0.2851,2937.3,0.2852,13144.9
1753592097066,04:54:57.066,bybit,1INCH/USDT:USDT,0.285,1320.7,0.2849,6682.1,0.2851,2937.3,0.2852,13144.9
1753592097166,04:54:57.166,bybit,1INCH/USDT:USDT,0.285,1320.7,0.2849,6682.1,0.2851,3363.2,0.2852,13144.9
1753592097267,04:54:57.267,bybit,1INCH/USDT:USDT,0.285,1320.7,0.2849,6682.1,0.2851,3714.0,0.2852,13144.9
1753592097667,04:54:57.667,bybit,1INCH/USDT:USDT,0.285,1320.7,0.2849,6682.1,0.2851,1686.8,0.2852,13144.9
1753592097767,04:54:57.767,bybit,1INCH/USDT:USDT,0.285,1320.7,0.2849,6682.1,0.2851,3358.9,0.2852,11472.9
1753592097867,04:54:57.867,bybit,1INCH/USDT:USDT,0.285,1320.7,0.2849,6682.1,0.2851,3358.9,0.2852,11472.9
1753592098166,04:54:58.166,bybit,1INCH/USDT:USDT,0.285,2470.9,0.2849,6734.9,0.2851,3055.5,0.2852,8935.3
1753592098266,04:54:58.266,bybit,1INCH/USDT:USDT,0.285,2470.9,0.2849,6734.9,0.2851,3029.1,0.2852,8935.3
1753592098367,04:54:58.367,bybit,1INCH/USDT:USDT,0.285,2470.9,0.2849,6734.9,0.2851,3029.1,0.2852,8935.3
1753592098468,04:54:58.468,bybit,1INCH/USDT:USDT,0.285,2470.9,0.2849,6734.9,0.2851,3029.1,0.2852,8935.3
1753592098570,04:54:58.570,bybit,1INCH/USDT:USDT,0.285,2470.9,0.2849,6734.9,0.2851,3029.1,0.2852,8935.3
1753592098667,04:54:58.667,bybit,1INCH/USDT:USDT,0.285,2470.9,0.2849,6734.9,0.2851,3029.1,0.2852,8935.3
1753592098967,04:54:58.967,bybit,1INCH/USDT:USDT,0.285,2470.9,0.2849,6734.9,0.2851,1711.9,0.2852,6458.2
1753592099567,04:54:59.567,bybit,1INCH/USDT:USDT,0.285,2470.9,0.2849,6734.9,0.2851,1672.1,0.2852,8928.8
1753592099667,04:54:59.667,bybit,1INCH/USDT:USDT,0.285,2470.9,0.2849,6734.9,0.2851,1672.1,0.2852,8928.8
1753592100067,04:55:00.067,bybit,1INCH/USDT:USDT,0.285,2470.9,0.2849,6734.9,0.2851,1672.1,0.2852,8928.8
1753592100467,04:55:00.467,bybit,1INCH/USDT:USDT,0.285,1399.6,0.2849,6734.9,0.2851,3012.3,0.2852,10741.4
1753592100767,04:55:00.767,bybit,1INCH/USDT:USDT,0.285,1478.5,0.2849,6734.9,0.2851,3012.3,0.2852,10741.4
1753592100866,04:55:00.866,bybit,1INCH/USDT:USDT,0.285,1478.5,0.2849,6734.9,0.2851,3012.3,0.2852,10741.4
1753592100966,04:55:00.966,bybit,1INCH/USDT:USDT,0.285,1481.6,0.2849,6734.9,0.2851,3012.3,0.2852,10741.4
1753592101166,04:55:01.166,bybit,1INCH/USDT:USDT,0.285,2481.6,0.2849,6734.9,0.2851,3012.3,0.2852,10741.4
1753592101467,04:55:01.467,bybit,1INCH/USDT:USDT,0.285,2481.6,0.2849,6734.9,0.2851,1672.1,0.2852,10741.4
1753592101567,04:55:01.567,bybit,1INCH/USDT:USDT,0.285,2481.6,0.2849,6734.9,0.2851,1672.1,0.2852,10741.4
1753592101667,04:55:01.667,bybit,1INCH/USDT:USDT,0.285,2481.6,0.2849,6734.9,0.2851,1672.1,0.2852,10741.4
1753592101767,04:55:01.767,bybit,1INCH/USDT:USDT,0.285,2481.6,0.2849,6734.9,0.2851,1672.1,0.2852,10741.4
1753592102067,04:55:02.067,bybit,1INCH/USDT:USDT,0.285,2481.6,0.2849,6734.9,0.2851,1672.1,0.2852,10741.4
1753592102167,04:55:02.167,bybit,1INCH/USDT:USDT,0.285,2481.6,0.2849,6734.9,0.2851,1673.1,0.2852,10741.4
1753592102267,04:55:02.267,bybit,1INCH/USDT:USDT,0.285,2129.9,0.2849,6734.9,0.2851,2024.8,0.2852,10741.4
1753592102367,04:55:02.367,bybit,1INCH/USDT:USDT,0.285,2129.9,0.2849,6734.9,0.2851,2021.8,0.2852,10741.4
1753592102767,04:55:02.767,bybit,1INCH/USDT:USDT,0.285,2129.9,0.2849,6734.9,0.2851,2021.8,0.2852,10741.4
1753592102967,04:55:02.967,bybit,1INCH/USDT:USDT,0.285,1129.9,0.2849,6734.9,0.2851,2021.8,0.2852,10741.4
1753592103167,04:55:03.167,bybit,1INCH/USDT:USDT,0.285,1051.0,0.2849,6734.9,0.2851,2021.8,0.2852,10741.4
1753592103267,04:55:03.267,bybit,1INCH/USDT:USDT,0.285,1129.9,0.2849,6734.9,0.2851,2021.8,0.2852,10741.4
1753592103567,04:55:03.567,bybit,1INCH/USDT:USDT,0.285,1129.9,0.2849,6734.9,0.2851,2021.8,0.2852,10741.4
1753592103967,04:55:03.967,bybit,1INCH/USDT:USDT,0.285,1129.9,0.2849,6734.9,0.2851,2021.8,0.2852,10741.4
1753592104166,04:55:04.166,bybit,1INCH/USDT:USDT,0.285,1129.9,0.2849,6734.9,0.2851,2021.8,0.2852,10741.4
1753592104267,04:55:04.267,bybit,1INCH/USDT:USDT,0.285,1129.9,0.2849,6734.9,0.2851,2021.8,0.2852,10741.4
1753592104567,04:55:04.567,bybit,1INCH/USDT:USDT,0.285,1129.9,0.2849,6734.9,0.2851,2021.8,0.2852,10741.4
1753592104767,04:55:04.767,bybit,1INCH/USDT:USDT,0.285,1129.9,0.2849,6734.9,0.2851,2021.8,0.2852,10741.4
1753592104867,04:55:04.867,bybit,1INCH/USDT:USDT,0.285,1129.9,0.2849,6734.9,0.2851,2021.8,0.2852,10741.4
1753592105066,04:55:05.066,bybit,1INCH/USDT:USDT,0.285,2129.9,0.2849,6734.9,0.2851,2021.8,0.2852,10741.4
1753592106467,04:55:06.467,bybit,1INCH/USDT:USDT,0.285,2129.9,0.2849,6734.9,0.2851,2021.8,0.2852,10741.4
1753592107066,04:55:07.066,bybit,1INCH/USDT:USDT,0.285,2129.9,0.2849,6734.9,0.2851,2021.8,0.2852,10741.4
1753592107767,04:55:07.767,bybit,1INCH/USDT:USDT,0.285,2051.0,0.2849,6734.9,0.2851,2021.8,0.2852,10741.4
1753592107867,04:55:07.867,bybit,1INCH/USDT:USDT,0.285,2129.9,0.2849,6734.9,0.2851,2021.8,0.2852,10741.4
1753592109667,04:55:09.667,bybit,1INCH/USDT:USDT,0.285,2129.9,0.2849,6734.9,0.2851,2021.8,0.2852,10741.4
1753592109767,04:55:09.767,bybit,1INCH/USDT:USDT,0.285,2129.9,0.2849,6734.9,0.2851,2021.8,0.2852,10741.4
1753592111466,04:55:11.466,bybit,1INCH/USDT:USDT,0.285,2051.0,0.2849,6734.9,0.2851,2021.8,0.2852,8928.8
1753592111567,04:55:11.567,bybit,1INCH/USDT:USDT,0.285,972.1,0.2849,6734.9,0.2851,2021.8,0.2852,10741.4
1753592111666,04:55:11.666,bybit,1INCH/USDT:USDT,0.285,972.1,0.2849,6734.9,0.2851,2100.7,0.2852,10741.4
1753592112567,04:55:12.567,bybit,1INCH/USDT:USDT,0.285,972.1,0.2849,6734.9,0.2851,2021.8,0.2852,10741.4
1753592112767,04:55:12.767,bybit,1INCH/USDT:USDT,0.285,972.1,0.2849,6734.9,0.2851,3388.2,0.2852,10741.4
1753592112866,04:55:12.866,bybit,1INCH/USDT:USDT,0.285,972.1,0.2849,6734.9,0.2851,3467.1,0.2852,10741.4
1753592112967,04:55:12.967,bybit,1INCH/USDT:USDT,0.285,972.1,0.2849,6734.9,0.2851,3546.0,0.2852,11466.4
1753592113067,04:55:13.067,bybit,1INCH/USDT:USDT,0.285,972.1,0.2849,6734.9,0.2851,3546.0,0.2852,11466.4
1753592113866,04:55:13.866,bybit,1INCH/USDT:USDT,0.285,972.1,0.2849,6734.9,0.2851,3546.0,0.2852,11466.4
1753592114066,04:55:14.066,bybit,1INCH/USDT:USDT,0.285,972.1,0.2849,6734.9,0.2851,3546.0,0.2852,11466.4
1753592114867,04:55:14.867,bybit,1INCH/USDT:USDT,0.285,972.1,0.2849,6734.9,0.2851,3546.0,0.2852,11466.4
1753592115767,04:55:15.767,bybit,1INCH/USDT:USDT,0.285,976.1,0.2849,6734.9,0.2851,3546.0,0.2852,11466.4
1753592115867,04:55:15.867,bybit,1INCH/USDT:USDT,0.285,976.1,0.2849,6734.9,0.2851,3546.0,0.2852,11466.4
1753592115967,04:55:15.967,bybit,1INCH/USDT:USDT,0.285,976.1,0.2849,6734.9,0.2851,3546.0,0.2852,11466.4
1753592116467,04:55:16.467,bybit,1INCH/USDT:USDT,0.285,976.1,0.2849,6734.9,0.2851,3583.8,0.2852,11466.4
1753592116967,04:55:16.967,bybit,1INCH/USDT:USDT,0.285,1133.9,0.2849,6734.9,0.2851,3426.0,0.2852,11466.4
1753592117667,04:55:17.667,bybit,1INCH/USDT:USDT,0.285,976.1,0.2849,6734.9,0.2851,3426.0,0.2852,11466.4
1753592117767,04:55:17.767,bybit,1INCH/USDT:USDT,0.285,976.1,0.2849,6734.9,0.2851,3504.9,0.2852,11466.4
1753592118467,04:55:18.467,bybit,1INCH/USDT:USDT,0.285,976.1,0.2849,6734.9,0.2851,3583.8,0.2852,11466.4
1753592118567,04:55:18.567,bybit,1INCH/USDT:USDT,0.285,976.1,0.2849,6734.9,0.2851,3548.8,0.2852,11466.4
1753592119467,04:55:19.467,bybit,1INCH/USDT:USDT,0.285,976.1,0.2849,6734.9,0.2851,3548.8,0.2852,11466.4
1753592120667,04:55:20.667,bybit,1INCH/USDT:USDT,0.285,976.1,0.2849,6734.9,0.2851,3548.8,0.2852,11466.4
1753592120766,04:55:20.766,bybit,1INCH/USDT:USDT,0.285,976.1,0.2849,6734.9,0.2851,3469.9,0.2852,11466.4
1753592120867,04:55:20.867,bybit,1INCH/USDT:USDT,0.285,1055.0,0.2849,6734.9,0.2851,3469.9,0.2852,11466.4
1753592120966,04:55:20.966,bybit,1INCH/USDT:USDT,0.285,976.1,0.2849,6734.9,0.2851,3469.9,0.2852,11466.4
1753592121066,04:55:21.066,bybit,1INCH/USDT:USDT,0.285,976.1,0.2849,6734.9,0.2851,3548.8,0.2852,11466.4
1753592121367,04:55:21.367,bybit,1INCH/USDT:USDT,0.285,976.1,0.2849,6734.9,0.2851,3548.8,0.2852,11466.4
1753592121467,04:55:21.467,bybit,1INCH/USDT:USDT,0.285,976.1,0.2849,6734.9,0.2851,3469.9,0.2852,11466.4
1753592121566,04:55:21.566,bybit,1INCH/USDT:USDT,0.285,1055.0,0.2849,6734.9,0.2851,3391.0,0.2852,11466.4
1753592121767,04:55:21.767,bybit,1INCH/USDT:USDT,0.285,1133.9,0.2849,6734.9,0.2851,3391.0,0.2852,10741.4
1753592121966,04:55:21.966,bybit,1INCH/USDT:USDT,0.285,1133.9,0.2849,6734.9,0.2851,3391.0,0.2852,10741.4
1753592122067,04:55:22.067,bybit,1INCH/USDT:USDT,0.285,976.1,0.2849,6734.9,0.2851,3548.8,0.2852,11466.4
1753592122466,04:55:22.466,bybit,1INCH/USDT:USDT,0.285,1133.9,0.2849,6734.9,0.2851,3391.0,0.2852,10741.4
1753592122767,04:55:22.767,bybit,1INCH/USDT:USDT,0.285,976.1,0.2849,6734.9,0.2851,3548.8,0.2852,11466.4
1753592122867,04:55:22.867,bybit,1INCH/USDT:USDT,0.285,7.1,0.2849,6734.9,0.2851,4548.8,0.2852,11466.4
1753592123267,04:55:23.267,bybit,1INCH/USDT:USDT,0.285,7.1,0.2849,5734.9,0.2851,4548.8,0.2852,11466.4
1753592123367,04:55:23.367,bybit,1INCH/USDT:USDT,0.285,7.1,0.2849,5734.9,0.2851,4548.8,0.2852,11466.4
1753592123467,04:55:23.467,bybit,1INCH/USDT:USDT,0.285,7.1,0.2849,5734.9,0.2851,4548.8,0.2852,11466.4
1753592123667,04:55:23.667,bybit,1INCH/USDT:USDT,0.285,7.1,0.2849,5734.9,0.2851,4548.8,0.2852,11466.4
1753592123866,04:55:23.866,bybit,1INCH/USDT:USDT,0.285,7.1,0.2849,5734.9,0.2851,4548.8,0.2852,11466.4
1753592124067,04:55:24.067,bybit,1INCH/USDT:USDT,0.285,7.1,0.2849,5734.9,0.2851,4588.6,0.2852,11466.4
1753592124166,04:55:24.166,bybit,1INCH/USDT:USDT,0.285,387.0,0.2849,5734.9,0.2851,4308.0,0.2852,11466.4
1753592124867,04:55:24.867,bybit,1INCH/USDT:USDT,0.285,7.1,0.2849,5734.9,0.2851,4308.0,0.2852,11466.4
1753592124966,04:55:24.966,bybit,1INCH/USDT:USDT,0.285,1374.1,0.2849,5734.9,0.2851,4229.1,0.2852,11466.4
1753592125066,04:55:25.066,bybit,1INCH/USDT:USDT,0.285,7.1,0.2849,5734.9,0.2851,4443.6,0.2852,11466.4
1753592125267,04:55:25.267,bybit,1INCH/USDT:USDT,0.285,7.1,0.2849,5734.9,0.2851,4619.0,0.2852,11466.4
1753592125367,04:55:25.367,bybit,1INCH/USDT:USDT,0.285,3.1,0.2849,5734.9,0.2851,4619.0,0.2852,11466.4
1753592125466,04:55:25.466,bybit,1INCH/USDT:USDT,0.285,1373.1,0.2849,5734.9,0.2851,4540.1,0.2852,11466.4
1753592125567,04:55:25.567,bybit,1INCH/USDT:USDT,0.285,1373.1,0.2849,5734.9,0.2851,4110.4,0.2852,11466.4
1753592126067,04:55:26.067,bybit,1INCH/USDT:USDT,0.285,1373.1,0.2849,6734.9,0.2851,3110.4,0.2852,11466.4
1753592126166,04:55:26.166,bybit,1INCH/USDT:USDT,0.285,1373.1,0.2849,6734.9,0.2851,3268.2,0.2852,11466.4
1753592126667,04:55:26.667,bybit,1INCH/USDT:USDT,0.285,1373.1,0.2849,6734.9,0.2851,3268.2,0.2852,11466.4
1753592126767,04:55:26.767,bybit,1INCH/USDT:USDT,0.285,1373.1,0.2849,6734.9,0.2851,3443.6,0.2852,11466.4
1753592126866,04:55:26.866,bybit,1INCH/USDT:USDT,0.285,1373.1,0.2849,6734.9,0.2851,4268.2,0.2852,11466.4
1753592127066,04:55:27.066,bybit,1INCH/USDT:USDT,0.285,1373.1,0.2849,6734.9,0.2851,4443.6,0.2852,11466.4
1753592127166,04:55:27.166,bybit,1INCH/USDT:USDT,0.285,1373.1,0.2849,6734.9,0.2851,4443.6,0.2852,11466.4
1753592127466,04:55:27.466,bybit,1INCH/USDT:USDT,0.285,1373.1,0.2849,6734.9,0.2851,4443.6,0.2852,11466.4
1753592127766,04:55:27.766,bybit,1INCH/USDT:USDT,0.285,6.1,0.2849,6734.9,0.2851,4443.6,0.2852,11466.4
1753592128067,04:55:28.067,bybit,1INCH/USDT:USDT,0.285,6.1,0.2849,6734.9,0.2851,4443.6,0.2852,11466.4
1753592128367,04:55:28.367,bybit,1INCH/USDT:USDT,0.285,6.2,0.2849,6734.9,0.2851,4443.6,0.2852,11466.4
1753592128467,04:55:28.467,bybit,1INCH/USDT:USDT,0.285,6.2,0.2849,6734.9,0.2851,4443.6,0.2852,11466.4
1753592128867,04:55:28.867,bybit,1INCH/USDT:USDT,0.285,6.2,0.2849,6734.9,0.2851,4443.6,0.2852,11466.4
1753592129367,04:55:29.367,bybit,1INCH/USDT:USDT,0.285,6.2,0.2849,6734.9,0.2851,4422.8,0.2852,11466.4
1753592129667,04:55:29.667,bybit,1INCH/USDT:USDT,0.285,6.2,0.2849,6734.9,0.2851,4422.8,0.2852,11466.4
1753592129767,04:55:29.767,bybit,1INCH/USDT:USDT,0.285,6.2,0.2849,6734.9,0.2851,4422.8,0.2852,11466.4
1753592129867,04:55:29.867,bybit,1INCH/USDT:USDT,0.285,6.2,0.2849,6734.9,0.2851,4422.8,0.2852,11466.4
1753592129967,04:55:29.967,bybit,1INCH/USDT:USDT,0.285,6.2,0.2849,6734.9,0.2851,4422.8,0.2852,11466.4
1753592130067,04:55:30.067,bybit,1INCH/USDT:USDT,0.285,6.2,0.2849,6734.9,0.2851,4422.8,0.2852,11466.4
1753592130167,04:55:30.167,bybit,1INCH/USDT:USDT,0.285,6.2,0.2849,6734.9,0.2851,4422.8,0.2852,11466.4
1753592130367,04:55:30.367,bybit,1INCH/USDT:USDT,0.285,6.2,0.2849,6734.9,0.2851,4422.8,0.2852,11466.4
1753592130767,04:55:30.767,bybit,1INCH/USDT:USDT,0.285,6.2,0.2849,6734.9,0.2851,4343.9,0.2852,11466.4
1753592131867,04:55:31.867,bybit,1INCH/USDT:USDT,0.285,6.2,0.2849,6734.9,0.2851,4343.9,0.2852,11466.4
1753592131966,04:55:31.966,bybit,1INCH/USDT:USDT,0.285,6.2,0.2849,6734.9,0.2851,4343.9,0.2852,11466.4
1753592132567,04:55:32.567,bybit,1INCH/USDT:USDT,0.285,6.2,0.2849,6734.9,0.2851,5044.0,0.2852,11466.4
1753592132667,04:55:32.667,bybit,1INCH/USDT:USDT,0.285,6.2,0.2849,6734.9,0.2851,5394.8,0.2852,11466.4
1753592132767,04:55:32.767,bybit,1INCH/USDT:USDT,0.285,6.2,0.2849,6734.9,0.2851,5394.8,0.2852,11466.4
1753592132867,04:55:32.867,bybit,1INCH/USDT:USDT,0.285,6.2,0.2849,6734.9,0.2851,5394.8,0.2852,11466.4
1753592133067,04:55:33.067,bybit,1INCH/USDT:USDT,0.285,386.1,0.2849,6734.9,0.2851,5237.0,0.2852,11466.4
1753592133167,04:55:33.167,bybit,1INCH/USDT:USDT,0.285,386.1,0.2849,6734.9,0.2851,5410.9,0.2852,11466.4
1753592133267,04:55:33.267,bybit,1INCH/USDT:USDT,0.285,6.2,0.2849,6734.9,0.2851,5410.9,0.2852,11466.4
1753592133567,04:55:33.567,bybit,1INCH/USDT:USDT,0.285,6.2,0.2849,5734.9,0.2851,5410.9,0.2852,11466.4
1753592133767,04:55:33.767,bybit,1INCH/USDT:USDT,0.285,6.2,0.2849,6734.9,0.2851,5410.9,0.2852,11466.4
1753592133967,04:55:33.967,bybit,1INCH/USDT:USDT,0.285,6.2,0.2849,6734.9,0.2851,5489.8,0.2852,11466.4
1753592134067,04:55:34.067,bybit,1INCH/USDT:USDT,0.285,6.2,0.2849,6734.9,0.2851,5529.6,0.2852,11466.4
1753592134767,04:55:34.767,bybit,1INCH/USDT:USDT,0.285,6.2,0.2849,6734.9,0.2851,5529.6,0.2852,11466.4
1753592134867,04:55:34.867,bybit,1INCH/USDT:USDT,0.285,6.2,0.2849,6734.9,0.2851,5450.7,0.2852,11466.4
1753592135067,04:55:35.067,bybit,1INCH/USDT:USDT,0.285,6.2,0.2849,6734.9,0.2851,5450.7,0.2852,11466.4
1753592135167,04:55:35.167,bybit,1INCH/USDT:USDT,0.285,6.2,0.2849,6734.9,0.2851,5371.8,0.2852,11466.4
1753592135766,04:55:35.766,bybit,1INCH/USDT:USDT,0.285,9.3,0.2849,6734.9,0.2851,5371.8,0.2852,11466.4
1753592135966,04:55:35.966,bybit,1INCH/USDT:USDT,0.285,9.3,0.2849,6734.9,0.2851,5529.6,0.2852,11466.4
1753592136066,04:55:36.066,bybit,1INCH/USDT:USDT,0.285,9.3,0.2849,6734.9,0.2851,5529.6,0.2852,11466.4
1753592136267,04:55:36.267,bybit,1INCH/USDT:USDT,0.285,9.3,0.2849,6734.9,0.2851,5529.6,0.2852,11466.4
1753592137366,04:55:37.366,bybit,1INCH/USDT:USDT,0.285,9.3,0.2849,6734.9,0.2851,5450.7,0.2852,11466.4
1753592137467,04:55:37.467,bybit,1INCH/USDT:USDT,0.285,9.3,0.2849,6734.9,0.2851,5450.7,0.2852,11466.4
1753592137867,04:55:37.867,bybit,1INCH/USDT:USDT,0.285,9.3,0.2849,6734.9,0.2851,5529.6,0.2852,11466.4
1753592138067,04:55:38.067,bybit,1INCH/USDT:USDT,0.285,9.3,0.2849,6734.9,0.2851,5529.6,0.2852,11466.4
1753592138767,04:55:38.767,bybit,1INCH/USDT:USDT,0.285,9.3,0.2849,6734.9,0.2851,5991.5,0.2852,11466.4
1753592139267,04:55:39.267,bybit,1INCH/USDT:USDT,0.285,9.3,0.2849,6734.9,0.2851,6070.4,0.2852,11466.4
1753592139367,04:55:39.367,bybit,1INCH/USDT:USDT,0.285,9.3,0.2849,6734.9,0.2851,6070.4,0.2852,11466.4
1753592139467,04:55:39.467,bybit,1INCH/USDT:USDT,0.285,9.3,0.2849,6734.9,0.2851,6070.4,0.2852,11466.4
1753592139566,04:55:39.566,bybit,1INCH/USDT:USDT,0.285,9.3,0.2849,6734.9,0.2851,6070.4,0.2852,11466.4
1753592139867,04:55:39.867,bybit,1INCH/USDT:USDT,0.285,9.3,0.2849,6734.9,0.2851,6070.4,0.2852,11466.4
1753592139967,04:55:39.967,bybit,1INCH/USDT:USDT,0.285,9.3,0.2849,6734.9,0.2851,6070.4,0.2852,11466.4
1753592140967,04:55:40.967,bybit,1INCH/USDT:USDT,0.285,9.3,0.2849,5734.9,0.2851,6070.4,0.2852,11466.4
1753592141067,04:55:41.067,bybit,1INCH/USDT:USDT,0.285,9.3,0.2849,5734.9,0.2851,6070.4,0.2852,11466.4
1753592141166,04:55:41.166,bybit,1INCH/USDT:USDT,0.285,9.3,0.2849,5734.9,0.2851,5912.6,0.2852,11545.3
1753592141267,04:55:41.267,bybit,1INCH/USDT:USDT,0.285,9.3,0.2849,5734.9,0.2851,5912.6,0.2852,11545.3
1753592141367,04:55:41.367,bybit,1INCH/USDT:USDT,0.285,88.2,0.2849,5734.9,0.2851,4912.6,0.2852,11545.3
1753592141567,04:55:41.567,bybit,1INCH/USDT:USDT,0.285,9.3,0.2849,5813.8,0.2851,5453.4,0.2852,11545.3
1753592141667,04:55:41.667,bybit,1INCH/USDT:USDT,0.285,9.3,0.2849,6813.8,0.2851,5453.4,0.2852,11545.3
1753592142067,04:55:42.067,bybit,1INCH/USDT:USDT,0.285,9.3,0.2849,6813.8,0.2851,5859.4,0.2852,11545.3
1753592142269,04:55:42.269,bybit,1INCH/USDT:USDT,0.285,1444.0,0.2849,6813.8,0.2851,3089.6,0.2852,11545.3
1753592142567,04:55:42.567,bybit,1INCH/USDT:USDT,0.285,1444.0,0.2849,6813.8,0.2851,3089.6,0.2852,11545.3
1753592143267,04:55:43.267,bybit,1INCH/USDT:USDT,0.285,9.3,0.2849,6734.9,0.2851,4061.6,0.2852,11545.3
1753592143566,04:55:43.566,bybit,1INCH/USDT:USDT,0.285,9.3,0.2849,6734.9,0.2851,4061.6,0.2852,11545.3
1753592143867,04:55:43.867,bybit,1INCH/USDT:USDT,0.285,9.3,0.2849,6734.9,0.2851,4061.6,0.2852,11545.3
1753592144267,04:55:44.267,bybit,1INCH/USDT:USDT,0.285,1365.1,0.2849,6734.9,0.2851,3615.8,0.2852,11545.3
1753592144367,04:55:44.367,bybit,1INCH/USDT:USDT,0.285,1444.0,0.2849,6734.9,0.2851,3089.6,0.2852,11545.3
1753592144667,04:55:44.667,bybit,1INCH/USDT:USDT,0.285,1444.0,0.2849,6734.9,0.2851,3089.6,0.2852,11545.3
1753592144768,04:55:44.768,bybit,1INCH/USDT:USDT,0.285,1444.0,0.2849,6734.9,0.2851,4436.9,0.2852,11545.3
1753592144867,04:55:44.867,bybit,1INCH/USDT:USDT,0.285,1444.0,0.2849,6734.9,0.2851,4436.9,0.2852,11545.3
1753592144967,04:55:44.967,bybit,1INCH/USDT:USDT,0.285,1365.1,0.2849,6813.8,0.2851,4436.9,0.2852,11545.3
1753592145066,04:55:45.066,bybit,1INCH/USDT:USDT,0.285,1365.1,0.2849,6813.8,0.2851,4436.9,0.2852,11545.3
1753592145167,04:55:45.167,bybit,1INCH/USDT:USDT,0.285,1365.1,0.2849,6813.8,0.2851,4436.9,0.2852,10820.3
1753592145267,04:55:45.267,bybit,1INCH/USDT:USDT,0.285,1365.1,0.2849,6813.8,0.2851,4436.9,0.2852,11545.3
1753592145366,04:55:45.366,bybit,1INCH/USDT:USDT,0.285,1444.0,0.2849,6734.9,0.2851,4436.9,0.2852,11545.3
1753592145467,04:55:45.467,bybit,1INCH/USDT:USDT,0.285,1445.7,0.2849,6734.9,0.2851,4436.9,0.2852,11545.3
1753592145567,04:55:45.567,bybit,1INCH/USDT:USDT,0.285,1445.7,0.2849,6734.9,0.2851,4436.9,0.2852,11545.3
1753592146466,04:55:46.466,bybit,1INCH/USDT:USDT,0.285,1524.6,0.2849,6734.9,0.2851,4436.9,0.2852,8928.8
1753592146567,04:55:46.567,bybit,1INCH/USDT:USDT,0.285,2524.6,0.2849,6734.9,0.2851,4436.9,0.2852,8928.8
1753592146867,04:55:46.867,bybit,1INCH/USDT:USDT,0.285,2524.6,0.2849,6734.9,0.2851,4436.9,0.2852,10741.4
1753592146967,04:55:46.967,bybit,1INCH/USDT:USDT,0.285,1366.8,0.2849,6734.9,0.2851,4436.9,0.2852,11466.4
1753592147467,04:55:47.467,bybit,1INCH/USDT:USDT,0.285,1366.8,0.2849,6734.9,0.2851,4436.9,0.2852,11466.4
1753592149067,04:55:49.067,bybit,1INCH/USDT:USDT,0.285,1366.8,0.2849,6734.9,0.2851,4594.7,0.2852,11466.4
1753592149267,04:55:49.267,bybit,1INCH/USDT:USDT,0.285,1366.8,0.2849,6734.9,0.2851,4436.9,0.2852,11466.4
1753592149366,04:55:49.366,bybit,1INCH/USDT:USDT,0.285,1366.8,0.2849,6734.9,0.2851,4594.7,0.2852,11466.4
1753592149467,04:55:49.467,bybit,1INCH/USDT:USDT,0.285,1366.8,0.2849,6734.9,0.2851,4594.7,0.2852,11466.4
1753592149567,04:55:49.567,bybit,1INCH/USDT:USDT,0.285,1366.8,0.2849,6734.9,0.2851,4594.7,0.2852,11466.4
1753592149667,04:55:49.667,bybit,1INCH/USDT:USDT,0.285,1366.8,0.2849,6734.9,0.2851,4436.9,0.2852,11466.4
1753592149967,04:55:49.967,bybit,1INCH/USDT:USDT,0.285,1366.8,0.2849,6734.9,0.2851,4436.9,0.2852,11466.4
1753592152467,04:55:52.467,bybit,1INCH/USDT:USDT,0.285,1366.8,0.2849,6734.9,0.2851,4441.5,0.2852,11466.4
1753592153367,04:55:53.367,bybit,1INCH/USDT:USDT,0.285,1445.7,0.2849,6734.9,0.2851,4441.5,0.2852,11466.4
1753592154269,04:55:54.269,bybit,1INCH/USDT:USDT,0.285,1445.7,0.2849,6734.9,0.2851,4441.5,0.2852,11466.4
1753592155667,04:55:55.667,bybit,1INCH/USDT:USDT,0.285,1524.6,0.2849,6734.9,0.2851,4441.5,0.2852,10741.4
1753592155767,04:55:55.767,bybit,1INCH/USDT:USDT,0.285,1524.6,0.2849,6734.9,0.2851,4441.5,0.2852,8928.8
1753592155967,04:55:55.967,bybit,1INCH/USDT:USDT,0.285,1525.8,0.2849,6734.9,0.2851,4441.5,0.2852,8928.8
1753592156366,04:55:56.366,bybit,1INCH/USDT:USDT,0.285,1525.8,0.2849,6734.9,0.2851,4441.5,0.2852,7928.8
1753592156467,04:55:56.467,bybit,1INCH/USDT:USDT,0.285,2525.8,0.2849,6852.0,0.2851,3075.1,0.2852,7928.8
1753592156767,04:55:56.767,bybit,1INCH/USDT:USDT,0.285,2525.8,0.2849,6852.0,0.2851,3075.1,0.2852,7928.8
1753592156867,04:55:56.867,bybit,1INCH/USDT:USDT,0.285,2525.8,0.2849,6852.0,0.2851,3075.1,0.2852,7928.8
1753592157067,04:55:57.067,bybit,1INCH/USDT:USDT,0.285,2525.8,0.2849,6852.0,0.2851,3075.1,0.2852,7928.8
1753592157268,04:55:57.268,bybit,1INCH/USDT:USDT,0.285,2525.8,0.2849,6852.0,0.2851,3075.1,0.2852,7928.8
1753592157367,04:55:57.367,bybit,1INCH/USDT:USDT,0.285,2525.8,0.2849,6852.0,0.2851,3075.1,0.2852,7928.8
1753592157566,04:55:57.566,bybit,1INCH/USDT:USDT,0.285,2525.8,0.2849,6852.0,0.2851,3075.1,0.2852,7928.8
1753592157966,04:55:57.966,bybit,1INCH/USDT:USDT,0.285,2525.8,0.2849,6852.0,0.2851,3075.1,0.2852,7928.8
1753592158467,04:55:58.467,bybit,1INCH/USDT:USDT,0.285,2565.6,0.2849,6852.0,0.2851,3075.1,0.2852,7928.8
1753592158767,04:55:58.767,bybit,1INCH/USDT:USDT,0.285,2868.8,0.2849,6852.0,0.2851,712.1,0.2852,4145.2
1753592158967,04:55:58.967,bybit,1INCH/USDT:USDT,0.285,2868.8,0.2849,6827.5,0.2851,712.1,0.2852,5957.8
1753592159067,04:55:59.067,bybit,1INCH/USDT:USDT,0.285,2868.8,0.2849,6827.5,0.2851,712.1,0.2852,5957.8
1753592159167,04:55:59.167,bybit,1INCH/USDT:USDT,0.285,2868.8,0.2849,6827.5,0.2851,712.1,0.2852,5957.8
1753592159567,04:55:59.567,bybit,1INCH/USDT:USDT,0.285,2868.8,0.2849,6827.5,0.2851,712.1,0.2852,7402.7
1753592159766,04:55:59.766,bybit,1INCH/USDT:USDT,0.285,2868.8,0.2849,6827.5,0.2851,712.1,0.2852,5590.1
1753592160467,04:56:00.467,bybit,1INCH/USDT:USDT,0.285,2868.8,0.2849,6827.5,0.2851,712.1,0.2852,6590.1
1753592160866,04:56:00.866,bybit,1INCH/USDT:USDT,0.285,2868.8,0.2849,6827.5,0.2851,712.1,0.2852,6590.1
1753592160967,04:56:00.967,bybit,1INCH/USDT:USDT,0.285,2868.8,0.2849,6827.5,0.2851,712.1,0.2852,6590.1
1753592161367,04:56:01.367,bybit,1INCH/USDT:USDT,0.285,2868.8,0.2849,6827.5,0.2851,712.1,0.2852,6590.1
1753592161967,04:56:01.967,bybit,1INCH/USDT:USDT,0.285,2868.8,0.2849,7946.0,0.2851,390.0,0.2852,4147.5
1753592162067,04:56:02.067,bybit,1INCH/USDT:USDT,0.285,2868.8,0.2849,7946.0,0.2851,390.0,0.2852,4094.7
1753592162167,04:56:02.167,bybit,1INCH/USDT:USDT,0.2851,3118.0,0.285,8180.3,0.2852,1336.0,0.2853,9703.3
1753592162271,04:56:02.271,bybit,1INCH/USDT:USDT,0.2851,3118.0,0.285,11028.0,0.2852,1336.0,0.2853,9703.3
1753592162467,04:56:02.467,bybit,1INCH/USDT:USDT,0.2851,3118.0,0.285,11028.0,0.2852,1336.0,0.2853,9703.3
1753592162667,04:56:02.667,bybit,1INCH/USDT:USDT,0.2851,3118.0,0.285,11028.0,0.2852,1336.0,0.2853,9703.3
1753592162867,04:56:02.867,bybit,1INCH/USDT:USDT,0.2851,3118.0,0.285,11028.0,0.2852,1336.0,0.2853,9703.3
1753592162967,04:56:02.967,bybit,1INCH/USDT:USDT,0.2851,3118.0,0.285,11028.0,0.2852,1336.0,0.2853,9703.3
1753592163067,04:56:03.067,bybit,1INCH/USDT:USDT,0.2851,3118.0,0.285,10988.2,0.2852,1336.0,0.2853,9703.3
1753592163566,04:56:03.566,bybit,1INCH/USDT:USDT,0.2851,3123.1,0.285,10986.5,0.2852,1336.0,0.2853,9703.3
1753592163667,04:56:03.667,bybit,1INCH/USDT:USDT,0.2851,3123.1,0.285,10986.5,0.2852,1336.0,0.2853,9703.3
1753592163768,04:56:03.768,bybit,1INCH/USDT:USDT,0.2851,3044.2,0.285,10986.5,0.2852,1336.0,0.2853,9703.3
1753592163866,04:56:03.866,bybit,1INCH/USDT:USDT,0.2851,3123.1,0.285,10986.5,0.2852,1336.0,0.2853,9703.3
1753592163967,04:56:03.967,bybit,1INCH/USDT:USDT,0.2851,3123.1,0.285,10986.5,0.2852,1336.0,0.2853,9703.3
1753592165067,04:56:05.067,bybit,1INCH/USDT:USDT,0.2851,3123.1,0.285,11004.1,0.2852,1336.0,0.2853,9703.3
1753592166067,04:56:06.067,bybit,1INCH/USDT:USDT,0.2851,3044.2,0.285,11004.1,0.2852,1336.0,0.2853,9703.3
1753592166166,04:56:06.166,bybit,1INCH/USDT:USDT,0.2851,3123.1,0.285,11004.1,0.2852,1336.0,0.2853,9703.3
1753592166767,04:56:06.767,bybit,1INCH/USDT:USDT,0.2851,1380.7,0.285,11004.1,0.2852,1336.0,0.2853,9703.3
1753592166867,04:56:06.867,bybit,1INCH/USDT:USDT,0.2851,1380.7,0.285,11004.1,0.2852,1336.0,0.2853,9703.3
1753592167267,04:56:07.267,bybit,1INCH/USDT:USDT,0.2851,1463.8,0.285,10999.8,0.2852,1336.0,0.2853,9703.3
1753592167971,04:56:07.971,bybit,1INCH/USDT:USDT,0.2851,1463.8,0.285,10999.8,0.2852,1336.0,0.2853,9703.3
1753592168067,04:56:08.067,bybit,1INCH/USDT:USDT,0.2851,1463.8,0.285,10999.8,0.2852,1336.0,0.2853,9703.3
1753592168666,04:56:08.666,bybit,1INCH/USDT:USDT,0.2851,1463.8,0.285,10999.8,0.2852,1336.0,0.2853,9703.3
1753592168767,04:56:08.767,bybit,1INCH/USDT:USDT,0.2851,1463.8,0.285,10999.8,0.2852,1336.0,0.2853,9703.3
1753592168867,04:56:08.867,bybit,1INCH/USDT:USDT,0.2851,1463.8,0.285,10999.8,0.2852,1336.0,0.2853,9703.3
1753592168966,04:56:08.966,bybit,1INCH/USDT:USDT,0.2851,1463.8,0.285,10999.8,0.2852,1336.0,0.2853,9703.3
1753592169367,04:56:09.367,bybit,1INCH/USDT:USDT,0.2851,1463.8,0.285,10999.8,0.2852,1336.0,0.2853,9703.3
1753592169967,04:56:09.967,bybit,1INCH/USDT:USDT,0.2851,1463.8,0.285,10999.8,0.2852,1336.0,0.2853,9703.3
1753592170467,04:56:10.467,bybit,1INCH/USDT:USDT,0.2851,1463.8,0.285,10999.8,0.2852,1336.0,0.2853,9703.3
1753592170667,04:56:10.667,bybit,1INCH/USDT:USDT,0.2851,1463.8,0.285,10999.8,0.2852,1336.0,0.2853,9703.3
1753592171866,04:56:11.866,bybit,1INCH/USDT:USDT,0.2851,1384.9,0.285,10999.8,0.2852,1336.0,0.2853,9703.3
1753592172967,04:56:12.967,bybit,1INCH/USDT:USDT,0.2851,1384.9,0.285,10999.8,0.2852,1336.0,0.2853,9703.3
1753592173067,04:56:13.067,bybit,1INCH/USDT:USDT,0.2851,1463.8,0.285,10999.8,0.2852,1336.0,0.2853,9703.3
1753592173167,04:56:13.167,bybit,1INCH/USDT:USDT,0.2851,1463.8,0.285,10999.8,0.2852,1336.0,0.2853,9703.3
1753592173267,04:56:13.267,bybit,1INCH/USDT:USDT,0.2851,1463.8,0.285,10999.8,0.2852,1336.0,0.2853,9703.3
1753592173467,04:56:13.467,bybit,1INCH/USDT:USDT,0.2851,1542.7,0.285,10999.8,0.2852,1336.0,0.2853,9703.3
