timestamp,time,exchange,symbol,bid1_price,bid1_volume,bid2_price,bid2_volume,ask1_price,ask1_volume,ask2_price,ask2_volume
1753591885217,04:51:25.217,bybit,AERO/USDT:USDT,0.8996,582.0,0.8995,800.0,0.8997,608.0,0.8998,652.0
1753591885317,04:51:25.317,bybit,AERO/USDT:USDT,0.8996,582.0,0.8995,800.0,0.8997,608.0,0.8998,620.0
1753591885418,04:51:25.418,bybit,AERO/USDT:USDT,0.8996,582.0,0.8995,832.0,0.8997,608.0,0.8998,599.0
1753591885617,04:51:25.617,bybit,AERO/USDT:USDT,0.8996,582.0,0.8995,800.0,0.8997,608.0,0.8998,675.0
1753591886018,04:51:26.018,bybit,AERO/USDT:USDT,0.8996,582.0,0.8995,800.0,0.8997,608.0,0.8998,652.0
1753591886517,04:51:26.517,bybit,AERO/USDT:USDT,0.8996,582.0,0.8995,800.0,0.8997,608.0,0.8998,675.0
1753591887818,04:51:27.818,bybit,AERO/USDT:USDT,0.8996,582.0,0.8995,800.0,0.8997,608.0,0.8998,675.0
1753591888418,04:51:28.418,bybit,AERO/USDT:USDT,0.8996,582.0,0.8995,832.0,0.8997,608.0,0.8998,599.0
1753591889117,04:51:29.117,bybit,AERO/USDT:USDT,0.8996,582.0,0.8995,832.0,0.8997,608.0,0.8998,599.0
1753591889817,04:51:29.817,bybit,AERO/USDT:USDT,0.8996,582.0,0.8995,832.0,0.8997,608.0,0.8998,599.0
1753591889919,04:51:29.919,bybit,AERO/USDT:USDT,0.8996,582.0,0.8995,832.0,0.8997,608.0,0.8998,599.0
1753591890017,04:51:30.017,bybit,AERO/USDT:USDT,0.8996,582.0,0.8995,832.0,0.8997,608.0,0.8998,599.0
1753591890117,04:51:30.117,bybit,AERO/USDT:USDT,0.8996,582.0,0.8995,832.0,0.8997,608.0,0.8998,599.0
1753591890217,04:51:30.217,bybit,AERO/USDT:USDT,0.8996,582.0,0.8995,832.0,0.8997,608.0,0.8998,622.0
1753591890317,04:51:30.317,bybit,AERO/USDT:USDT,0.8996,582.0,0.8995,832.0,0.8997,608.0,0.8998,622.0
1753591890617,04:51:30.617,bybit,AERO/USDT:USDT,0.8996,614.0,0.8995,832.0,0.8997,608.0,0.8998,599.0
1753591891418,04:51:31.418,bybit,AERO/USDT:USDT,0.8996,614.0,0.8995,832.0,0.8997,52.0,0.8998,599.0
1753591891619,04:51:31.619,bybit,AERO/USDT:USDT,0.8996,614.0,0.8995,832.0,0.8997,52.0,0.8998,599.0
1753591892219,04:51:32.219,bybit,AERO/USDT:USDT,0.8996,646.0,0.8995,864.0,0.8997,52.0,0.8998,599.0
1753591892417,04:51:32.417,bybit,AERO/USDT:USDT,0.8996,646.0,0.8995,864.0,0.8997,52.0,0.8998,599.0
1753591892520,04:51:32.520,bybit,AERO/USDT:USDT,0.8996,646.0,0.8995,887.0,0.8997,52.0,0.8998,599.0
1753591892818,04:51:32.818,bybit,AERO/USDT:USDT,0.8996,669.0,0.8995,887.0,0.8997,43.0,0.8998,43.0
1753591892920,04:51:32.920,bybit,AERO/USDT:USDT,0.8996,669.0,0.8995,887.0,0.8997,43.0,0.8998,43.0
1753591893017,04:51:33.017,bybit,AERO/USDT:USDT,0.8996,646.0,0.8995,887.0,0.8997,43.0,0.8998,43.0
1753591893417,04:51:33.417,bybit,AERO/USDT:USDT,0.8996,811.0,0.8995,887.0,0.8997,43.0,0.8998,43.0
1753591894418,04:51:34.418,bybit,AERO/USDT:USDT,0.8996,811.0,0.8995,887.0,0.8997,43.0,0.8998,43.0
1753591895619,04:51:35.619,bybit,AERO/USDT:USDT,0.8996,811.0,0.8995,887.0,0.8997,44.0,0.8998,43.0
1753591896217,04:51:36.217,bybit,AERO/USDT:USDT,0.8996,747.0,0.8995,832.0,0.8997,44.0,0.8998,43.0
1753591897219,04:51:37.219,bybit,AERO/USDT:USDT,0.8996,779.0,0.8995,864.0,0.8997,44.0,0.8998,43.0
1753591897819,04:51:37.819,bybit,AERO/USDT:USDT,0.8996,747.0,0.8995,864.0,0.8997,44.0,0.8998,43.0
1753591897919,04:51:37.919,bybit,AERO/USDT:USDT,0.8996,747.0,0.8995,864.0,0.8997,44.0,0.8998,43.0
1753591898419,04:51:38.419,bybit,AERO/USDT:USDT,0.8996,779.0,0.8995,864.0,0.8997,44.0,0.8998,43.0
1753591899218,04:51:39.218,bybit,AERO/USDT:USDT,0.8996,779.0,0.8995,864.0,0.8997,44.0,0.8998,43.0
1753591899617,04:51:39.617,bybit,AERO/USDT:USDT,0.8996,811.0,0.8995,887.0,0.8997,44.0,0.8998,43.0
1753591899719,04:51:39.719,bybit,AERO/USDT:USDT,0.8996,811.0,0.8995,887.0,0.8997,44.0,0.8998,43.0
1753591899818,04:51:39.818,bybit,AERO/USDT:USDT,0.8996,834.0,0.8995,887.0,0.8997,44.0,0.8998,43.0
1753591899918,04:51:39.918,bybit,AERO/USDT:USDT,0.8996,944.0,0.8995,997.0,0.8997,44.0,0.8998,43.0
1753591900318,04:51:40.318,bybit,AERO/USDT:USDT,0.8996,974.0,0.8995,997.0,0.8997,44.0,0.8998,43.0
1753591900418,04:51:40.418,bybit,AERO/USDT:USDT,0.8996,1413.0,0.8995,997.0,0.8997,44.0,0.8998,43.0
1753591900520,04:51:40.520,bybit,AERO/USDT:USDT,0.8996,1523.0,0.8995,997.0,0.8997,44.0,0.8998,43.0
1753591900619,04:51:40.619,bybit,AERO/USDT:USDT,0.8996,1523.0,0.8995,997.0,0.8997,44.0,0.8998,9.0
1753591900720,04:51:40.720,bybit,AERO/USDT:USDT,0.8996,1853.0,0.8995,1018.0,0.8997,44.0,0.8998,9.0
1753591900819,04:51:40.819,bybit,AERO/USDT:USDT,0.8996,1853.0,0.8995,1018.0,0.8997,44.0,0.8999,9.0
1753591900918,04:51:40.918,bybit,AERO/USDT:USDT,0.8996,1853.0,0.8995,1018.0,0.8997,44.0,0.8999,9.0
1753591901117,04:51:41.117,bybit,AERO/USDT:USDT,0.8996,1853.0,0.8995,1018.0,0.8997,44.0,0.8999,9.0
1753591901217,04:51:41.217,bybit,AERO/USDT:USDT,0.8996,1853.0,0.8995,1018.0,0.8997,44.0,0.8999,43.0
1753591901317,04:51:41.317,bybit,AERO/USDT:USDT,0.8996,2073.0,0.8995,1018.0,0.8997,44.0,0.8999,43.0
1753591901417,04:51:41.417,bybit,AERO/USDT:USDT,0.8996,2247.0,0.8995,1018.0,0.8997,44.0,0.8999,43.0
1753591901520,04:51:41.520,bybit,AERO/USDT:USDT,0.8996,2247.0,0.8995,1018.0,0.8997,44.0,0.8999,43.0
1753591901619,04:51:41.619,bybit,AERO/USDT:USDT,0.8996,2224.0,0.8995,1018.0,0.8997,44.0,0.8999,43.0
1753591901719,04:51:41.719,bybit,AERO/USDT:USDT,0.8996,2224.0,0.8995,1018.0,0.8997,44.0,0.8999,43.0
1753591901918,04:51:41.918,bybit,AERO/USDT:USDT,0.8996,2224.0,0.8995,1018.0,0.8997,44.0,0.8999,43.0
1753591902018,04:51:42.018,bybit,AERO/USDT:USDT,0.8996,2384.0,0.8995,1018.0,0.8997,44.0,0.8999,43.0
1753591902617,04:51:42.617,bybit,AERO/USDT:USDT,0.8996,2384.0,0.8995,1018.0,0.8997,44.0,0.8999,43.0
1753591902718,04:51:42.718,bybit,AERO/USDT:USDT,0.8996,2384.0,0.8995,1018.0,0.8997,44.0,0.8999,43.0
1753591902818,04:51:42.818,bybit,AERO/USDT:USDT,0.8996,2407.0,0.8995,1018.0,0.8997,44.0,0.8999,43.0
1753591902917,04:51:42.917,bybit,AERO/USDT:USDT,0.8996,2384.0,0.8995,1018.0,0.8997,44.0,0.8999,43.0
1753591903119,04:51:43.119,bybit,AERO/USDT:USDT,0.8996,2352.0,0.8995,995.0,0.8997,44.0,0.8999,579.0
1753591903217,04:51:43.217,bybit,AERO/USDT:USDT,0.8996,2384.0,0.8995,995.0,0.8997,44.0,0.8999,579.0
1753591903317,04:51:43.317,bybit,AERO/USDT:USDT,0.8996,2384.0,0.8995,1018.0,0.8997,44.0,0.8999,43.0
1753591903617,04:51:43.617,bybit,AERO/USDT:USDT,0.8996,2384.0,0.8995,1018.0,0.8997,44.0,0.8999,43.0
1753591903817,04:51:43.817,bybit,AERO/USDT:USDT,0.8996,2384.0,0.8995,1018.0,0.8997,44.0,0.8999,43.0
1753591904017,04:51:44.017,bybit,AERO/USDT:USDT,0.8996,2407.0,0.8995,1018.0,0.8997,44.0,0.8999,43.0
1753591904119,04:51:44.119,bybit,AERO/USDT:USDT,0.8996,2384.0,0.8995,1018.0,0.8997,44.0,0.8999,43.0
1753591904317,04:51:44.317,bybit,AERO/USDT:USDT,0.8996,2384.0,0.8995,1018.0,0.8997,44.0,0.8999,43.0
1753591904418,04:51:44.418,bybit,AERO/USDT:USDT,0.8996,2407.0,0.8995,1018.0,0.8997,44.0,0.8999,43.0
1753591904519,04:51:44.519,bybit,AERO/USDT:USDT,0.8996,2384.0,0.8995,1018.0,0.8997,44.0,0.8999,43.0
1753591905319,04:51:45.319,bybit,AERO/USDT:USDT,0.8996,2384.0,0.8995,1018.0,0.8997,44.0,0.8999,43.0
1753591905718,04:51:45.718,bybit,AERO/USDT:USDT,0.8996,2384.0,0.8995,1018.0,0.8997,44.0,0.8999,43.0
1753591905919,04:51:45.919,bybit,AERO/USDT:USDT,0.8996,2384.0,0.8995,1018.0,0.8997,44.0,0.8999,43.0
1753591906417,04:51:46.417,bybit,AERO/USDT:USDT,0.8996,2567.0,0.8995,1018.0,0.8997,44.0,0.8999,43.0
1753591907119,04:51:47.119,bybit,AERO/USDT:USDT,0.8996,2567.0,0.8995,1018.0,0.8997,44.0,0.8999,43.0
1753591907317,04:51:47.317,bybit,AERO/USDT:USDT,0.8996,2567.0,0.8995,1018.0,0.8997,44.0,0.8999,43.0
1753591908220,04:51:48.220,bybit,AERO/USDT:USDT,0.8996,2567.0,0.8995,1018.0,0.8997,44.0,0.8999,43.0
1753591908817,04:51:48.817,bybit,AERO/USDT:USDT,0.8996,2845.0,0.8995,1018.0,0.8997,44.0,0.8999,43.0
1753591908917,04:51:48.917,bybit,AERO/USDT:USDT,0.8996,2845.0,0.8995,1018.0,0.8997,44.0,0.8999,43.0
1753591909117,04:51:49.117,bybit,AERO/USDT:USDT,0.8996,2845.0,0.8995,1018.0,0.8997,44.0,0.8999,43.0
1753591909217,04:51:49.217,bybit,AERO/USDT:USDT,0.8996,2845.0,0.8995,995.0,0.8997,44.0,0.8999,43.0
1753591909418,04:51:49.418,bybit,AERO/USDT:USDT,0.8996,2845.0,0.8995,1018.0,0.8997,44.0,0.8999,43.0
1753591910019,04:51:50.019,bybit,AERO/USDT:USDT,0.8996,2845.0,0.8995,1018.0,0.8997,44.0,0.8999,43.0
1753591910119,04:51:50.119,bybit,AERO/USDT:USDT,0.8996,2862.0,0.8995,1018.0,0.8997,44.0,0.8999,43.0
1753591910619,04:51:50.619,bybit,AERO/USDT:USDT,0.8996,2862.0,0.8995,1018.0,0.8997,44.0,0.8999,43.0
1753591911119,04:51:51.119,bybit,AERO/USDT:USDT,0.8996,2862.0,0.8995,1018.0,0.8997,44.0,0.8999,43.0
1753591911517,04:51:51.517,bybit,AERO/USDT:USDT,0.8996,2862.0,0.8995,1018.0,0.8997,44.0,0.8999,43.0
1753591911619,04:51:51.619,bybit,AERO/USDT:USDT,0.8996,2862.0,0.8995,1018.0,0.8997,44.0,0.8999,43.0
1753591911717,04:51:51.717,bybit,AERO/USDT:USDT,0.8996,2291.0,0.8995,995.0,0.8997,44.0,0.8999,249.0
1753591911818,04:51:51.818,bybit,AERO/USDT:USDT,0.8996,2292.0,0.8995,931.0,0.8997,44.0,0.8999,792.0
1753591911917,04:51:51.917,bybit,AERO/USDT:USDT,0.8996,1989.0,0.8995,995.0,0.8997,44.0,0.8999,792.0
1753591912019,04:51:52.019,bybit,AERO/USDT:USDT,0.8996,2021.0,0.8995,1018.0,0.8997,44.0,0.8999,249.0
1753591912117,04:51:52.117,bybit,AERO/USDT:USDT,0.8996,2181.0,0.8995,1018.0,0.8997,44.0,0.8999,249.0
1753591912219,04:51:52.219,bybit,AERO/USDT:USDT,0.8996,2154.0,0.8995,1018.0,0.8997,44.0,0.8999,249.0
1753591912317,04:51:52.317,bybit,AERO/USDT:USDT,0.8996,2264.0,0.8995,1018.0,0.8997,44.0,0.8999,249.0
1753591912417,04:51:52.417,bybit,AERO/USDT:USDT,0.8996,2264.0,0.8995,1018.0,0.8997,44.0,0.8999,249.0
1753591912517,04:51:52.517,bybit,AERO/USDT:USDT,0.8996,2318.0,0.8995,1018.0,0.8997,44.0,0.8999,249.0
1753591912919,04:51:52.919,bybit,AERO/USDT:USDT,0.8996,2349.0,0.8995,1018.0,0.8997,44.0,0.8999,249.0
1753591913017,04:51:53.017,bybit,AERO/USDT:USDT,0.8996,2349.0,0.8995,1018.0,0.8997,44.0,0.8999,43.0
1753591913417,04:51:53.417,bybit,AERO/USDT:USDT,0.8996,2349.0,0.8995,1018.0,0.8997,44.0,0.8999,43.0
1753591913617,04:51:53.617,bybit,AERO/USDT:USDT,0.8996,2349.0,0.8995,1018.0,0.8997,44.0,0.8999,43.0
1753591913918,04:51:53.918,bybit,AERO/USDT:USDT,0.8996,2349.0,0.8995,1018.0,0.8997,44.0,0.8999,43.0
1753591914717,04:51:54.717,bybit,AERO/USDT:USDT,0.8996,2322.0,0.8995,995.0,0.8997,44.0,0.8999,43.0
1753591914817,04:51:54.817,bybit,AERO/USDT:USDT,0.8996,2322.0,0.8995,995.0,0.8997,44.0,0.8999,43.0
1753591915017,04:51:55.017,bybit,AERO/USDT:USDT,0.8996,2212.0,0.8995,1018.0,0.8997,44.0,0.8999,43.0
1753591915418,04:51:55.418,bybit,AERO/USDT:USDT,0.8996,2183.0,0.8995,995.0,0.8997,44.0,0.8999,43.0
1753591916217,04:51:56.217,bybit,AERO/USDT:USDT,0.8996,2048.0,0.8995,1018.0,0.8997,44.0,0.8999,43.0
1753591916417,04:51:56.417,bybit,AERO/USDT:USDT,0.8996,1938.0,0.8995,1018.0,0.8997,44.0,0.8999,43.0
1753591916519,04:51:56.519,bybit,AERO/USDT:USDT,0.8996,1938.0,0.8995,1018.0,0.8997,44.0,0.8999,43.0
1753591916719,04:51:56.719,bybit,AERO/USDT:USDT,0.8996,1938.0,0.8995,908.0,0.8997,44.0,0.8999,43.0
1753591918417,04:51:58.417,bybit,AERO/USDT:USDT,0.8996,1938.0,0.8995,908.0,0.8997,44.0,0.8999,43.0
1753591918720,04:51:58.720,bybit,AERO/USDT:USDT,0.8996,1828.0,0.8995,908.0,0.8997,44.0,0.8999,43.0
1753591918917,04:51:58.917,bybit,AERO/USDT:USDT,0.8996,1828.0,0.8995,908.0,0.8997,44.0,0.8999,43.0
1753591919017,04:51:59.017,bybit,AERO/USDT:USDT,0.8996,1828.0,0.8995,885.0,0.8997,38.0,0.8999,585.0
1753591919118,04:51:59.118,bybit,AERO/USDT:USDT,0.8996,1828.0,0.8995,885.0,0.8997,38.0,0.8999,585.0
1753591919219,04:51:59.219,bybit,AERO/USDT:USDT,0.8996,1953.0,0.8995,885.0,0.8997,38.0,0.8999,606.0
1753591919317,04:51:59.317,bybit,AERO/USDT:USDT,0.8996,1737.0,0.8995,885.0,0.8997,38.0,0.8999,606.0
1753591919419,04:51:59.419,bybit,AERO/USDT:USDT,0.8996,1572.0,0.8995,885.0,0.8997,38.0,0.8999,585.0
1753591920220,04:52:00.220,bybit,AERO/USDT:USDT,0.8996,1572.0,0.8995,885.0,0.8997,38.0,0.8999,585.0
1753591920417,04:52:00.417,bybit,AERO/USDT:USDT,0.8996,1572.0,0.8995,853.0,0.8997,38.0,0.8999,585.0
1753591920524,04:52:00.524,bybit,AERO/USDT:USDT,0.8996,1572.0,0.8995,885.0,0.8997,38.0,0.8999,585.0
1753591920718,04:52:00.718,bybit,AERO/USDT:USDT,0.8996,1604.0,0.8995,885.0,0.8997,38.0,0.8999,585.0
1753591920819,04:52:00.819,bybit,AERO/USDT:USDT,0.8996,1604.0,0.8995,885.0,0.8997,38.0,0.8999,585.0
1753591920919,04:52:00.919,bybit,AERO/USDT:USDT,0.8996,1572.0,0.8995,885.0,0.8997,38.0,0.8999,585.0
1753591921518,04:52:01.518,bybit,AERO/USDT:USDT,0.8998,565.0,0.8997,1322.0,0.8999,34.0,0.9,144.0
1753591921617,04:52:01.617,bybit,AERO/USDT:USDT,0.8998,595.0,0.8997,1136.0,0.8999,34.0,0.9,144.0
1753591921718,04:52:01.718,bybit,AERO/USDT:USDT,0.8998,595.0,0.8997,1136.0,0.8999,34.0,0.9,144.0
1753591922017,04:52:02.017,bybit,AERO/USDT:USDT,0.8999,572.0,0.8998,737.0,0.9,144.0,0.9001,1015.0
1753591922119,04:52:02.119,bybit,AERO/USDT:USDT,0.8999,572.0,0.8998,1293.0,0.9,144.0,0.9001,1015.0
1753591922318,04:52:02.318,bybit,AERO/USDT:USDT,0.8999,572.0,0.8998,1294.0,0.9,144.0,0.9001,1015.0
1753591922420,04:52:02.420,bybit,AERO/USDT:USDT,0.8999,572.0,0.8998,1294.0,0.9,144.0,0.9001,1015.0
1753591922520,04:52:02.520,bybit,AERO/USDT:USDT,0.8999,572.0,0.8998,1271.0,0.9,686.0,0.9001,1047.0
1753591922617,04:52:02.617,bybit,AERO/USDT:USDT,0.8999,542.0,0.8998,974.0,0.9,686.0,0.9001,1015.0
1753591922717,04:52:02.717,bybit,AERO/USDT:USDT,0.8999,542.0,0.8998,974.0,0.9,686.0,0.9001,1047.0
1753591922817,04:52:02.817,bybit,AERO/USDT:USDT,0.8999,542.0,0.8998,974.0,0.9,686.0,0.9001,1015.0
1753591922917,04:52:02.917,bybit,AERO/USDT:USDT,0.8999,542.0,0.8998,974.0,0.9,686.0,0.9001,1015.0
1753591923017,04:52:03.017,bybit,AERO/USDT:USDT,0.8999,542.0,0.8998,974.0,0.9,686.0,0.9001,1015.0
1753591923119,04:52:03.119,bybit,AERO/USDT:USDT,0.8999,542.0,0.8998,974.0,0.9,686.0,0.9001,1015.0
1753591923219,04:52:03.219,bybit,AERO/USDT:USDT,0.8999,542.0,0.8998,974.0,0.9,686.0,0.9001,1015.0
1753591923317,04:52:03.317,bybit,AERO/USDT:USDT,0.8999,542.0,0.8998,974.0,0.9,686.0,0.9001,1047.0
1753591924018,04:52:04.018,bybit,AERO/USDT:USDT,0.8999,542.0,0.8998,974.0,0.9,686.0,0.9001,1015.0
1753591924117,04:52:04.117,bybit,AERO/USDT:USDT,0.8999,542.0,0.8998,974.0,0.9,686.0,0.9001,1015.0
1753591924219,04:52:04.219,bybit,AERO/USDT:USDT,0.8999,542.0,0.8998,1239.0,0.9,144.0,0.9001,1015.0
1753591924319,04:52:04.319,bybit,AERO/USDT:USDT,0.8999,542.0,0.8998,1239.0,0.9,144.0,0.9001,1015.0
1753591924523,04:52:04.523,bybit,AERO/USDT:USDT,0.8999,542.0,0.8998,1239.0,0.9,144.0,0.9001,1015.0
1753591924617,04:52:04.617,bybit,AERO/USDT:USDT,0.8999,542.0,0.8998,1239.0,0.9,144.0,0.9001,1015.0
1753591925017,04:52:05.017,bybit,AERO/USDT:USDT,0.8999,542.0,0.8998,1239.0,0.9,144.0,0.9001,1015.0
1753591925518,04:52:05.518,bybit,AERO/USDT:USDT,0.8999,542.0,0.8998,1239.0,0.9,144.0,0.9001,1015.0
1753591925617,04:52:05.617,bybit,AERO/USDT:USDT,0.8999,542.0,0.8998,1239.0,0.9,144.0,0.9001,1015.0
1753591925917,04:52:05.917,bybit,AERO/USDT:USDT,0.8999,542.0,0.8998,1239.0,0.9,144.0,0.9001,1015.0
1753591926217,04:52:06.217,bybit,AERO/USDT:USDT,0.8999,542.0,0.8998,1239.0,0.9,683.0,0.9001,1630.0
1753591926719,04:52:06.719,bybit,AERO/USDT:USDT,0.8999,542.0,0.8998,974.0,0.9,683.0,0.9001,1630.0
1753591927718,04:52:07.718,bybit,AERO/USDT:USDT,0.8999,542.0,0.8998,974.0,0.9,683.0,0.9001,1630.0
1753591928019,04:52:08.019,bybit,AERO/USDT:USDT,0.8999,542.0,0.8998,974.0,0.9,683.0,0.9001,1630.0
1753591928117,04:52:08.117,bybit,AERO/USDT:USDT,0.8999,542.0,0.8998,974.0,0.9,683.0,0.9001,1630.0
1753591928319,04:52:08.319,bybit,AERO/USDT:USDT,0.8999,542.0,0.8998,974.0,0.9,683.0,0.9001,1630.0
1753591929218,04:52:09.218,bybit,AERO/USDT:USDT,0.8999,542.0,0.8998,974.0,0.9,144.0,0.9001,1598.0
1753591929319,04:52:09.319,bybit,AERO/USDT:USDT,0.8999,542.0,0.8998,974.0,0.9,144.0,0.9001,1630.0
1753591929419,04:52:09.419,bybit,AERO/USDT:USDT,0.8999,662.0,0.8998,1280.0,0.9,110.0,0.9001,1575.0
1753591929818,04:52:09.818,bybit,AERO/USDT:USDT,0.8999,662.0,0.8998,1280.0,0.9,110.0,0.9001,1015.0
1753591929919,04:52:09.919,bybit,AERO/USDT:USDT,0.8999,662.0,0.8998,1280.0,0.9,110.0,0.9001,1015.0
1753591930020,04:52:10.020,bybit,AERO/USDT:USDT,0.8999,662.0,0.8998,1280.0,0.9,110.0,0.9001,1015.0
1753591930319,04:52:10.319,bybit,AERO/USDT:USDT,0.8999,662.0,0.8998,1280.0,0.9,110.0,0.9001,1015.0
1753591930417,04:52:10.417,bybit,AERO/USDT:USDT,0.8999,662.0,0.8998,1280.0,0.9,110.0,0.9001,1015.0
1753591930918,04:52:10.918,bybit,AERO/USDT:USDT,0.8999,662.0,0.8998,1280.0,0.9,110.0,0.9001,1015.0
1753591931019,04:52:11.019,bybit,AERO/USDT:USDT,0.8999,662.0,0.8998,1280.0,0.9,110.0,0.9001,1015.0
1753591931117,04:52:11.117,bybit,AERO/USDT:USDT,0.8999,662.0,0.8998,1280.0,0.9,110.0,0.9001,1006.0
1753591931220,04:52:11.220,bybit,AERO/USDT:USDT,0.8999,662.0,0.8998,1280.0,0.9,110.0,0.9001,1006.0
1753591931317,04:52:11.317,bybit,AERO/USDT:USDT,0.8999,662.0,0.8998,1280.0,0.9,110.0,0.9001,1006.0
1753591932021,04:52:12.021,bybit,AERO/USDT:USDT,0.8999,662.0,0.8998,974.0,0.9,110.0,0.9001,1027.0
1753591932119,04:52:12.119,bybit,AERO/USDT:USDT,0.8999,662.0,0.8998,974.0,0.9,110.0,0.9001,1027.0
1753591932218,04:52:12.218,bybit,AERO/USDT:USDT,0.8999,662.0,0.8998,974.0,0.9,110.0,0.9001,1027.0
1753591932320,04:52:12.320,bybit,AERO/USDT:USDT,0.8999,662.0,0.8998,1280.0,0.9,110.0,0.9001,1027.0
1753591932419,04:52:12.419,bybit,AERO/USDT:USDT,0.8999,662.0,0.8998,1280.0,0.9,110.0,0.9001,1006.0
1753591932519,04:52:12.519,bybit,AERO/USDT:USDT,0.8999,662.0,0.8998,1280.0,0.9,110.0,0.9001,1006.0
1753591932619,04:52:12.619,bybit,AERO/USDT:USDT,0.8999,662.0,0.8998,1280.0,0.9,110.0,0.9001,1006.0
1753591932817,04:52:12.817,bybit,AERO/USDT:USDT,0.8999,662.0,0.8998,1280.0,0.9,110.0,0.9001,1006.0
1753591933119,04:52:13.119,bybit,AERO/USDT:USDT,0.8999,662.0,0.8998,1312.0,0.9,110.0,0.9001,1006.0
1753591933317,04:52:13.317,bybit,AERO/USDT:USDT,0.8999,662.0,0.8998,1312.0,0.9,110.0,0.9001,1006.0
1753591933418,04:52:13.418,bybit,AERO/USDT:USDT,0.8999,542.0,0.8998,1280.0,0.9,110.0,0.9001,1006.0
1753591933517,04:52:13.517,bybit,AERO/USDT:USDT,0.8999,542.0,0.8998,1280.0,0.9,110.0,0.9001,1006.0
1753591933818,04:52:13.818,bybit,AERO/USDT:USDT,0.8999,542.0,0.8998,1280.0,0.9,110.0,0.9001,1006.0
1753591933919,04:52:13.919,bybit,AERO/USDT:USDT,0.8999,542.0,0.8998,1006.0,0.9,110.0,0.9001,1006.0
1753591934418,04:52:14.418,bybit,AERO/USDT:USDT,0.8999,542.0,0.8998,1006.0,0.9,110.0,0.9001,1006.0
1753591934524,04:52:14.524,bybit,AERO/USDT:USDT,0.8999,542.0,0.8998,1290.0,0.9,110.0,0.9001,1006.0
1753591934819,04:52:14.819,bybit,AERO/USDT:USDT,0.8999,574.0,0.8998,1322.0,0.9,110.0,0.9001,1006.0
1753591934918,04:52:14.918,bybit,AERO/USDT:USDT,0.8999,542.0,0.8998,1322.0,0.9,110.0,0.9001,1006.0
1753591935018,04:52:15.018,bybit,AERO/USDT:USDT,0.8999,542.0,0.8998,1322.0,0.9,110.0,0.9001,1006.0
1753591935219,04:52:15.219,bybit,AERO/USDT:USDT,0.8999,542.0,0.8998,1322.0,0.9,110.0,0.9001,1006.0
1753591935617,04:52:15.617,bybit,AERO/USDT:USDT,0.8999,542.0,0.8998,1322.0,0.9,110.0,0.9001,1006.0
1753591935918,04:52:15.918,bybit,AERO/USDT:USDT,0.8999,542.0,0.8998,1322.0,0.9,110.0,0.9001,1006.0
1753591936017,04:52:16.017,bybit,AERO/USDT:USDT,0.8999,542.0,0.8998,1322.0,0.9,110.0,0.9001,1006.0
1753591937417,04:52:17.417,bybit,AERO/USDT:USDT,0.8999,542.0,0.8998,1290.0,0.9,110.0,0.9001,1006.0
1753591937618,04:52:17.618,bybit,AERO/USDT:USDT,0.8999,542.0,0.8998,1290.0,0.9,110.0,0.9001,1006.0
1753591938017,04:52:18.017,bybit,AERO/USDT:USDT,0.8999,542.0,0.8998,1322.0,0.9,110.0,0.9001,1006.0
1753591938717,04:52:18.717,bybit,AERO/USDT:USDT,0.8999,542.0,0.8998,1322.0,0.9,110.0,0.9001,1006.0
1753591938818,04:52:18.818,bybit,AERO/USDT:USDT,0.8999,574.0,0.8998,1322.0,0.9,110.0,0.9001,1006.0
1753591938919,04:52:18.919,bybit,AERO/USDT:USDT,0.8999,574.0,0.8998,1322.0,0.9,110.0,0.9001,1006.0
1753591939719,04:52:19.719,bybit,AERO/USDT:USDT,0.8999,574.0,0.8998,1322.0,0.9,110.0,0.9001,1006.0
1753591941018,04:52:21.018,bybit,AERO/USDT:USDT,0.8999,606.0,0.8998,1345.0,0.9,110.0,0.9001,1006.0
1753591941118,04:52:21.118,bybit,AERO/USDT:USDT,0.8999,741.0,0.8998,1345.0,0.9,110.0,0.9001,1006.0
1753591941317,04:52:21.317,bybit,AERO/USDT:USDT,0.8999,881.0,0.8998,1345.0,0.9,110.0,0.9001,1006.0
1753591941518,04:52:21.518,bybit,AERO/USDT:USDT,0.8999,771.0,0.8998,1322.0,0.9,110.0,0.9001,1006.0
1753591941620,04:52:21.620,bybit,AERO/USDT:USDT,0.8999,765.0,0.8998,1322.0,0.9,110.0,0.9001,1006.0
1753591941819,04:52:21.819,bybit,AERO/USDT:USDT,0.8999,765.0,0.8998,1322.0,0.9,110.0,0.9001,1006.0
1753591942420,04:52:22.420,bybit,AERO/USDT:USDT,0.8999,765.0,0.8998,1322.0,0.9,110.0,0.9001,1006.0
1753591942820,04:52:22.820,bybit,AERO/USDT:USDT,0.8999,765.0,0.8998,1322.0,0.9,110.0,0.9001,1006.0
1753591943219,04:52:23.219,bybit,AERO/USDT:USDT,0.8999,765.0,0.8998,1322.0,0.9,110.0,0.9001,1006.0
1753591943318,04:52:23.318,bybit,AERO/USDT:USDT,0.8999,765.0,0.8998,1322.0,0.9,110.0,0.9001,1006.0
1753591943419,04:52:23.419,bybit,AERO/USDT:USDT,0.8999,875.0,0.8998,1322.0,0.9,110.0,0.9001,1006.0
1753591943718,04:52:23.718,bybit,AERO/USDT:USDT,0.8999,875.0,0.8998,1322.0,0.9,110.0,0.9001,1006.0
1753591944118,04:52:24.118,bybit,AERO/USDT:USDT,0.9,729.0,0.8999,991.0,0.9001,1006.0,0.9002,18.0
1753591944220,04:52:24.220,bybit,AERO/USDT:USDT,0.9,619.0,0.8999,1000.0,0.9001,1006.0,0.9002,18.0
1753591944819,04:52:24.819,bybit,AERO/USDT:USDT,0.9,651.0,0.8999,1000.0,0.9001,1006.0,0.9002,18.0
1753591944918,04:52:24.918,bybit,AERO/USDT:USDT,0.9,651.0,0.8999,977.0,0.9001,1006.0,0.9002,18.0
1753591945318,04:52:25.318,bybit,AERO/USDT:USDT,0.9,621.0,0.8999,977.0,0.9001,1006.0,0.9002,18.0
1753591945417,04:52:25.417,bybit,AERO/USDT:USDT,0.9,621.0,0.8999,977.0,0.9001,1006.0,0.9002,18.0
1753591945919,04:52:25.919,bybit,AERO/USDT:USDT,0.9,589.0,0.8999,977.0,0.9001,1006.0,0.9002,575.0
1753591946019,04:52:26.019,bybit,AERO/USDT:USDT,0.9,557.0,0.8999,977.0,0.9001,1006.0,0.9002,619.0
1753591946119,04:52:26.119,bybit,AERO/USDT:USDT,0.9,589.0,0.8999,977.0,0.9001,1006.0,0.9002,575.0
1753591946217,04:52:26.217,bybit,AERO/USDT:USDT,0.9,557.0,0.8999,977.0,0.9001,1006.0,0.9002,575.0
1753591946418,04:52:26.418,bybit,AERO/USDT:USDT,0.9,589.0,0.8999,977.0,0.9001,1006.0,0.9002,575.0
1753591946525,04:52:26.525,bybit,AERO/USDT:USDT,0.9,621.0,0.8999,977.0,0.9001,1006.0,0.9002,575.0
1753591946918,04:52:26.918,bybit,AERO/USDT:USDT,0.9,589.0,0.8999,977.0,0.9001,1006.0,0.9002,575.0
1753591947617,04:52:27.617,bybit,AERO/USDT:USDT,0.9,557.0,0.8999,977.0,0.9001,1006.0,0.9002,598.0
1753591947919,04:52:27.919,bybit,AERO/USDT:USDT,0.9,621.0,0.8999,977.0,0.9001,1006.0,0.9002,575.0
1753591948119,04:52:28.119,bybit,AERO/USDT:USDT,0.9,621.0,0.8999,977.0,0.9001,1006.0,0.9002,575.0
1753591948219,04:52:28.219,bybit,AERO/USDT:USDT,0.9,589.0,0.8999,977.0,0.9001,1006.0,0.9002,598.0
1753591948319,04:52:28.319,bybit,AERO/USDT:USDT,0.9,557.0,0.8999,784.0,0.9001,1006.0,0.9002,630.0
1753591948418,04:52:28.418,bybit,AERO/USDT:USDT,0.9,557.0,0.8999,784.0,0.9001,1006.0,0.9002,651.0
1753591948523,04:52:28.523,bybit,AERO/USDT:USDT,0.9,557.0,0.8999,784.0,0.9001,1006.0,0.9002,628.0
1753591949317,04:52:29.317,bybit,AERO/USDT:USDT,0.9,557.0,0.8999,784.0,0.9001,1113.0,0.9002,651.0
1753591949418,04:52:29.418,bybit,AERO/USDT:USDT,0.9,557.0,0.8999,784.0,0.9001,1113.0,0.9002,651.0
1753591949519,04:52:29.519,bybit,AERO/USDT:USDT,0.9,557.0,0.8999,784.0,0.9001,1136.0,0.9002,651.0
1753591949618,04:52:29.618,bybit,AERO/USDT:USDT,0.9,557.0,0.8999,784.0,0.9001,1113.0,0.9002,651.0
1753591949817,04:52:29.817,bybit,AERO/USDT:USDT,0.9,557.0,0.8999,784.0,0.9001,1129.0,0.9002,651.0
1753591949918,04:52:29.918,bybit,AERO/USDT:USDT,0.9,557.0,0.8999,784.0,0.9001,1152.0,0.9002,651.0
1753591950018,04:52:30.018,bybit,AERO/USDT:USDT,0.8999,551.0,0.8998,1258.0,0.9,580.0,0.9001,1205.0
1753591950117,04:52:30.117,bybit,AERO/USDT:USDT,0.8999,551.0,0.8998,1258.0,0.9,580.0,0.9001,1205.0
1753591950220,04:52:30.220,bybit,AERO/USDT:USDT,0.8999,610.0,0.8998,1258.0,0.9,557.0,0.9001,1173.0
1753591951219,04:52:31.219,bybit,AERO/USDT:USDT,0.9,557.0,0.8999,886.0,0.9001,1129.0,0.9002,619.0
1753591951417,04:52:31.417,bybit,AERO/USDT:USDT,0.8999,610.0,0.8998,1290.0,0.9,557.0,0.9001,1150.0
1753591951718,04:52:31.718,bybit,AERO/USDT:USDT,0.8999,610.0,0.8998,1290.0,0.9,557.0,0.9001,1150.0
1753591952018,04:52:32.018,bybit,AERO/USDT:USDT,0.9,557.0,0.8999,834.0,0.9001,1150.0,0.9002,587.0
1753591952117,04:52:32.117,bybit,AERO/USDT:USDT,0.9,557.0,0.8999,834.0,0.9001,1129.0,0.9002,566.0
1753591952220,04:52:32.220,bybit,AERO/USDT:USDT,0.9,557.0,0.8999,834.0,0.9001,1129.0,0.9002,566.0
1753591952719,04:52:32.719,bybit,AERO/USDT:USDT,0.9,557.0,0.8999,834.0,0.9001,1129.0,0.9002,598.0
1753591953219,04:52:33.219,bybit,AERO/USDT:USDT,0.9,557.0,0.8999,834.0,0.9001,1129.0,0.9002,598.0
1753591953318,04:52:33.318,bybit,AERO/USDT:USDT,0.9,557.0,0.8999,834.0,0.9001,1129.0,0.9002,566.0
1753591954317,04:52:34.317,bybit,AERO/USDT:USDT,0.9,557.0,0.8999,834.0,0.9001,1129.0,0.9002,566.0
1753591954417,04:52:34.417,bybit,AERO/USDT:USDT,0.9,557.0,0.8999,834.0,0.9001,1129.0,0.9002,621.0
1753591955117,04:52:35.117,bybit,AERO/USDT:USDT,0.9,557.0,0.8999,834.0,0.9001,1129.0,0.9002,598.0
1753591955217,04:52:35.217,bybit,AERO/USDT:USDT,0.9,557.0,0.8999,834.0,0.9001,1129.0,0.9002,621.0
1753591955318,04:52:35.318,bybit,AERO/USDT:USDT,0.9,557.0,0.8999,834.0,0.9001,1129.0,0.9002,589.0
1753591955719,04:52:35.719,bybit,AERO/USDT:USDT,0.9,557.0,0.8999,834.0,0.9001,1129.0,0.9002,587.0
1753591955817,04:52:35.817,bybit,AERO/USDT:USDT,0.9,557.0,0.8999,834.0,0.9001,1129.0,0.9002,587.0
1753591955917,04:52:35.917,bybit,AERO/USDT:USDT,0.9,557.0,0.8999,834.0,0.9001,1129.0,0.9002,587.0
1753591956717,04:52:36.717,bybit,AERO/USDT:USDT,0.9,557.0,0.8999,834.0,0.9001,1129.0,0.9002,587.0
1753591956819,04:52:36.819,bybit,AERO/USDT:USDT,0.9,557.0,0.8999,834.0,0.9001,1129.0,0.9002,642.0
1753591957619,04:52:37.619,bybit,AERO/USDT:USDT,0.9,557.0,0.8999,834.0,0.9001,1129.0,0.9002,610.0
1753591957718,04:52:37.718,bybit,AERO/USDT:USDT,0.9,557.0,0.8999,834.0,0.9001,1129.0,0.9002,642.0
1753591957819,04:52:37.819,bybit,AERO/USDT:USDT,0.9,557.0,0.8999,834.0,0.9001,1128.0,0.9002,610.0
1753591957919,04:52:37.919,bybit,AERO/USDT:USDT,0.9,557.0,0.8999,834.0,0.9001,1128.0,0.9002,642.0
1753591958019,04:52:38.019,bybit,AERO/USDT:USDT,0.9,557.0,0.8999,834.0,0.9001,1128.0,0.9002,587.0
1753591958817,04:52:38.817,bybit,AERO/USDT:USDT,0.9,557.0,0.8999,866.0,0.9001,1128.0,0.9002,587.0
1753591959519,04:52:39.519,bybit,AERO/USDT:USDT,0.9,557.0,0.8999,866.0,0.9001,1128.0,0.9002,587.0
1753591959620,04:52:39.620,bybit,AERO/USDT:USDT,0.9,557.0,0.8999,866.0,0.9001,1128.0,0.9002,587.0
1753591959717,04:52:39.717,bybit,AERO/USDT:USDT,0.9,557.0,0.8999,866.0,0.9001,1128.0,0.9002,30.0
1753591959917,04:52:39.917,bybit,AERO/USDT:USDT,0.9,621.0,0.8999,898.0,0.9001,1128.0,0.9002,9.0
1753591960019,04:52:40.019,bybit,AERO/USDT:USDT,0.9,621.0,0.8999,898.0,0.9001,1128.0,0.9002,9.0
1753591960118,04:52:40.118,bybit,AERO/USDT:USDT,0.9,621.0,0.8999,898.0,0.9001,1128.0,0.9002,9.0
1753591960418,04:52:40.418,bybit,AERO/USDT:USDT,0.9,621.0,0.8999,898.0,0.9001,1128.0,0.9002,553.0
1753591960918,04:52:40.918,bybit,AERO/USDT:USDT,0.9,621.0,0.8999,898.0,0.9001,1128.0,0.9002,553.0
1753591961019,04:52:41.019,bybit,AERO/USDT:USDT,0.9,621.0,0.8999,898.0,0.9001,1128.0,0.9002,553.0
1753591961317,04:52:41.317,bybit,AERO/USDT:USDT,0.9,621.0,0.8999,898.0,0.9001,1128.0,0.9002,553.0
1753591961419,04:52:41.419,bybit,AERO/USDT:USDT,0.9,557.0,0.8999,898.0,0.9001,1128.0,0.9002,574.0
1753591961617,04:52:41.617,bybit,AERO/USDT:USDT,0.9,557.0,0.8999,834.0,0.9001,1128.0,0.9002,606.0
1753591962019,04:52:42.019,bybit,AERO/USDT:USDT,0.9,557.0,0.8999,834.0,0.9001,1128.0,0.9002,629.0
1753591962119,04:52:42.119,bybit,AERO/USDT:USDT,0.9,557.0,0.8999,834.0,0.9001,1128.0,0.9002,606.0
1753591962417,04:52:42.417,bybit,AERO/USDT:USDT,0.9,557.0,0.8999,866.0,0.9001,1128.0,0.9002,553.0
1753591962517,04:52:42.517,bybit,AERO/USDT:USDT,0.9,557.0,0.8999,834.0,0.9001,1128.0,0.9002,585.0
1753591962917,04:52:42.917,bybit,AERO/USDT:USDT,0.9,557.0,0.8999,834.0,0.9001,1128.0,0.9002,553.0
1753591963018,04:52:43.018,bybit,AERO/USDT:USDT,0.9,557.0,0.8999,834.0,0.9001,1128.0,0.9002,606.0
1753591963518,04:52:43.518,bybit,AERO/USDT:USDT,0.9,621.0,0.8999,898.0,0.9001,1128.0,0.9002,553.0
1753591964219,04:52:44.219,bybit,AERO/USDT:USDT,0.9,589.0,0.8999,898.0,0.9001,1128.0,0.9002,553.0
1753591964317,04:52:44.317,bybit,AERO/USDT:USDT,0.9,557.0,0.8999,898.0,0.9001,1128.0,0.9002,553.0
1753591964619,04:52:44.619,bybit,AERO/USDT:USDT,0.9,557.0,0.8999,898.0,0.9001,1128.0,0.9002,553.0
1753591964719,04:52:44.719,bybit,AERO/USDT:USDT,0.9,621.0,0.8999,898.0,0.9001,1119.0,0.9002,553.0
1753591965017,04:52:45.017,bybit,AERO/USDT:USDT,0.9,589.0,0.8999,898.0,0.9001,1119.0,0.9002,553.0
1753591965118,04:52:45.118,bybit,AERO/USDT:USDT,0.9,621.0,0.8999,898.0,0.9001,1119.0,0.9002,553.0
1753591965218,04:52:45.218,bybit,AERO/USDT:USDT,0.9,589.0,0.8999,898.0,0.9001,1119.0,0.9002,553.0
1753591966017,04:52:46.017,bybit,AERO/USDT:USDT,0.9,589.0,0.8999,898.0,0.9001,1119.0,0.9002,553.0
1753591966117,04:52:46.117,bybit,AERO/USDT:USDT,0.9,621.0,0.8999,898.0,0.9001,1119.0,0.9002,553.0
1753591966218,04:52:46.218,bybit,AERO/USDT:USDT,0.9,589.0,0.8999,898.0,0.9001,1119.0,0.9002,553.0
1753591966318,04:52:46.318,bybit,AERO/USDT:USDT,0.9,621.0,0.8999,898.0,0.9001,1119.0,0.9002,553.0
1753591966417,04:52:46.417,bybit,AERO/USDT:USDT,0.9,621.0,0.8999,898.0,0.9001,1119.0,0.9002,553.0
1753591966719,04:52:46.719,bybit,AERO/USDT:USDT,0.9,621.0,0.8999,898.0,0.9001,1119.0,0.9002,553.0
1753591967520,04:52:47.520,bybit,AERO/USDT:USDT,0.9,621.0,0.8999,898.0,0.9001,1119.0,0.9002,553.0
1753591967818,04:52:47.818,bybit,AERO/USDT:USDT,0.9,589.0,0.8999,898.0,0.9001,1119.0,0.9002,553.0
1753591967917,04:52:47.917,bybit,AERO/USDT:USDT,0.9,589.0,0.8999,898.0,0.9001,1119.0,0.9002,553.0
1753591968019,04:52:48.019,bybit,AERO/USDT:USDT,0.9,557.0,0.8999,898.0,0.9001,1119.0,0.9002,574.0
1753591969719,04:52:49.719,bybit,AERO/USDT:USDT,0.9,557.0,0.8999,898.0,0.9001,1119.0,0.9002,570.0
1753591969819,04:52:49.819,bybit,AERO/USDT:USDT,0.9,621.0,0.8999,898.0,0.9001,1119.0,0.9002,570.0
1753591970118,04:52:50.118,bybit,AERO/USDT:USDT,0.9,621.0,0.8999,898.0,0.9001,1119.0,0.9002,570.0
1753591970219,04:52:50.219,bybit,AERO/USDT:USDT,0.9,621.0,0.8999,898.0,0.9001,1119.0,0.9002,570.0
1753591970319,04:52:50.319,bybit,AERO/USDT:USDT,0.9,621.0,0.8999,898.0,0.9001,1119.0,0.9002,570.0
1753591970919,04:52:50.919,bybit,AERO/USDT:USDT,0.9,589.0,0.8999,898.0,0.9001,1119.0,0.9002,570.0
1753591971217,04:52:51.217,bybit,AERO/USDT:USDT,0.9,589.0,0.8999,898.0,0.9001,1119.0,0.9002,570.0
1753591971319,04:52:51.319,bybit,AERO/USDT:USDT,0.9,621.0,0.8999,898.0,0.9001,1119.0,0.9002,549.0
1753591971818,04:52:51.818,bybit,AERO/USDT:USDT,0.9,621.0,0.8999,898.0,0.9001,1124.0,0.9002,549.0
1753591971918,04:52:51.918,bybit,AERO/USDT:USDT,0.9,621.0,0.8999,898.0,0.9001,1124.0,0.9002,549.0
1753591972218,04:52:52.218,bybit,AERO/USDT:USDT,0.9,621.0,0.8999,898.0,0.9001,1124.0,0.9002,549.0
1753591973017,04:52:53.017,bybit,AERO/USDT:USDT,0.9,621.0,0.8999,898.0,0.9001,1124.0,0.9003,832.0
1753591973118,04:52:53.118,bybit,AERO/USDT:USDT,0.9,784.0,0.8999,921.0,0.9001,1124.0,0.9003,811.0
1753591973219,04:52:53.219,bybit,AERO/USDT:USDT,0.9,894.0,0.8999,898.0,0.9001,1124.0,0.9003,811.0
1753591973417,04:52:53.417,bybit,AERO/USDT:USDT,0.9,894.0,0.8999,898.0,0.9001,1124.0,0.9003,811.0
1753591973719,04:52:53.719,bybit,AERO/USDT:USDT,0.9,784.0,0.8999,898.0,0.9001,1124.0,0.9003,832.0
1753591973817,04:52:53.817,bybit,AERO/USDT:USDT,0.9,784.0,0.8999,898.0,0.9001,1124.0,0.9003,832.0
1753591974517,04:52:54.517,bybit,AERO/USDT:USDT,0.9,784.0,0.8999,898.0,0.9001,1124.0,0.9002,573.0
1753591974619,04:52:54.619,bybit,AERO/USDT:USDT,0.9,784.0,0.8999,898.0,0.9001,1124.0,0.9002,573.0
1753591974718,04:52:54.718,bybit,AERO/USDT:USDT,0.9,784.0,0.8999,898.0,0.9001,1124.0,0.9002,573.0
1753591975518,04:52:55.518,bybit,AERO/USDT:USDT,0.9,720.0,0.8999,898.0,0.9001,1124.0,0.9002,573.0
1753591976019,04:52:56.019,bybit,AERO/USDT:USDT,0.9,752.0,0.8999,898.0,0.9001,1124.0,0.9002,573.0
1753591976117,04:52:56.117,bybit,AERO/USDT:USDT,0.9,720.0,0.8999,898.0,0.9001,1124.0,0.9002,573.0
1753591976419,04:52:56.419,bybit,AERO/USDT:USDT,0.9,720.0,0.8999,898.0,0.9001,1124.0,0.9002,573.0
1753591976526,04:52:56.526,bybit,AERO/USDT:USDT,0.9,720.0,0.8999,898.0,0.9001,1124.0,0.9002,573.0
1753591977920,04:52:57.920,bybit,AERO/USDT:USDT,0.9,752.0,0.8999,898.0,0.9001,1124.0,0.9002,552.0
1753591978017,04:52:58.017,bybit,AERO/USDT:USDT,0.9,752.0,0.8999,898.0,0.9001,1124.0,0.9002,552.0
1753591978119,04:52:58.119,bybit,AERO/USDT:USDT,0.9,752.0,0.8999,898.0,0.9001,1124.0,0.9002,552.0
1753591978528,04:52:58.528,bybit,AERO/USDT:USDT,0.9,752.0,0.8999,898.0,0.9001,1124.0,0.9002,552.0
1753591979019,04:52:59.019,bybit,AERO/USDT:USDT,0.9,752.0,0.8999,898.0,0.9001,1124.0,0.9002,573.0
1753591979317,04:52:59.317,bybit,AERO/USDT:USDT,0.9,552.0,0.8999,770.0,0.9001,1124.0,0.9002,605.0
1753591979519,04:52:59.519,bybit,AERO/USDT:USDT,0.9,584.0,0.8999,901.0,0.9001,1124.0,0.9002,552.0
1753591979720,04:52:59.720,bybit,AERO/USDT:USDT,0.9,815.0,0.8999,901.0,0.9001,1124.0,0.9003,811.0
1753591979918,04:52:59.918,bybit,AERO/USDT:USDT,0.9,815.0,0.8999,1053.0,0.9001,1124.0,0.9003,60.0
1753591980018,04:53:00.018,bybit,AERO/USDT:USDT,0.9,948.0,0.8999,1053.0,0.9001,1124.0,0.9003,60.0
1753591980117,04:53:00.117,bybit,AERO/USDT:USDT,0.9,861.0,0.8999,1030.0,0.9001,1124.0,0.9003,612.0
1753591980219,04:53:00.219,bybit,AERO/USDT:USDT,0.9,861.0,0.8999,1030.0,0.9001,1124.0,0.9002,552.0
1753591980319,04:53:00.319,bybit,AERO/USDT:USDT,0.9,815.0,0.8999,1030.0,0.9001,1124.0,0.9003,839.0
1753591980417,04:53:00.417,bybit,AERO/USDT:USDT,0.9,925.0,0.8999,1053.0,0.9001,1124.0,0.9003,266.0
1753591980521,04:53:00.521,bybit,AERO/USDT:USDT,0.9,925.0,0.8999,1053.0,0.9001,1124.0,0.9003,60.0
1753591980617,04:53:00.617,bybit,AERO/USDT:USDT,0.9,925.0,0.8999,1053.0,0.9001,1124.0,0.9003,60.0
1753591980717,04:53:00.717,bybit,AERO/USDT:USDT,0.9,925.0,0.8999,1030.0,0.9001,1124.0,0.9003,612.0
1753591981318,04:53:01.318,bybit,AERO/USDT:USDT,0.9,1085.0,0.8999,1053.0,0.9001,1124.0,0.9003,612.0
1753591981717,04:53:01.717,bybit,AERO/USDT:USDT,0.9,1085.0,0.8999,1053.0,0.9001,1124.0,0.9003,818.0
1753591981819,04:53:01.819,bybit,AERO/USDT:USDT,0.9,911.0,0.8999,1030.0,0.9001,1124.0,0.9002,552.0
1753591982018,04:53:02.018,bybit,AERO/USDT:USDT,0.9,975.0,0.8999,1053.0,0.9001,1124.0,0.9003,818.0
1753591982117,04:53:02.117,bybit,AERO/USDT:USDT,0.9,943.0,0.8999,1030.0,0.9001,1124.0,0.9002,573.0
1753591982525,04:53:02.525,bybit,AERO/USDT:USDT,0.9,975.0,0.8999,1030.0,0.9001,1124.0,0.9002,573.0
1753591982618,04:53:02.618,bybit,AERO/USDT:USDT,0.9,943.0,0.8999,1030.0,0.9001,1124.0,0.9002,552.0
1753591982717,04:53:02.717,bybit,AERO/USDT:USDT,0.9,975.0,0.8999,1030.0,0.9001,1124.0,0.9002,552.0
1753591983219,04:53:03.219,bybit,AERO/USDT:USDT,0.9,911.0,0.8999,1030.0,0.9001,1124.0,0.9002,552.0
1753591983317,04:53:03.317,bybit,AERO/USDT:USDT,0.9,943.0,0.8999,1030.0,0.9001,1124.0,0.9002,552.0
1753591983719,04:53:03.719,bybit,AERO/USDT:USDT,0.9,911.0,0.8999,966.0,0.9001,1124.0,0.9002,552.0
1753591983817,04:53:03.817,bybit,AERO/USDT:USDT,0.9,712.0,0.8999,966.0,0.9001,1124.0,0.9002,552.0
1753591983919,04:53:03.919,bybit,AERO/USDT:USDT,0.9,712.0,0.8999,966.0,0.9001,1127.0,0.9002,584.0
1753591984118,04:53:04.118,bybit,AERO/USDT:USDT,0.9,712.0,0.8999,966.0,0.9001,1127.0,0.9002,584.0
1753591984317,04:53:04.317,bybit,AERO/USDT:USDT,0.9,712.0,0.8999,998.0,0.9001,1127.0,0.9002,552.0
1753591984417,04:53:04.417,bybit,AERO/USDT:USDT,0.9,712.0,0.8999,998.0,0.9001,1127.0,0.9002,552.0
1753591984520,04:53:04.520,bybit,AERO/USDT:USDT,0.9,712.0,0.8999,966.0,0.9001,1127.0,0.9002,552.0
1753591984719,04:53:04.719,bybit,AERO/USDT:USDT,0.9,750.0,0.8999,966.0,0.9001,1127.0,0.9002,573.0
1753591984919,04:53:04.919,bybit,AERO/USDT:USDT,0.9,712.0,0.8999,966.0,0.9001,1127.0,0.9002,573.0
1753591985017,04:53:05.017,bybit,AERO/USDT:USDT,0.9,712.0,0.8999,998.0,0.9001,1127.0,0.9002,573.0
1753591985218,04:53:05.218,bybit,AERO/USDT:USDT,0.9,712.0,0.8999,998.0,0.9001,1127.0,0.9002,573.0
1753591985318,04:53:05.318,bybit,AERO/USDT:USDT,0.9,712.0,0.8999,998.0,0.9001,1127.0,0.9002,552.0
1753591985418,04:53:05.418,bybit,AERO/USDT:USDT,0.9,712.0,0.8999,966.0,0.9001,1127.0,0.9002,552.0
1753591985517,04:53:05.517,bybit,AERO/USDT:USDT,0.9,712.0,0.8999,998.0,0.9001,1127.0,0.9002,552.0
1753591985618,04:53:05.618,bybit,AERO/USDT:USDT,0.9,712.0,0.8999,998.0,0.9001,1127.0,0.9002,552.0
1753591986218,04:53:06.218,bybit,AERO/USDT:USDT,0.9,712.0,0.8999,966.0,0.9001,1127.0,0.9002,552.0
1753591986319,04:53:06.319,bybit,AERO/USDT:USDT,0.9,712.0,0.8999,966.0,0.9001,1127.0,0.9002,552.0
1753591986819,04:53:06.819,bybit,AERO/USDT:USDT,0.9,712.0,0.8999,966.0,0.9001,1127.0,0.9002,552.0
1753591986917,04:53:06.917,bybit,AERO/USDT:USDT,0.9,712.0,0.8999,966.0,0.9001,1127.0,0.9002,573.0
1753591987118,04:53:07.118,bybit,AERO/USDT:USDT,0.9,695.0,0.8999,837.0,0.9001,1127.0,0.9002,573.0
1753591987218,04:53:07.218,bybit,AERO/USDT:USDT,0.9,695.0,0.8999,869.0,0.9001,1127.0,0.9002,552.0
1753591987319,04:53:07.319,bybit,AERO/USDT:USDT,0.9,727.0,0.8999,901.0,0.9001,1127.0,0.9002,552.0
1753591987719,04:53:07.719,bybit,AERO/USDT:USDT,0.9,727.0,0.8999,901.0,0.9001,1127.0,0.9002,552.0
1753591988317,04:53:08.317,bybit,AERO/USDT:USDT,0.9,727.0,0.8999,901.0,0.9001,1127.0,0.9002,552.0
1753591988618,04:53:08.618,bybit,AERO/USDT:USDT,0.9,695.0,0.8999,869.0,0.9001,1127.0,0.9002,552.0
1753591989318,04:53:09.318,bybit,AERO/USDT:USDT,0.9,695.0,0.8999,901.0,0.9001,1127.0,0.9002,552.0
1753591989418,04:53:09.418,bybit,AERO/USDT:USDT,0.9,727.0,0.8999,901.0,0.9001,1127.0,0.9002,552.0
1753591989917,04:53:09.917,bybit,AERO/USDT:USDT,0.9,727.0,0.8999,901.0,0.9001,1130.0,0.9002,552.0
1753591990017,04:53:10.017,bybit,AERO/USDT:USDT,0.9,695.0,0.8999,869.0,0.9001,1130.0,0.9002,552.0
1753591990520,04:53:10.520,bybit,AERO/USDT:USDT,0.9,762.0,0.8999,778.0,0.9001,1130.0,0.9002,552.0
1753591990619,04:53:10.619,bybit,AERO/USDT:USDT,0.9,762.0,0.8999,778.0,0.9001,1130.0,0.9002,552.0
1753591990720,04:53:10.720,bybit,AERO/USDT:USDT,0.9,762.0,0.8999,778.0,0.9001,1130.0,0.9002,552.0
1753591990817,04:53:10.817,bybit,AERO/USDT:USDT,0.9,762.0,0.8999,778.0,0.9001,1130.0,0.9002,584.0
1753591991117,04:53:11.117,bybit,AERO/USDT:USDT,0.9,762.0,0.8999,778.0,0.9001,1130.0,0.9002,628.0
1753591991219,04:53:11.219,bybit,AERO/USDT:USDT,0.9,762.0,0.8999,778.0,0.9001,1130.0,0.9002,628.0
1753591991619,04:53:11.619,bybit,AERO/USDT:USDT,0.9,762.0,0.8999,778.0,0.9001,1130.0,0.9002,605.0
1753591991819,04:53:11.819,bybit,AERO/USDT:USDT,0.9,227.0,0.8999,778.0,0.9001,1130.0,0.9002,628.0
1753591991920,04:53:11.920,bybit,AERO/USDT:USDT,0.9,227.0,0.8999,778.0,0.9001,1130.0,0.9002,628.0
1753591992418,04:53:12.418,bybit,AERO/USDT:USDT,0.8999,9.0,0.8998,9.0,0.9,743.0,0.9001,1384.0
1753591992617,04:53:12.617,bybit,AERO/USDT:USDT,0.8998,9.0,0.8997,551.0,0.9,743.0,0.9001,1384.0
1753591992717,04:53:12.717,bybit,AERO/USDT:USDT,0.8998,9.0,0.8997,551.0,0.8999,711.0,0.9,764.0
1753591992817,04:53:12.817,bybit,AERO/USDT:USDT,0.8998,9.0,0.8997,551.0,0.8999,711.0,0.9,764.0
1753591992919,04:53:12.919,bybit,AERO/USDT:USDT,0.8998,9.0,0.8997,793.0,0.8999,711.0,0.9,773.0
1753591993019,04:53:13.019,bybit,AERO/USDT:USDT,0.8998,9.0,0.8997,793.0,0.8999,711.0,0.9,773.0
1753591993117,04:53:13.117,bybit,AERO/USDT:USDT,0.8998,544.0,0.8997,551.0,0.8999,711.0,0.9,773.0
1753591993521,04:53:13.521,bybit,AERO/USDT:USDT,0.8998,9.0,0.8997,793.0,0.8999,711.0,0.9,773.0
1753591993919,04:53:13.919,bybit,AERO/USDT:USDT,0.8998,9.0,0.8997,793.0,0.8999,711.0,0.9,773.0
1753591994020,04:53:14.020,bybit,AERO/USDT:USDT,0.8998,9.0,0.8997,793.0,0.8999,711.0,0.9,773.0
1753591994219,04:53:14.219,bybit,AERO/USDT:USDT,0.8998,9.0,0.8997,793.0,0.8999,688.0,0.9,773.0
1753591994318,04:53:14.318,bybit,AERO/USDT:USDT,0.8998,9.0,0.8997,793.0,0.8999,688.0,0.9,773.0
1753591994719,04:53:14.719,bybit,AERO/USDT:USDT,0.8998,9.0,0.8997,793.0,0.8999,688.0,0.9,773.0
1753591995218,04:53:15.218,bybit,AERO/USDT:USDT,0.8998,9.0,0.8997,793.0,0.8999,688.0,0.9,773.0
1753591995618,04:53:15.618,bybit,AERO/USDT:USDT,0.8998,9.0,0.8997,793.0,0.8999,711.0,0.9,773.0
1753591995718,04:53:15.718,bybit,AERO/USDT:USDT,0.8998,9.0,0.8997,793.0,0.8999,711.0,0.9,773.0
1753591995918,04:53:15.918,bybit,AERO/USDT:USDT,0.8998,9.0,0.8997,793.0,0.8999,688.0,0.9,773.0
1753591996218,04:53:16.218,bybit,AERO/USDT:USDT,0.8998,9.0,0.8997,793.0,0.8999,688.0,0.9,750.0
1753591996418,04:53:16.418,bybit,AERO/USDT:USDT,0.8998,9.0,0.8997,793.0,0.8999,688.0,0.9,773.0
1753591996520,04:53:16.520,bybit,AERO/USDT:USDT,0.8998,9.0,0.8997,793.0,0.8999,688.0,0.9,741.0
1753591996719,04:53:16.719,bybit,AERO/USDT:USDT,0.8998,548.0,0.8997,793.0,0.8999,688.0,0.9,718.0
1753591996817,04:53:16.817,bybit,AERO/USDT:USDT,0.8998,548.0,0.8997,793.0,0.8999,688.0,0.9,718.0
1753591997018,04:53:17.018,bybit,AERO/USDT:USDT,0.8998,548.0,0.8997,793.0,0.8999,688.0,0.9,718.0
1753591997217,04:53:17.217,bybit,AERO/USDT:USDT,0.8998,548.0,0.8997,793.0,0.8999,688.0,0.9,718.0
1753591997317,04:53:17.317,bybit,AERO/USDT:USDT,0.8998,9.0,0.8997,793.0,0.8999,688.0,0.9,750.0
1753591997419,04:53:17.419,bybit,AERO/USDT:USDT,0.8998,9.0,0.8997,793.0,0.8999,688.0,0.9,750.0
1753591997918,04:53:17.918,bybit,AERO/USDT:USDT,0.8998,9.0,0.8997,793.0,0.8999,688.0,0.9,773.0
1753591998919,04:53:18.919,bybit,AERO/USDT:USDT,0.8998,548.0,0.8997,793.0,0.8999,688.0,0.9,688.0
1753591999019,04:53:19.019,bybit,AERO/USDT:USDT,0.8998,548.0,0.8997,793.0,0.8999,688.0,0.9,688.0
1753591999118,04:53:19.118,bybit,AERO/USDT:USDT,0.8998,548.0,0.8997,793.0,0.8999,688.0,0.9,697.0
1753591999219,04:53:19.219,bybit,AERO/USDT:USDT,0.8998,548.0,0.8997,793.0,0.8999,688.0,0.9,718.0
1753591999319,04:53:19.319,bybit,AERO/USDT:USDT,0.8998,548.0,0.8997,793.0,0.8999,688.0,0.9,718.0
1753591999517,04:53:19.517,bybit,AERO/USDT:USDT,0.8998,548.0,0.8997,793.0,0.8999,688.0,0.9,718.0
1753592000018,04:53:20.018,bybit,AERO/USDT:USDT,0.8998,548.0,0.8997,793.0,0.8999,688.0,0.9,697.0
1753592000117,04:53:20.117,bybit,AERO/USDT:USDT,0.8998,548.0,0.8997,825.0,0.8999,688.0,0.9,697.0
1753592000217,04:53:20.217,bybit,AERO/USDT:USDT,0.8998,548.0,0.8997,793.0,0.8999,688.0,0.9,697.0
1753592000720,04:53:20.720,bybit,AERO/USDT:USDT,0.8998,548.0,0.8997,825.0,0.8999,688.0,0.9,697.0
1753592000817,04:53:20.817,bybit,AERO/USDT:USDT,0.8998,548.0,0.8997,825.0,0.8999,688.0,0.9,697.0
1753592000917,04:53:20.917,bybit,AERO/USDT:USDT,0.8998,548.0,0.8997,825.0,0.8999,688.0,0.9,697.0
1753592001017,04:53:21.017,bybit,AERO/USDT:USDT,0.8998,548.0,0.8997,825.0,0.8999,688.0,0.9,697.0
1753592001217,04:53:21.217,bybit,AERO/USDT:USDT,0.8998,548.0,0.8997,825.0,0.8999,688.0,0.9,697.0
1753592001318,04:53:21.318,bybit,AERO/USDT:USDT,0.8998,548.0,0.8997,825.0,0.8999,688.0,0.9,697.0
1753592001519,04:53:21.519,bybit,AERO/USDT:USDT,0.8998,548.0,0.8997,825.0,0.8999,688.0,0.9,697.0
1753592001618,04:53:21.618,bybit,AERO/USDT:USDT,0.8998,548.0,0.8997,825.0,0.8999,688.0,0.9,697.0
1753592001718,04:53:21.718,bybit,AERO/USDT:USDT,0.8999,539.0,0.8998,785.0,0.9,697.0,0.9001,1329.0
1753592001817,04:53:21.817,bybit,AERO/USDT:USDT,0.8999,539.0,0.8998,785.0,0.9,697.0,0.9001,1308.0
1753592001919,04:53:21.919,bybit,AERO/USDT:USDT,0.8999,539.0,0.8998,785.0,0.9,697.0,0.9001,1308.0
1753592002017,04:53:22.017,bybit,AERO/USDT:USDT,0.8999,539.0,0.8998,785.0,0.9,697.0,0.9001,1308.0
1753592002117,04:53:22.117,bybit,AERO/USDT:USDT,0.8999,539.0,0.8998,785.0,0.9,697.0,0.9001,1340.0
1753592002219,04:53:22.219,bybit,AERO/USDT:USDT,0.8999,539.0,0.8998,785.0,0.9,697.0,0.9001,1340.0
1753592002319,04:53:22.319,bybit,AERO/USDT:USDT,0.8999,539.0,0.8998,785.0,0.9,697.0,0.9001,1308.0
1753592002524,04:53:22.524,bybit,AERO/USDT:USDT,0.8999,539.0,0.8998,785.0,0.9,697.0,0.9001,1340.0
1753592002618,04:53:22.618,bybit,AERO/USDT:USDT,0.8999,539.0,0.8998,785.0,0.9,697.0,0.9001,1308.0
1753592002817,04:53:22.817,bybit,AERO/USDT:USDT,0.8999,539.0,0.8998,785.0,0.9,697.0,0.9001,1308.0
1753592002919,04:53:22.919,bybit,AERO/USDT:USDT,0.8999,539.0,0.8998,785.0,0.9,697.0,0.9001,1308.0
1753592003218,04:53:23.218,bybit,AERO/USDT:USDT,0.8999,539.0,0.8998,817.0,0.9,697.0,0.9001,1308.0
1753592003418,04:53:23.418,bybit,AERO/USDT:USDT,0.8999,539.0,0.8998,817.0,0.9,544.0,0.9001,1308.0
1753592003617,04:53:23.617,bybit,AERO/USDT:USDT,0.8999,539.0,0.8998,817.0,0.9,9.0,0.9001,1139.0
1753592003719,04:53:23.719,bybit,AERO/USDT:USDT,0.8999,539.0,0.8998,1011.0,0.9,9.0,0.9001,1139.0
1753592004117,04:53:24.117,bybit,AERO/USDT:USDT,0.8999,539.0,0.8998,1011.0,0.9,9.0,0.9001,1139.0
1753592004317,04:53:24.317,bybit,AERO/USDT:USDT,0.8999,539.0,0.8998,1011.0,0.9,9.0,0.9001,1688.0
1753592004719,04:53:24.719,bybit,AERO/USDT:USDT,0.8999,539.0,0.8998,1011.0,0.9,558.0,0.9001,1709.0
1753592004819,04:53:24.819,bybit,AERO/USDT:USDT,0.8999,539.0,0.8998,1011.0,0.9,558.0,0.9001,1709.0
1753592004917,04:53:24.917,bybit,AERO/USDT:USDT,0.8999,539.0,0.8998,1011.0,0.9,558.0,0.9001,1709.0
1753592005118,04:53:25.118,bybit,AERO/USDT:USDT,0.8999,539.0,0.8998,1011.0,0.9,558.0,0.9001,1688.0
1753592005319,04:53:25.319,bybit,AERO/USDT:USDT,0.8999,539.0,0.8998,1011.0,0.9,558.0,0.9001,1688.0
1753592005418,04:53:25.418,bybit,AERO/USDT:USDT,0.8999,539.0,0.8998,1011.0,0.9,558.0,0.9001,1688.0
1753592005519,04:53:25.519,bybit,AERO/USDT:USDT,0.8999,539.0,0.8998,1011.0,0.9,558.0,0.9001,1688.0
1753592005719,04:53:25.719,bybit,AERO/USDT:USDT,0.8998,548.0,0.8997,825.0,0.8999,549.0,0.9,649.0
1753592005818,04:53:25.818,bybit,AERO/USDT:USDT,0.8998,558.0,0.8997,857.0,0.8999,549.0,0.9,649.0
1753592005918,04:53:25.918,bybit,AERO/USDT:USDT,0.8998,590.0,0.8997,857.0,0.8999,549.0,0.9,649.0
1753592006018,04:53:26.018,bybit,AERO/USDT:USDT,0.8998,590.0,0.8997,880.0,0.8999,549.0,0.9,649.0
1753592006117,04:53:26.117,bybit,AERO/USDT:USDT,0.8999,549.0,0.8998,590.0,0.9,649.0,0.9001,1759.0
1753592006917,04:53:26.917,bybit,AERO/USDT:USDT,0.8999,549.0,0.8998,834.0,0.9,671.0,0.9001,1754.0
1753592008218,04:53:28.218,bybit,AERO/USDT:USDT,0.8999,549.0,0.8998,834.0,0.9,671.0,0.9001,1733.0
1753592009018,04:53:29.018,bybit,AERO/USDT:USDT,0.8999,549.0,0.8998,834.0,0.9,671.0,0.9001,1733.0
1753592009117,04:53:29.117,bybit,AERO/USDT:USDT,0.8999,549.0,0.8998,802.0,0.9,671.0,0.9001,1733.0
1753592009518,04:53:29.518,bybit,AERO/USDT:USDT,0.8999,549.0,0.8998,834.0,0.9,671.0,0.9001,1733.0
1753592009619,04:53:29.619,bybit,AERO/USDT:USDT,0.8999,549.0,0.8998,834.0,0.9,671.0,0.9001,1733.0
1753592009918,04:53:29.918,bybit,AERO/USDT:USDT,0.8999,549.0,0.8998,834.0,0.9,671.0,0.9001,1733.0
1753592010517,04:53:30.517,bybit,AERO/USDT:USDT,0.8999,549.0,0.8998,834.0,0.9,671.0,0.9001,1733.0
1753592010920,04:53:30.920,bybit,AERO/USDT:USDT,0.8999,549.0,0.8998,834.0,0.9,707.0,0.9001,1733.0
1753592011218,04:53:31.218,bybit,AERO/USDT:USDT,0.8999,549.0,0.8998,834.0,0.9,707.0,0.9001,1733.0
1753592011319,04:53:31.319,bybit,AERO/USDT:USDT,0.8999,549.0,0.8998,834.0,0.9,707.0,0.9001,1733.0
1753592011521,04:53:31.521,bybit,AERO/USDT:USDT,0.8999,549.0,0.8998,834.0,0.9,707.0,0.9001,1733.0
1753592013918,04:53:33.918,bybit,AERO/USDT:USDT,0.8999,549.0,0.8998,834.0,0.9,707.0,0.9001,1733.0
1753592014418,04:53:34.418,bybit,AERO/USDT:USDT,0.8999,549.0,0.8998,834.0,0.9,707.0,0.9001,1733.0
1753592015319,04:53:35.319,bybit,AERO/USDT:USDT,0.8999,549.0,0.8998,834.0,0.9,707.0,0.9001,1733.0
1753592015617,04:53:35.617,bybit,AERO/USDT:USDT,0.8999,549.0,0.8998,1002.0,0.9,158.0,0.9001,1564.0
1753592015719,04:53:35.719,bybit,AERO/USDT:USDT,0.8999,581.0,0.8998,1002.0,0.9,158.0,0.9001,1564.0
1753592016019,04:53:36.019,bybit,AERO/USDT:USDT,0.8999,581.0,0.8998,1002.0,0.9,158.0,0.9001,1564.0
1753592016317,04:53:36.317,bybit,AERO/USDT:USDT,0.8999,581.0,0.8998,1002.0,0.9,158.0,0.9001,1564.0
1753592016419,04:53:36.419,bybit,AERO/USDT:USDT,0.8999,581.0,0.8998,1002.0,0.9,158.0,0.9001,1564.0
1753592016523,04:53:36.523,bybit,AERO/USDT:USDT,0.8999,581.0,0.8998,1002.0,0.9,158.0,0.9001,1564.0
1753592016617,04:53:36.617,bybit,AERO/USDT:USDT,0.8999,581.0,0.8998,1002.0,0.9,158.0,0.9001,1564.0
1753592016817,04:53:36.817,bybit,AERO/USDT:USDT,0.8999,581.0,0.8998,1002.0,0.9,717.0,0.9001,1564.0
1753592017717,04:53:37.717,bybit,AERO/USDT:USDT,0.8999,549.0,0.8998,1002.0,0.9,717.0,0.9001,1564.0
1753592017819,04:53:37.819,bybit,AERO/USDT:USDT,0.8999,549.0,0.8998,1034.0,0.9,717.0,0.9001,1564.0
1753592018018,04:53:38.018,bybit,AERO/USDT:USDT,0.8999,549.0,0.8998,1002.0,0.9,717.0,0.9001,558.0
1753592018117,04:53:38.117,bybit,AERO/USDT:USDT,0.8999,549.0,0.8998,1002.0,0.9,717.0,0.9001,558.0
1753592018219,04:53:38.219,bybit,AERO/USDT:USDT,0.8999,549.0,0.8998,970.0,0.9,717.0,0.9001,590.0
1753592018719,04:53:38.719,bybit,AERO/USDT:USDT,0.8999,549.0,0.8998,1002.0,0.9,717.0,0.9001,558.0
1753592018819,04:53:38.819,bybit,AERO/USDT:USDT,0.8999,581.0,0.8998,1034.0,0.9,717.0,0.9001,558.0
1753592019017,04:53:39.017,bybit,AERO/USDT:USDT,0.8999,581.0,0.8998,1034.0,0.9,717.0,0.9001,558.0
1753592019919,04:53:39.919,bybit,AERO/USDT:USDT,0.8999,581.0,0.8998,1034.0,0.9,717.0,0.9001,558.0
1753592020417,04:53:40.417,bybit,AERO/USDT:USDT,0.8999,613.0,0.8998,1057.0,0.9,149.0,0.9001,559.0
1753592020518,04:53:40.518,bybit,AERO/USDT:USDT,0.8999,613.0,0.8998,1353.0,0.9,149.0,0.9002,561.0
1753592020619,04:53:40.619,bybit,AERO/USDT:USDT,0.8999,743.0,0.8998,1353.0,0.9,149.0,0.9002,561.0
1753592020718,04:53:40.718,bybit,AERO/USDT:USDT,0.8999,743.0,0.8998,1353.0,0.9,149.0,0.9002,561.0
1753592020817,04:53:40.817,bybit,AERO/USDT:USDT,0.8999,743.0,0.8998,1353.0,0.9,149.0,0.9002,561.0
1753592021017,04:53:41.017,bybit,AERO/USDT:USDT,0.8999,743.0,0.8998,1353.0,0.9,149.0,0.9002,561.0
1753592021319,04:53:41.319,bybit,AERO/USDT:USDT,0.8999,743.0,0.8998,1353.0,0.9,149.0,0.9002,561.0
1753592021419,04:53:41.419,bybit,AERO/USDT:USDT,0.8999,773.0,0.8998,1353.0,0.9,149.0,0.9002,561.0
1753592021619,04:53:41.619,bybit,AERO/USDT:USDT,0.8999,773.0,0.8998,1353.0,0.9,149.0,0.9002,552.0
1753592022017,04:53:42.017,bybit,AERO/USDT:USDT,0.8999,773.0,0.8998,1353.0,0.9,149.0,0.9002,552.0
1753592023119,04:53:43.119,bybit,AERO/USDT:USDT,0.8999,879.0,0.8998,1353.0,0.9,149.0,0.9002,552.0
1753592023217,04:53:43.217,bybit,AERO/USDT:USDT,0.8999,989.0,0.8998,1353.0,0.9,149.0,0.9002,552.0
1753592023318,04:53:43.318,bybit,AERO/USDT:USDT,0.8999,1094.0,0.8998,1353.0,0.9,149.0,0.9002,552.0
1753592023419,04:53:43.419,bybit,AERO/USDT:USDT,0.8999,1094.0,0.8998,1353.0,0.9,149.0,0.9002,552.0
1753592023518,04:53:43.518,bybit,AERO/USDT:USDT,0.8999,1094.0,0.8998,1353.0,0.9,149.0,0.9002,552.0
1753592024020,04:53:44.020,bybit,AERO/USDT:USDT,0.8999,1094.0,0.8998,1353.0,0.9,149.0,0.9002,552.0
1753592024119,04:53:44.119,bybit,AERO/USDT:USDT,0.8999,984.0,0.8998,1330.0,0.9,149.0,0.9002,552.0
1753592024518,04:53:44.518,bybit,AERO/USDT:USDT,0.8999,984.0,0.8998,1353.0,0.9,149.0,0.9002,552.0
1753592025019,04:53:45.019,bybit,AERO/USDT:USDT,0.8999,1147.0,0.8998,1353.0,0.9,127.0,0.9002,552.0
1753592025119,04:53:45.119,bybit,AERO/USDT:USDT,0.8999,1147.0,0.8998,1353.0,0.9,127.0,0.9002,552.0
1753592025219,04:53:45.219,bybit,AERO/USDT:USDT,0.8999,1147.0,0.8998,1353.0,0.9,127.0,0.9002,552.0
1753592025817,04:53:45.817,bybit,AERO/USDT:USDT,0.8999,1257.0,0.8998,1353.0,0.9,127.0,0.9002,552.0
1753592026017,04:53:46.017,bybit,AERO/USDT:USDT,0.8999,1257.0,0.8998,1353.0,0.9,127.0,0.9002,552.0
1753592026118,04:53:46.118,bybit,AERO/USDT:USDT,0.8999,1257.0,0.8998,1330.0,0.9,127.0,0.9002,552.0
1753592026217,04:53:46.217,bybit,AERO/USDT:USDT,0.8999,1257.0,0.8998,1330.0,0.9,127.0,0.9002,552.0
1753592026318,04:53:46.318,bybit,AERO/USDT:USDT,0.8999,1257.0,0.8998,1353.0,0.9,127.0,0.9002,552.0
1753592026417,04:53:46.417,bybit,AERO/USDT:USDT,0.8999,1257.0,0.8998,1353.0,0.9,127.0,0.9002,552.0
1753592026518,04:53:46.518,bybit,AERO/USDT:USDT,0.8999,1257.0,0.8998,1353.0,0.9,127.0,0.9002,552.0
1753592026818,04:53:46.818,bybit,AERO/USDT:USDT,0.8999,1257.0,0.8998,1353.0,0.9,127.0,0.9002,552.0
1753592026919,04:53:46.919,bybit,AERO/USDT:USDT,0.8999,1257.0,0.8998,1353.0,0.9,127.0,0.9002,552.0
1753592027020,04:53:47.020,bybit,AERO/USDT:USDT,0.8999,1390.0,0.8998,1463.0,0.9,127.0,0.9002,552.0
1753592027119,04:53:47.119,bybit,AERO/USDT:USDT,0.8999,1500.0,0.8998,1469.0,0.9,127.0,0.9002,552.0
1753592027219,04:53:47.219,bybit,AERO/USDT:USDT,0.8999,1610.0,0.8998,1469.0,0.9,127.0,0.9002,561.0
1753592027319,04:53:47.319,bybit,AERO/USDT:USDT,0.8999,1587.0,0.8998,1469.0,0.9,127.0,0.9002,561.0
1753592027417,04:53:47.417,bybit,AERO/USDT:USDT,0.8999,1916.0,0.8998,1469.0,0.9,127.0,0.9002,561.0
1753592027517,04:53:47.517,bybit,AERO/USDT:USDT,0.8999,2071.0,0.8998,1469.0,0.9,127.0,0.9002,561.0
1753592027618,04:53:47.618,bybit,AERO/USDT:USDT,0.8999,2048.0,0.8998,1469.0,0.9,127.0,0.9002,561.0
1753592028117,04:53:48.117,bybit,AERO/USDT:USDT,0.9001,940.0,0.9,669.0,0.9003,793.0,0.9004,1103.0
1753592028217,04:53:48.217,bybit,AERO/USDT:USDT,0.9002,557.0,0.9001,667.0,0.9003,626.0,0.9004,713.0
1753592028320,04:53:48.320,bybit,AERO/USDT:USDT,0.9001,557.0,0.9,817.0,0.9002,557.0,0.9003,626.0
1753592028517,04:53:48.517,bybit,AERO/USDT:USDT,0.9001,557.0,0.9,578.0,0.9002,557.0,0.9003,626.0
1753592028617,04:53:48.617,bybit,AERO/USDT:USDT,0.9001,587.0,0.9,578.0,0.9002,557.0,0.9003,626.0
1753592028718,04:53:48.718,bybit,AERO/USDT:USDT,0.9001,587.0,0.9,555.0,0.9002,557.0,0.9003,626.0
1753592028817,04:53:48.817,bybit,AERO/USDT:USDT,0.9001,587.0,0.9,555.0,0.9002,557.0,0.9003,626.0
1753592029118,04:53:49.118,bybit,AERO/USDT:USDT,0.9001,587.0,0.9,555.0,0.9002,557.0,0.9003,626.0
1753592029219,04:53:49.219,bybit,AERO/USDT:USDT,0.9001,587.0,0.9,555.0,0.9002,557.0,0.9003,626.0
1753592029317,04:53:49.317,bybit,AERO/USDT:USDT,0.9001,557.0,0.9,555.0,0.9002,557.0,0.9003,626.0
1753592029519,04:53:49.519,bybit,AERO/USDT:USDT,0.9001,557.0,0.9,555.0,0.9002,557.0,0.9003,626.0
1753592029918,04:53:49.918,bybit,AERO/USDT:USDT,0.9001,557.0,0.9,555.0,0.9002,557.0,0.9003,626.0
1753592030617,04:53:50.617,bybit,AERO/USDT:USDT,0.9001,689.0,0.9,555.0,0.9002,557.0,0.9003,626.0
1753592031318,04:53:51.318,bybit,AERO/USDT:USDT,0.9001,689.0,0.9,555.0,0.9002,557.0,0.9003,626.0
1753592031418,04:53:51.418,bybit,AERO/USDT:USDT,0.9001,689.0,0.9,587.0,0.9002,557.0,0.9003,626.0
1753592031919,04:53:51.919,bybit,AERO/USDT:USDT,0.9001,689.0,0.9,587.0,0.9002,557.0,0.9003,626.0
1753592032118,04:53:52.118,bybit,AERO/USDT:USDT,0.9002,557.0,0.9001,570.0,0.9003,626.0,0.9004,846.0
1753592032218,04:53:52.218,bybit,AERO/USDT:USDT,0.9002,557.0,0.9001,570.0,0.9003,626.0,0.9004,713.0
1753592032317,04:53:52.317,bybit,AERO/USDT:USDT,0.9002,557.0,0.9001,570.0,0.9003,626.0,0.9004,713.0
1753592032418,04:53:52.418,bybit,AERO/USDT:USDT,0.9002,557.0,0.9001,570.0,0.9003,626.0,0.9004,713.0
1753592032520,04:53:52.520,bybit,AERO/USDT:USDT,0.9002,557.0,0.9001,570.0,0.9003,626.0,0.9004,713.0
1753592032617,04:53:52.617,bybit,AERO/USDT:USDT,0.9002,557.0,0.9001,570.0,0.9003,626.0,0.9004,713.0
1753592032817,04:53:52.817,bybit,AERO/USDT:USDT,0.9002,557.0,0.9001,570.0,0.9003,626.0,0.9004,713.0
1753592033117,04:53:53.117,bybit,AERO/USDT:USDT,0.9002,557.0,0.9001,570.0,0.9003,626.0,0.9004,713.0
1753592033619,04:53:53.619,bybit,AERO/USDT:USDT,0.9002,557.0,0.9001,570.0,0.9003,626.0,0.9004,713.0
1753592033719,04:53:53.719,bybit,AERO/USDT:USDT,0.9002,557.0,0.9001,570.0,0.9003,626.0,0.9004,713.0
1753592033819,04:53:53.819,bybit,AERO/USDT:USDT,0.9002,557.0,0.9001,570.0,0.9003,626.0,0.9004,713.0
1753592034019,04:53:54.019,bybit,AERO/USDT:USDT,0.9001,570.0,0.9,555.0,0.9002,555.0,0.9003,658.0
1753592034119,04:53:54.119,bybit,AERO/USDT:USDT,0.9001,570.0,0.9,555.0,0.9002,555.0,0.9003,658.0
1753592034219,04:53:54.219,bybit,AERO/USDT:USDT,0.9001,570.0,0.9,587.0,0.9002,555.0,0.9003,626.0
1753592034319,04:53:54.319,bybit,AERO/USDT:USDT,0.9001,570.0,0.9,587.0,0.9002,555.0,0.9003,626.0
1753592034419,04:53:54.419,bybit,AERO/USDT:USDT,0.9001,570.0,0.9,587.0,0.9002,555.0,0.9003,626.0
1753592035917,04:53:55.917,bybit,AERO/USDT:USDT,0.9001,570.0,0.9,555.0,0.9002,555.0,0.9003,626.0
1753592036518,04:53:56.518,bybit,AERO/USDT:USDT,0.9001,570.0,0.9,555.0,0.9002,555.0,0.9003,658.0
1753592036719,04:53:56.719,bybit,AERO/USDT:USDT,0.9001,570.0,0.9,587.0,0.9002,555.0,0.9003,626.0
1753592036918,04:53:56.918,bybit,AERO/USDT:USDT,0.9002,555.0,0.9001,570.0,0.9003,626.0,0.9004,883.0
1753592037019,04:53:57.019,bybit,AERO/USDT:USDT,0.9002,555.0,0.9001,570.0,0.9003,626.0,0.9004,851.0
1753592037218,04:53:57.218,bybit,AERO/USDT:USDT,0.9002,619.0,0.9001,634.0,0.9003,626.0,0.9004,681.0
1753592038218,04:53:58.218,bybit,AERO/USDT:USDT,0.9002,619.0,0.9001,634.0,0.9003,626.0,0.9004,681.0
1753592038319,04:53:58.319,bybit,AERO/USDT:USDT,0.9002,619.0,0.9001,634.0,0.9003,626.0,0.9004,681.0
1753592038418,04:53:58.418,bybit,AERO/USDT:USDT,0.9002,619.0,0.9001,634.0,0.9003,626.0,0.9004,681.0
1753592038918,04:53:58.918,bybit,AERO/USDT:USDT,0.9002,619.0,0.9001,634.0,0.9003,626.0,0.9004,681.0
1753592039717,04:53:59.717,bybit,AERO/USDT:USDT,0.9002,619.0,0.9001,634.0,0.9003,626.0,0.9004,681.0
1753592040219,04:54:00.219,bybit,AERO/USDT:USDT,0.9002,619.0,0.9001,634.0,0.9003,626.0,0.9004,681.0
1753592040318,04:54:00.318,bybit,AERO/USDT:USDT,0.9002,619.0,0.9001,634.0,0.9003,626.0,0.9004,681.0
1753592040618,04:54:00.618,bybit,AERO/USDT:USDT,0.9002,619.0,0.9001,634.0,0.9003,626.0,0.9004,681.0
1753592041117,04:54:01.117,bybit,AERO/USDT:USDT,0.9002,619.0,0.9001,634.0,0.9003,626.0,0.9004,681.0
1753592042119,04:54:02.119,bybit,AERO/USDT:USDT,0.9002,619.0,0.9001,634.0,0.9003,626.0,0.9004,681.0
1753592043018,04:54:03.018,bybit,AERO/USDT:USDT,0.9002,619.0,0.9001,634.0,0.9003,626.0,0.9004,681.0
1753592043118,04:54:03.118,bybit,AERO/USDT:USDT,0.9002,619.0,0.9001,634.0,0.9003,626.0,0.9004,681.0
1753592043218,04:54:03.218,bybit,AERO/USDT:USDT,0.9002,619.0,0.9001,634.0,0.9003,626.0,0.9004,681.0
1753592043317,04:54:03.317,bybit,AERO/USDT:USDT,0.9002,619.0,0.9001,634.0,0.9003,626.0,0.9004,681.0
1753592043417,04:54:03.417,bybit,AERO/USDT:USDT,0.9002,619.0,0.9001,634.0,0.9003,626.0,0.9004,681.0
1753592044219,04:54:04.219,bybit,AERO/USDT:USDT,0.9002,619.0,0.9001,634.0,0.9003,626.0,0.9004,681.0
1753592044917,04:54:04.917,bybit,AERO/USDT:USDT,0.9002,619.0,0.9001,634.0,0.9003,626.0,0.9004,681.0
1753592045117,04:54:05.117,bybit,AERO/USDT:USDT,0.9002,619.0,0.9001,634.0,0.9003,626.0,0.9004,681.0
1753592045220,04:54:05.220,bybit,AERO/USDT:USDT,0.9002,619.0,0.9001,634.0,0.9003,626.0,0.9004,681.0
1753592046317,04:54:06.317,bybit,AERO/USDT:USDT,0.9002,619.0,0.9001,634.0,0.9003,626.0,0.9004,681.0
1753592046619,04:54:06.619,bybit,AERO/USDT:USDT,0.9002,587.0,0.9001,634.0,0.9003,626.0,0.9004,704.0
1753592046919,04:54:06.919,bybit,AERO/USDT:USDT,0.9002,619.0,0.9001,634.0,0.9003,626.0,0.9004,681.0
1753592047017,04:54:07.017,bybit,AERO/USDT:USDT,0.9002,619.0,0.9001,643.0,0.9003,626.0,0.9004,681.0
1753592047819,04:54:07.819,bybit,AERO/USDT:USDT,0.9002,619.0,0.9001,643.0,0.9003,626.0,0.9004,681.0
1753592047919,04:54:07.919,bybit,AERO/USDT:USDT,0.9002,587.0,0.9001,643.0,0.9003,626.0,0.9004,702.0
1753592048018,04:54:08.018,bybit,AERO/USDT:USDT,0.9002,619.0,0.9001,643.0,0.9003,626.0,0.9004,702.0
1753592048118,04:54:08.118,bybit,AERO/USDT:USDT,0.9002,619.0,0.9001,643.0,0.9003,626.0,0.9004,681.0
1753592048317,04:54:08.317,bybit,AERO/USDT:USDT,0.9002,619.0,0.9001,643.0,0.9003,626.0,0.9004,681.0
1753592049219,04:54:09.219,bybit,AERO/USDT:USDT,0.9002,619.0,0.9001,643.0,0.9003,626.0,0.9004,681.0
1753592049317,04:54:09.317,bybit,AERO/USDT:USDT,0.9002,619.0,0.9001,643.0,0.9003,626.0,0.9004,681.0
1753592049519,04:54:09.519,bybit,AERO/USDT:USDT,0.9002,619.0,0.9001,643.0,0.9003,626.0,0.9004,702.0
1753592050018,04:54:10.018,bybit,AERO/USDT:USDT,0.9002,619.0,0.9001,643.0,0.9003,69.0,0.9004,681.0
1753592050117,04:54:10.117,bybit,AERO/USDT:USDT,0.9002,782.0,0.9001,666.0,0.9003,69.0,0.9004,681.0
1753592050220,04:54:10.220,bybit,AERO/USDT:USDT,0.9002,941.0,0.9001,1766.0,0.9003,60.0,0.9004,117.0
1753592050420,04:54:10.420,bybit,AERO/USDT:USDT,0.9002,1051.0,0.9001,1766.0,0.9003,60.0,0.9004,117.0
1753592050523,04:54:10.523,bybit,AERO/USDT:USDT,0.9003,643.0,0.9002,2199.0,0.9004,117.0,0.9006,261.0
1753592050618,04:54:10.618,bybit,AERO/USDT:USDT,0.9003,896.0,0.9002,2199.0,0.9004,117.0,0.9005,556.0
1753592050717,04:54:10.717,bybit,AERO/USDT:USDT,0.9003,643.0,0.9002,2208.0,0.9004,117.0,0.9005,556.0
1753592050819,04:54:10.819,bybit,AERO/USDT:USDT,0.9006,32.0,0.9005,629.0,0.9007,656.0,0.9008,571.0
1753592050919,04:54:10.919,bybit,AERO/USDT:USDT,0.9005,565.0,0.9004,646.0,0.9006,556.0,0.9007,656.0
1753592051017,04:54:11.017,bybit,AERO/USDT:USDT,0.9005,9.0,0.9004,925.0,0.9006,556.0,0.9007,656.0
1753592051119,04:54:11.119,bybit,AERO/USDT:USDT,0.9005,9.0,0.9004,565.0,0.9006,556.0,0.9007,656.0
1753592051217,04:54:11.217,bybit,AERO/USDT:USDT,0.9005,9.0,0.9004,565.0,0.9006,556.0,0.9007,656.0
1753592051320,04:54:11.320,bybit,AERO/USDT:USDT,0.9005,9.0,0.9004,565.0,0.9006,556.0,0.9007,688.0
1753592051517,04:54:11.517,bybit,AERO/USDT:USDT,0.9005,9.0,0.9004,807.0,0.9006,556.0,0.9007,688.0
1753592051818,04:54:11.818,bybit,AERO/USDT:USDT,0.9005,9.0,0.9004,807.0,0.9006,556.0,0.9007,688.0
1753592051918,04:54:11.918,bybit,AERO/USDT:USDT,0.9005,9.0,0.9004,807.0,0.9006,556.0,0.9007,688.0
1753592052117,04:54:12.117,bybit,AERO/USDT:USDT,0.9005,9.0,0.9004,807.0,0.9006,556.0,0.9007,688.0
1753592052219,04:54:12.219,bybit,AERO/USDT:USDT,0.9005,9.0,0.9004,807.0,0.9006,556.0,0.9007,709.0
1753592052318,04:54:12.318,bybit,AERO/USDT:USDT,0.9005,9.0,0.9004,807.0,0.9006,556.0,0.9007,709.0
1753592052618,04:54:12.618,bybit,AERO/USDT:USDT,0.9005,9.0,0.9004,807.0,0.9006,556.0,0.9007,709.0
1753592052819,04:54:12.819,bybit,AERO/USDT:USDT,0.9005,9.0,0.9004,807.0,0.9006,556.0,0.9007,709.0
1753592052917,04:54:12.917,bybit,AERO/USDT:USDT,0.9005,9.0,0.9004,807.0,0.9006,556.0,0.9007,709.0
1753592053217,04:54:13.217,bybit,AERO/USDT:USDT,0.9005,9.0,0.9004,807.0,0.9006,556.0,0.9007,709.0
1753592053417,04:54:13.417,bybit,AERO/USDT:USDT,0.9005,9.0,0.9004,807.0,0.9006,556.0,0.9007,709.0
1753592053618,04:54:13.618,bybit,AERO/USDT:USDT,0.9005,9.0,0.9004,807.0,0.9006,556.0,0.9007,709.0
1753592053819,04:54:13.819,bybit,AERO/USDT:USDT,0.9005,9.0,0.9004,807.0,0.9006,556.0,0.9007,709.0
1753592054317,04:54:14.317,bybit,AERO/USDT:USDT,0.9005,9.0,0.9004,807.0,0.9006,556.0,0.9007,709.0
1753592054519,04:54:14.519,bybit,AERO/USDT:USDT,0.9005,9.0,0.9004,807.0,0.9006,556.0,0.9007,709.0
1753592056317,04:54:16.317,bybit,AERO/USDT:USDT,0.9005,9.0,0.9004,807.0,0.9006,556.0,0.9007,709.0
1753592056419,04:54:16.419,bybit,AERO/USDT:USDT,0.9005,9.0,0.9004,807.0,0.9006,556.0,0.9007,709.0
1753592056517,04:54:16.517,bybit,AERO/USDT:USDT,0.9005,9.0,0.9004,807.0,0.9006,556.0,0.9007,709.0
1753592056817,04:54:16.817,bybit,AERO/USDT:USDT,0.9005,9.0,0.9004,807.0,0.9006,556.0,0.9007,709.0
1753592057119,04:54:17.119,bybit,AERO/USDT:USDT,0.9005,601.0,0.9004,1038.0,0.9006,556.0,0.9007,665.0
1753592057519,04:54:17.519,bybit,AERO/USDT:USDT,0.9005,601.0,0.9004,1038.0,0.9006,556.0,0.9007,665.0
1753592057617,04:54:17.617,bybit,AERO/USDT:USDT,0.9005,601.0,0.9004,1038.0,0.9006,556.0,0.9007,665.0
1753592057819,04:54:17.819,bybit,AERO/USDT:USDT,0.9005,601.0,0.9004,1038.0,0.9006,556.0,0.9007,665.0
1753592058117,04:54:18.117,bybit,AERO/USDT:USDT,0.9005,601.0,0.9004,1038.0,0.9006,556.0,0.9007,665.0
1753592058319,04:54:18.319,bybit,AERO/USDT:USDT,0.9005,569.0,0.9004,1038.0,0.9006,556.0,0.9007,665.0
1753592058418,04:54:18.418,bybit,AERO/USDT:USDT,0.9005,569.0,0.9004,1006.0,0.9006,556.0,0.9007,665.0
1753592059418,04:54:19.418,bybit,AERO/USDT:USDT,0.9005,569.0,0.9004,974.0,0.9006,556.0,0.9007,665.0
1753592060522,04:54:20.522,bybit,AERO/USDT:USDT,0.9005,601.0,0.9004,1038.0,0.9006,556.0,0.9007,665.0
1753592061119,04:54:21.119,bybit,AERO/USDT:USDT,0.9005,569.0,0.9004,1038.0,0.9006,556.0,0.9007,665.0
1753592061318,04:54:21.318,bybit,AERO/USDT:USDT,0.9005,633.0,0.9004,1038.0,0.9006,556.0,0.9007,665.0
1753592062117,04:54:22.117,bybit,AERO/USDT:USDT,0.9005,633.0,0.9004,1038.0,0.9006,556.0,0.9007,665.0
1753592062419,04:54:22.419,bybit,AERO/USDT:USDT,0.9005,633.0,0.9004,1038.0,0.9006,556.0,0.9007,665.0
1753592062520,04:54:22.520,bybit,AERO/USDT:USDT,0.9005,633.0,0.9004,1038.0,0.9006,556.0,0.9007,665.0
1753592062619,04:54:22.619,bybit,AERO/USDT:USDT,0.9005,633.0,0.9004,1038.0,0.9006,556.0,0.9007,665.0
1753592062717,04:54:22.717,bybit,AERO/USDT:USDT,0.9005,41.0,0.9004,1038.0,0.9006,556.0,0.9007,665.0
1753592062919,04:54:22.919,bybit,AERO/USDT:USDT,0.9005,9.0,0.9004,807.0,0.9006,556.0,0.9007,741.0
1753592063117,04:54:23.117,bybit,AERO/USDT:USDT,0.9004,807.0,0.9003,981.0,0.9006,556.0,0.9007,718.0
1753592063219,04:54:23.219,bybit,AERO/USDT:USDT,0.9004,807.0,0.9003,981.0,0.9006,556.0,0.9007,718.0
1753592063319,04:54:23.319,bybit,AERO/USDT:USDT,0.9004,807.0,0.9003,1013.0,0.9006,556.0,0.9007,718.0
1753592063418,04:54:23.418,bybit,AERO/USDT:USDT,0.9004,871.0,0.9003,1013.0,0.9006,556.0,0.9007,665.0
1753592063517,04:54:23.517,bybit,AERO/USDT:USDT,0.9004,871.0,0.9003,1013.0,0.9006,556.0,0.9007,665.0
1753592063718,04:54:23.718,bybit,AERO/USDT:USDT,0.9004,871.0,0.9003,1013.0,0.9006,556.0,0.9007,665.0
1753592063918,04:54:23.918,bybit,AERO/USDT:USDT,0.9004,871.0,0.9003,1013.0,0.9006,556.0,0.9007,665.0
1753592064020,04:54:24.020,bybit,AERO/USDT:USDT,0.9005,581.0,0.9004,1053.0,0.9006,556.0,0.9007,656.0
1753592064119,04:54:24.119,bybit,AERO/USDT:USDT,0.9005,581.0,0.9004,1053.0,0.9006,556.0,0.9007,656.0
1753592064217,04:54:24.217,bybit,AERO/USDT:USDT,0.9005,581.0,0.9004,1053.0,0.9006,556.0,0.9007,665.0
1753592065619,04:54:25.619,bybit,AERO/USDT:USDT,0.9005,574.0,0.9004,1053.0,0.9006,556.0,0.9007,665.0
1753592065717,04:54:25.717,bybit,AERO/USDT:USDT,0.9005,606.0,0.9004,1053.0,0.9006,556.0,0.9007,665.0
1753592065819,04:54:25.819,bybit,AERO/USDT:USDT,0.9005,606.0,0.9004,1053.0,0.9006,556.0,0.9007,665.0
1753592065919,04:54:25.919,bybit,AERO/USDT:USDT,0.9005,606.0,0.9004,1053.0,0.9006,556.0,0.9007,665.0
1753592066217,04:54:26.217,bybit,AERO/USDT:USDT,0.9006,542.0,0.9005,817.0,0.9007,665.0,0.9008,813.0
1753592066319,04:54:26.319,bybit,AERO/USDT:USDT,0.9006,542.0,0.9005,817.0,0.9007,665.0,0.9008,580.0
1753592066419,04:54:26.419,bybit,AERO/USDT:USDT,0.9006,606.0,0.9005,849.0,0.9007,105.0,0.9008,580.0
1753592066521,04:54:26.521,bybit,AERO/USDT:USDT,0.9006,606.0,0.9005,849.0,0.9007,647.0,0.9008,580.0
1753592066817,04:54:26.817,bybit,AERO/USDT:USDT,0.9006,606.0,0.9005,849.0,0.9007,647.0,0.9008,580.0
1753592067218,04:54:27.218,bybit,AERO/USDT:USDT,0.9006,606.0,0.9005,849.0,0.9007,647.0,0.9008,580.0
1753592067618,04:54:27.618,bybit,AERO/USDT:USDT,0.9006,606.0,0.9005,849.0,0.9007,647.0,0.9008,580.0
1753592068117,04:54:28.117,bybit,AERO/USDT:USDT,0.9005,606.0,0.9004,1385.0,0.9006,542.0,0.9007,647.0
1753592068218,04:54:28.218,bybit,AERO/USDT:USDT,0.9005,606.0,0.9004,1385.0,0.9006,542.0,0.9007,647.0
1753592068319,04:54:28.319,bybit,AERO/USDT:USDT,0.9005,542.0,0.9004,1385.0,0.9006,542.0,0.9007,647.0
1753592068419,04:54:28.419,bybit,AERO/USDT:USDT,0.9005,574.0,0.9004,1385.0,0.9006,542.0,0.9007,647.0
1753592068518,04:54:28.518,bybit,AERO/USDT:USDT,0.9005,606.0,0.9004,1385.0,0.9006,542.0,0.9007,647.0
1753592068619,04:54:28.619,bybit,AERO/USDT:USDT,0.9005,574.0,0.9004,1385.0,0.9006,542.0,0.9007,647.0
1753592068719,04:54:28.719,bybit,AERO/USDT:USDT,0.9005,574.0,0.9004,1385.0,0.9006,542.0,0.9007,647.0
1753592068819,04:54:28.819,bybit,AERO/USDT:USDT,0.9005,574.0,0.9004,1182.0,0.9006,542.0,0.9007,647.0
1753592069217,04:54:29.217,bybit,AERO/USDT:USDT,0.9005,606.0,0.9004,1182.0,0.9006,542.0,0.9007,647.0
1753592069319,04:54:29.319,bybit,AERO/USDT:USDT,0.9005,606.0,0.9004,1205.0,0.9006,542.0,0.9007,647.0
1753592070117,04:54:30.117,bybit,AERO/USDT:USDT,0.9004,1118.0,0.9003,981.0,0.9006,542.0,0.9007,677.0
1753592070220,04:54:30.220,bybit,AERO/USDT:USDT,0.9004,589.0,0.9003,921.0,0.9005,542.0,0.9006,542.0
1753592070317,04:54:30.317,bybit,AERO/USDT:USDT,0.9004,589.0,0.9003,953.0,0.9006,542.0,0.9007,812.0
1753592070419,04:54:30.419,bybit,AERO/USDT:USDT,0.9004,653.0,0.9003,985.0,0.9006,542.0,0.9007,562.0
1753592070517,04:54:30.517,bybit,AERO/USDT:USDT,0.9004,653.0,0.9003,985.0,0.9006,542.0,0.9007,562.0
1753592070617,04:54:30.617,bybit,AERO/USDT:USDT,0.9005,542.0,0.9004,653.0,0.9006,542.0,0.9007,562.0
1753592070718,04:54:30.718,bybit,AERO/USDT:USDT,0.9005,542.0,0.9004,653.0,0.9006,542.0,0.9007,562.0
1753592071319,04:54:31.319,bybit,AERO/USDT:USDT,0.9005,542.0,0.9004,653.0,0.9006,542.0,0.9007,562.0
1753592071432,04:54:31.432,bybit,AERO/USDT:USDT,0.9005,542.0,0.9004,653.0,0.9006,542.0,0.9007,562.0
1753592071717,04:54:31.717,bybit,AERO/USDT:USDT,0.9005,542.0,0.9004,653.0,0.9006,542.0,0.9007,562.0
1753592071818,04:54:31.818,bybit,AERO/USDT:USDT,0.9005,542.0,0.9004,653.0,0.9006,542.0,0.9007,562.0
1753592072017,04:54:32.017,bybit,AERO/USDT:USDT,0.9005,542.0,0.9004,653.0,0.9006,542.0,0.9007,562.0
1753592072520,04:54:32.520,bybit,AERO/USDT:USDT,0.9005,542.0,0.9004,653.0,0.9006,542.0,0.9007,562.0
1753592072618,04:54:32.618,bybit,AERO/USDT:USDT,0.9005,542.0,0.9004,653.0,0.9006,542.0,0.9007,562.0
1753592072718,04:54:32.718,bybit,AERO/USDT:USDT,0.9005,542.0,0.9004,653.0,0.9006,542.0,0.9007,562.0
1753592072819,04:54:32.819,bybit,AERO/USDT:USDT,0.9005,542.0,0.9004,621.0,0.9006,542.0,0.9007,594.0
1753592073019,04:54:33.019,bybit,AERO/USDT:USDT,0.9005,542.0,0.9004,621.0,0.9006,542.0,0.9007,562.0
1753592073117,04:54:33.117,bybit,AERO/USDT:USDT,0.9005,542.0,0.9004,621.0,0.9006,542.0,0.9007,562.0
1753592073219,04:54:33.219,bybit,AERO/USDT:USDT,0.9005,542.0,0.9004,653.0,0.9006,542.0,0.9007,562.0
1753592074217,04:54:34.217,bybit,AERO/USDT:USDT,0.9004,589.0,0.9003,985.0,0.9006,542.0,0.9007,638.0
1753592074319,04:54:34.319,bybit,AERO/USDT:USDT,0.9004,589.0,0.9003,985.0,0.9006,542.0,0.9007,638.0
1753592074417,04:54:34.417,bybit,AERO/USDT:USDT,0.9004,589.0,0.9003,985.0,0.9006,542.0,0.9007,638.0
1753592074617,04:54:34.617,bybit,AERO/USDT:USDT,0.9004,33.0,0.9003,921.0,0.9005,551.0,0.9006,597.0
1753592074720,04:54:34.720,bybit,AERO/USDT:USDT,0.9004,33.0,0.9003,921.0,0.9005,606.0,0.9006,627.0
1753592074919,04:54:34.919,bybit,AERO/USDT:USDT,0.9004,584.0,0.9003,921.0,0.9005,551.0,0.9006,627.0
1753592075018,04:54:35.018,bybit,AERO/USDT:USDT,0.9004,584.0,0.9003,921.0,0.9005,551.0,0.9006,627.0
1753592075319,04:54:35.319,bybit,AERO/USDT:USDT,0.9004,584.0,0.9003,921.0,0.9005,551.0,0.9006,627.0
1753592075519,04:54:35.519,bybit,AERO/USDT:USDT,0.9004,584.0,0.9003,921.0,0.9005,551.0,0.9006,627.0
1753592076319,04:54:36.319,bybit,AERO/USDT:USDT,0.9004,584.0,0.9003,921.0,0.9005,551.0,0.9006,627.0
1753592076617,04:54:36.617,bybit,AERO/USDT:USDT,0.9004,24.0,0.9003,365.0,0.9005,700.0,0.9006,627.0
1753592076817,04:54:36.817,bybit,AERO/USDT:USDT,0.9004,24.0,0.9003,365.0,0.9005,700.0,0.9006,627.0
1753592076920,04:54:36.920,bybit,AERO/USDT:USDT,0.9004,24.0,0.9003,15.0,0.9005,700.0,0.9006,627.0
1753592077018,04:54:37.018,bybit,AERO/USDT:USDT,0.9004,24.0,0.9003,15.0,0.9005,700.0,0.9006,627.0
1753592077319,04:54:37.319,bybit,AERO/USDT:USDT,0.9004,24.0,0.9003,307.0,0.9005,668.0,0.9006,627.0
1753592077419,04:54:37.419,bybit,AERO/USDT:USDT,0.9004,24.0,0.9003,307.0,0.9005,668.0,0.9006,627.0
1753592077719,04:54:37.719,bybit,AERO/USDT:USDT,0.9004,24.0,0.9003,307.0,0.9005,668.0,0.9006,627.0
1753592077818,04:54:37.818,bybit,AERO/USDT:USDT,0.9004,24.0,0.9003,307.0,0.9005,645.0,0.9006,627.0
1753592077917,04:54:37.917,bybit,AERO/USDT:USDT,0.9004,24.0,0.9003,307.0,0.9005,645.0,0.9006,627.0
1753592078019,04:54:38.019,bybit,AERO/USDT:USDT,0.9004,24.0,0.9003,307.0,0.9005,645.0,0.9006,627.0
1753592078119,04:54:38.119,bybit,AERO/USDT:USDT,0.9004,24.0,0.9003,307.0,0.9005,645.0,0.9006,627.0
1753592078219,04:54:38.219,bybit,AERO/USDT:USDT,0.9004,24.0,0.9003,307.0,0.9005,668.0,0.9006,627.0
1753592078319,04:54:38.319,bybit,AERO/USDT:USDT,0.9004,24.0,0.9003,307.0,0.9005,668.0,0.9006,627.0
1753592078817,04:54:38.817,bybit,AERO/USDT:USDT,0.9004,24.0,0.9003,307.0,0.9005,700.0,0.9006,627.0
1753592078918,04:54:38.918,bybit,AERO/USDT:USDT,0.9004,24.0,0.9003,307.0,0.9005,700.0,0.9006,627.0
1753592079018,04:54:39.018,bybit,AERO/USDT:USDT,0.9004,24.0,0.9003,307.0,0.9005,700.0,0.9006,627.0
1753592079418,04:54:39.418,bybit,AERO/USDT:USDT,0.9004,24.0,0.9003,307.0,0.9005,700.0,0.9006,627.0
1753592079517,04:54:39.517,bybit,AERO/USDT:USDT,0.9004,24.0,0.9003,307.0,0.9005,645.0,0.9006,627.0
1753592079617,04:54:39.617,bybit,AERO/USDT:USDT,0.9004,24.0,0.9003,307.0,0.9005,668.0,0.9006,627.0
1753592079819,04:54:39.819,bybit,AERO/USDT:USDT,0.9004,24.0,0.9003,307.0,0.9005,668.0,0.9006,627.0
1753592080320,04:54:40.320,bybit,AERO/USDT:USDT,0.9004,24.0,0.9003,307.0,0.9005,700.0,0.9006,627.0
1753592080525,04:54:40.525,bybit,AERO/USDT:USDT,0.9004,24.0,0.9003,307.0,0.9005,700.0,0.9006,627.0
1753592080617,04:54:40.617,bybit,AERO/USDT:USDT,0.9004,24.0,0.9003,307.0,0.9005,863.0,0.9006,627.0
1753592081817,04:54:41.817,bybit,AERO/USDT:USDT,0.9004,24.0,0.9003,307.0,0.9005,831.0,0.9006,627.0
1753592081918,04:54:41.918,bybit,AERO/USDT:USDT,0.9002,16.0,0.9001,284.0,0.9003,551.0,0.9004,759.0
1753592082018,04:54:42.018,bybit,AERO/USDT:USDT,0.9002,16.0,0.9001,9.0,0.9003,551.0,0.9004,789.0
1753592082117,04:54:42.117,bybit,AERO/USDT:USDT,0.9002,16.0,0.9001,9.0,0.9003,551.0,0.9004,789.0
1753592082418,04:54:42.418,bybit,AERO/USDT:USDT,0.9002,7.0,0.9001,273.0,0.9003,551.0,0.9004,789.0
1753592082523,04:54:42.523,bybit,AERO/USDT:USDT,0.9002,7.0,0.9001,273.0,0.9003,551.0,0.9004,789.0
1753592082618,04:54:42.618,bybit,AERO/USDT:USDT,0.9002,7.0,0.9001,273.0,0.9003,561.0,0.9004,789.0
1753592082719,04:54:42.719,bybit,AERO/USDT:USDT,0.9002,7.0,0.9001,9.0,0.9003,940.0,0.9004,789.0
1753592082817,04:54:42.817,bybit,AERO/USDT:USDT,0.9002,7.0,0.9001,9.0,0.9003,940.0,0.9004,789.0
1753592082917,04:54:42.917,bybit,AERO/USDT:USDT,0.9002,7.0,0.9,510.0,0.9003,940.0,0.9004,789.0
1753592083218,04:54:43.218,bybit,AERO/USDT:USDT,0.9002,169.0,0.9,716.0,0.9003,931.0,0.9004,789.0
1753592083420,04:54:43.420,bybit,AERO/USDT:USDT,0.9002,169.0,0.9,716.0,0.9003,931.0,0.9004,789.0
1753592083919,04:54:43.919,bybit,AERO/USDT:USDT,0.9002,169.0,0.9,716.0,0.9003,931.0,0.9004,789.0
1753592084219,04:54:44.219,bybit,AERO/USDT:USDT,0.9002,169.0,0.9,716.0,0.9003,931.0,0.9004,789.0
1753592084523,04:54:44.523,bybit,AERO/USDT:USDT,0.9002,169.0,0.9,716.0,0.9003,908.0,0.9004,789.0
1753592084817,04:54:44.817,bybit,AERO/USDT:USDT,0.9002,169.0,0.9,716.0,0.9003,908.0,0.9004,789.0
1753592084917,04:54:44.917,bybit,AERO/USDT:USDT,0.9002,169.0,0.9,716.0,0.9003,908.0,0.9004,766.0
1753592085218,04:54:45.218,bybit,AERO/USDT:USDT,0.9002,169.0,0.9,716.0,0.9003,908.0,0.9004,766.0
1753592086019,04:54:46.019,bybit,AERO/USDT:USDT,0.9002,169.0,0.9,716.0,0.9003,908.0,0.9004,789.0
1753592086118,04:54:46.118,bybit,AERO/USDT:USDT,0.9002,169.0,0.9001,858.0,0.9003,908.0,0.9004,734.0
1753592086218,04:54:46.218,bybit,AERO/USDT:USDT,0.9002,169.0,0.9001,858.0,0.9003,908.0,0.9004,734.0
1753592086318,04:54:46.318,bybit,AERO/USDT:USDT,0.9002,169.0,0.9001,858.0,0.9003,714.0,0.9004,734.0
1753592086417,04:54:46.417,bybit,AERO/USDT:USDT,0.9002,169.0,0.9001,858.0,0.9003,714.0,0.9004,734.0
1753592086617,04:54:46.617,bybit,AERO/USDT:USDT,0.9002,169.0,0.9001,858.0,0.9003,714.0,0.9004,734.0
1753592087017,04:54:47.017,bybit,AERO/USDT:USDT,0.9002,169.0,0.9001,858.0,0.9003,714.0,0.9004,734.0
1753592087117,04:54:47.117,bybit,AERO/USDT:USDT,0.9002,721.0,0.9001,945.0,0.9003,561.0,0.9004,713.0
1753592087218,04:54:47.218,bybit,AERO/USDT:USDT,0.9002,721.0,0.9001,945.0,0.9003,561.0,0.9004,713.0
1753592087319,04:54:47.319,bybit,AERO/USDT:USDT,0.9002,808.0,0.9001,2240.0,0.9003,10.0,0.9004,560.0
1753592087417,04:54:47.417,bybit,AERO/USDT:USDT,0.9002,808.0,0.9001,2240.0,0.9003,10.0,0.9004,560.0
1753592087517,04:54:47.517,bybit,AERO/USDT:USDT,0.9002,808.0,0.9001,2240.0,0.9003,10.0,0.9004,560.0
1753592087818,04:54:47.818,bybit,AERO/USDT:USDT,0.9002,785.0,0.9001,1140.0,0.9003,10.0,0.9004,560.0
1753592087919,04:54:47.919,bybit,AERO/USDT:USDT,0.9002,785.0,0.9001,1140.0,0.9003,562.0,0.9004,560.0
1753592088018,04:54:48.018,bybit,AERO/USDT:USDT,0.9002,753.0,0.9001,1140.0,0.9003,562.0,0.9004,560.0
1753592088118,04:54:48.118,bybit,AERO/USDT:USDT,0.9002,785.0,0.9001,1140.0,0.9003,562.0,0.9004,560.0
1753592088419,04:54:48.419,bybit,AERO/USDT:USDT,0.9002,785.0,0.9001,1140.0,0.9003,562.0,0.9004,560.0
1753592088520,04:54:48.520,bybit,AERO/USDT:USDT,0.9002,785.0,0.9001,1140.0,0.9003,562.0,0.9004,560.0
1753592088619,04:54:48.619,bybit,AERO/USDT:USDT,0.9002,785.0,0.9001,1140.0,0.9003,552.0,0.9004,560.0
1753592089819,04:54:49.819,bybit,AERO/USDT:USDT,0.9002,785.0,0.9001,1140.0,0.9003,552.0,0.9004,560.0
1753592090518,04:54:50.518,bybit,AERO/USDT:USDT,0.9002,753.0,0.9001,1117.0,0.9003,552.0,0.9004,560.0
1753592090617,04:54:50.617,bybit,AERO/USDT:USDT,0.9002,753.0,0.9001,1140.0,0.9003,552.0,0.9004,560.0
1753592090917,04:54:50.917,bybit,AERO/USDT:USDT,0.9002,753.0,0.9001,1117.0,0.9003,552.0,0.9004,560.0
1753592091117,04:54:51.117,bybit,AERO/USDT:USDT,0.9002,169.0,0.9001,1117.0,0.9003,552.0,0.9004,560.0
1753592091218,04:54:51.218,bybit,AERO/USDT:USDT,0.9002,169.0,0.9001,1117.0,0.9003,552.0,0.9004,581.0
1753592091319,04:54:51.319,bybit,AERO/USDT:USDT,0.9002,169.0,0.9001,1117.0,0.9003,552.0,0.9004,581.0
1753592092118,04:54:52.118,bybit,AERO/USDT:USDT,0.9002,785.0,0.9001,1117.0,0.9003,552.0,0.9004,560.0
1753592092317,04:54:52.317,bybit,AERO/USDT:USDT,0.9002,753.0,0.9001,1140.0,0.9003,552.0,0.9004,560.0
1753592093217,04:54:53.217,bybit,AERO/USDT:USDT,0.9002,753.0,0.9001,1140.0,0.9003,552.0,0.9004,560.0
1753592094021,04:54:54.021,bybit,AERO/USDT:USDT,0.9002,721.0,0.9001,1085.0,0.9003,552.0,0.9004,560.0
1753592094120,04:54:54.120,bybit,AERO/USDT:USDT,0.9002,169.0,0.9001,867.0,0.9003,552.0,0.9004,592.0
1753592094218,04:54:54.218,bybit,AERO/USDT:USDT,0.9002,169.0,0.9001,867.0,0.9003,552.0,0.9004,592.0
1753592094419,04:54:54.419,bybit,AERO/USDT:USDT,0.9002,169.0,0.9001,899.0,0.9003,552.0,0.9004,560.0
1753592094517,04:54:54.517,bybit,AERO/USDT:USDT,0.9002,169.0,0.9001,867.0,0.9003,552.0,0.9004,560.0
1753592094917,04:54:54.917,bybit,AERO/USDT:USDT,0.9002,169.0,0.9001,867.0,0.9003,552.0,0.9004,560.0
1753592095020,04:54:55.020,bybit,AERO/USDT:USDT,0.9002,169.0,0.9001,867.0,0.9003,552.0,0.9004,592.0
1753592095118,04:54:55.118,bybit,AERO/USDT:USDT,0.9002,704.0,0.9001,899.0,0.9003,552.0,0.9004,560.0
1753592095219,04:54:55.219,bybit,AERO/USDT:USDT,0.9002,704.0,0.9001,922.0,0.9003,552.0,0.9004,560.0
1753592095319,04:54:55.319,bybit,AERO/USDT:USDT,0.9002,704.0,0.9001,922.0,0.9003,552.0,0.9004,560.0
1753592095417,04:54:55.417,bybit,AERO/USDT:USDT,0.9002,704.0,0.9001,867.0,0.9003,552.0,0.9004,560.0
1753592095817,04:54:55.817,bybit,AERO/USDT:USDT,0.9002,704.0,0.9001,867.0,0.9003,552.0,0.9004,592.0
1753592095918,04:54:55.918,bybit,AERO/USDT:USDT,0.9002,704.0,0.9001,867.0,0.9003,552.0,0.9004,592.0
1753592096018,04:54:56.018,bybit,AERO/USDT:USDT,0.9002,704.0,0.9001,867.0,0.9003,552.0,0.9004,592.0
1753592097120,04:54:57.120,bybit,AERO/USDT:USDT,0.9002,704.0,0.9001,867.0,0.9003,552.0,0.9004,592.0
1753592097419,04:54:57.419,bybit,AERO/USDT:USDT,0.9003,599.0,0.9002,1306.0,0.9004,560.0,0.9005,995.0
1753592097517,04:54:57.517,bybit,AERO/USDT:USDT,0.9003,599.0,0.9002,1306.0,0.9004,560.0,0.9005,995.0
1753592097617,04:54:57.617,bybit,AERO/USDT:USDT,0.9003,599.0,0.9002,1100.0,0.9004,560.0,0.9005,995.0
1753592097719,04:54:57.719,bybit,AERO/USDT:USDT,0.9003,599.0,0.9002,1100.0,0.9004,560.0,0.9005,995.0
1753592097817,04:54:57.817,bybit,AERO/USDT:USDT,0.9003,599.0,0.9002,1100.0,0.9004,560.0,0.9005,995.0
1753592097918,04:54:57.918,bybit,AERO/USDT:USDT,0.9003,599.0,0.9002,1100.0,0.9004,560.0,0.9005,901.0
1753592098019,04:54:58.019,bybit,AERO/USDT:USDT,0.9003,599.0,0.9002,1100.0,0.9004,560.0,0.9005,901.0
1753592098118,04:54:58.118,bybit,AERO/USDT:USDT,0.9003,599.0,0.9002,1391.0,0.9004,9.0,0.9005,713.0
1753592098219,04:54:58.219,bybit,AERO/USDT:USDT,0.9004,535.0,0.9003,795.0,0.9005,654.0,0.9006,551.0
1753592098319,04:54:58.319,bybit,AERO/USDT:USDT,0.9004,535.0,0.9003,795.0,0.9005,654.0,0.9006,583.0
1753592098419,04:54:58.419,bybit,AERO/USDT:USDT,0.9004,535.0,0.9003,772.0,0.9005,654.0,0.9006,583.0
1753592098720,04:54:58.720,bybit,AERO/USDT:USDT,0.9004,535.0,0.9003,772.0,0.9005,654.0,0.9006,583.0
1753592098920,04:54:58.920,bybit,AERO/USDT:USDT,0.9004,535.0,0.9003,772.0,0.9005,654.0,0.9006,583.0
1753592099018,04:54:59.018,bybit,AERO/USDT:USDT,0.9004,567.0,0.9003,1035.0,0.9005,94.0,0.9006,542.0
1753592099219,04:54:59.219,bybit,AERO/USDT:USDT,0.9004,599.0,0.9003,1012.0,0.9005,94.0,0.9006,542.0
1753592099418,04:54:59.418,bybit,AERO/USDT:USDT,0.9004,599.0,0.9003,1035.0,0.9005,94.0,0.9006,542.0
1753592099519,04:54:59.519,bybit,AERO/USDT:USDT,0.9004,599.0,0.9003,1035.0,0.9005,94.0,0.9006,542.0
1753592099619,04:54:59.619,bybit,AERO/USDT:USDT,0.9004,599.0,0.9003,1035.0,0.9005,94.0,0.9006,542.0
1753592099818,04:54:59.818,bybit,AERO/USDT:USDT,0.9004,599.0,0.9003,1012.0,0.9005,94.0,0.9006,542.0
1753592100019,04:55:00.019,bybit,AERO/USDT:USDT,0.9004,599.0,0.9003,1012.0,0.9005,94.0,0.9006,542.0
1753592100117,04:55:00.117,bybit,AERO/USDT:USDT,0.9003,980.0,0.9002,1377.0,0.9005,629.0,0.9006,551.0
1753592100217,04:55:00.217,bybit,AERO/USDT:USDT,0.9003,772.0,0.9002,1313.0,0.9005,629.0,0.9006,572.0
1753592100317,04:55:00.317,bybit,AERO/USDT:USDT,0.9003,237.0,0.9002,1313.0,0.9005,629.0,0.9006,572.0
1753592100420,04:55:00.420,bybit,AERO/USDT:USDT,0.9003,802.0,0.9002,1343.0,0.9005,629.0,0.9006,551.0
1753592100542,04:55:00.542,bybit,AERO/USDT:USDT,0.9003,802.0,0.9002,1374.0,0.9005,629.0,0.9006,551.0
1753592100619,04:55:00.619,bybit,AERO/USDT:USDT,0.9003,772.0,0.9002,1343.0,0.9005,629.0,0.9006,551.0
1753592100718,04:55:00.718,bybit,AERO/USDT:USDT,0.9004,535.0,0.9003,781.0,0.9005,629.0,0.9006,551.0
1753592100819,04:55:00.819,bybit,AERO/USDT:USDT,0.9004,535.0,0.9003,781.0,0.9005,629.0,0.9006,551.0
1753592100919,04:55:00.919,bybit,AERO/USDT:USDT,0.9004,535.0,0.9003,811.0,0.9005,629.0,0.9006,551.0
1753592101017,04:55:01.017,bybit,AERO/USDT:USDT,0.9004,535.0,0.9003,985.0,0.9005,629.0,0.9006,551.0
1753592101318,04:55:01.318,bybit,AERO/USDT:USDT,0.9004,535.0,0.9003,985.0,0.9005,629.0,0.9006,551.0
1753592101417,04:55:01.417,bybit,AERO/USDT:USDT,0.9004,535.0,0.9003,985.0,0.9005,629.0,0.9006,551.0
1753592101517,04:55:01.517,bybit,AERO/USDT:USDT,0.9004,596.0,0.9003,1039.0,0.9005,94.0,0.9006,551.0
1753592101619,04:55:01.619,bybit,AERO/USDT:USDT,0.9004,596.0,0.9003,1016.0,0.9005,94.0,0.9006,551.0
1753592101820,04:55:01.820,bybit,AERO/USDT:USDT,0.9004,596.0,0.9003,1039.0,0.9005,94.0,0.9006,551.0
1753592101917,04:55:01.917,bybit,AERO/USDT:USDT,0.9004,748.0,0.9003,1039.0,0.9005,94.0,0.9006,9.0
1753592102019,04:55:02.019,bybit,AERO/USDT:USDT,0.9004,748.0,0.9003,1039.0,0.9005,94.0,0.9006,9.0
1753592102520,04:55:02.520,bybit,AERO/USDT:USDT,0.9004,748.0,0.9003,1039.0,0.9005,94.0,0.9006,544.0
1753592102917,04:55:02.917,bybit,AERO/USDT:USDT,0.9004,725.0,0.9003,1016.0,0.9005,94.0,0.9006,544.0
1753592103021,04:55:03.021,bybit,AERO/USDT:USDT,0.9004,664.0,0.9003,1016.0,0.9005,629.0,0.9006,565.0
1753592103120,04:55:03.120,bybit,AERO/USDT:USDT,0.9004,664.0,0.9003,1016.0,0.9005,629.0,0.9006,565.0
1753592103417,04:55:03.417,bybit,AERO/USDT:USDT,0.9004,664.0,0.9003,1016.0,0.9005,629.0,0.9006,565.0
1753592103517,04:55:03.517,bybit,AERO/USDT:USDT,0.9004,725.0,0.9003,1016.0,0.9005,629.0,0.9006,565.0
1753592103618,04:55:03.618,bybit,AERO/USDT:USDT,0.9004,725.0,0.9003,1016.0,0.9005,629.0,0.9006,565.0
1753592103719,04:55:03.719,bybit,AERO/USDT:USDT,0.9004,725.0,0.9003,1016.0,0.9005,629.0,0.9006,565.0
1753592104017,04:55:04.017,bybit,AERO/USDT:USDT,0.9004,725.0,0.9003,1016.0,0.9005,94.0,0.9006,544.0
1753592104119,04:55:04.119,bybit,AERO/USDT:USDT,0.9004,725.0,0.9003,1039.0,0.9005,94.0,0.9006,544.0
1753592104218,04:55:04.218,bybit,AERO/USDT:USDT,0.9004,725.0,0.9003,1039.0,0.9005,94.0,0.9006,544.0
1753592104318,04:55:04.318,bybit,AERO/USDT:USDT,0.9004,725.0,0.9003,1039.0,0.9005,94.0,0.9006,544.0
1753592104519,04:55:04.519,bybit,AERO/USDT:USDT,0.9004,725.0,0.9003,1039.0,0.9005,94.0,0.9006,544.0
1753592105219,04:55:05.219,bybit,AERO/USDT:USDT,0.9004,725.0,0.9003,1039.0,0.9005,94.0,0.9006,544.0
1753592105719,04:55:05.719,bybit,AERO/USDT:USDT,0.9004,725.0,0.9003,1016.0,0.9005,94.0,0.9006,544.0
1753592106317,04:55:06.317,bybit,AERO/USDT:USDT,0.9004,694.0,0.9003,1016.0,0.9005,94.0,0.9006,544.0
1753592106419,04:55:06.419,bybit,AERO/USDT:USDT,0.9004,535.0,0.9003,985.0,0.9005,94.0,0.9006,565.0
1753592106517,04:55:06.517,bybit,AERO/USDT:USDT,0.9004,535.0,0.9003,955.0,0.9005,94.0,0.9006,595.0
1753592106717,04:55:06.717,bybit,AERO/USDT:USDT,0.9004,535.0,0.9003,985.0,0.9005,94.0,0.9006,565.0
1753592107618,04:55:07.618,bybit,AERO/USDT:USDT,0.9004,535.0,0.9003,985.0,0.9005,643.0,0.9006,586.0
1753592107919,04:55:07.919,bybit,AERO/USDT:USDT,0.9003,955.0,0.9002,1313.0,0.9005,643.0,0.9006,618.0
1753592108017,04:55:08.017,bybit,AERO/USDT:USDT,0.9003,879.0,0.9002,1151.0,0.9005,643.0,0.9006,618.0
1753592108117,04:55:08.117,bybit,AERO/USDT:USDT,0.9003,879.0,0.9002,1212.0,0.9005,643.0,0.9006,588.0
1753592108217,04:55:08.217,bybit,AERO/USDT:USDT,0.9003,879.0,0.9002,1181.0,0.9005,643.0,0.9006,618.0
1753592108318,04:55:08.318,bybit,AERO/USDT:USDT,0.9003,879.0,0.9002,1181.0,0.9005,643.0,0.9006,618.0
1753592108420,04:55:08.420,bybit,AERO/USDT:USDT,0.9003,879.0,0.9002,1181.0,0.9005,643.0,0.9006,618.0
1753592108524,04:55:08.524,bybit,AERO/USDT:USDT,0.9003,879.0,0.9002,1181.0,0.9005,643.0,0.9006,618.0
1753592108618,04:55:08.618,bybit,AERO/USDT:USDT,0.9003,909.0,0.9002,1212.0,0.9005,643.0,0.9006,544.0
1753592108717,04:55:08.717,bybit,AERO/USDT:USDT,0.9003,909.0,0.9002,1212.0,0.9005,643.0,0.9006,544.0
1753592108817,04:55:08.817,bybit,AERO/USDT:USDT,0.9004,549.0,0.9003,1154.0,0.9005,643.0,0.9006,544.0
1753592109817,04:55:09.817,bybit,AERO/USDT:USDT,0.9004,549.0,0.9003,1154.0,0.9005,643.0,0.9006,544.0
1753592109919,04:55:09.919,bybit,AERO/USDT:USDT,0.9004,549.0,0.9003,1154.0,0.9005,643.0,0.9006,595.0
1753592110320,04:55:10.320,bybit,AERO/USDT:USDT,0.9004,549.0,0.9003,1124.0,0.9005,643.0,0.9006,595.0
1753592110420,04:55:10.420,bybit,AERO/USDT:USDT,0.9004,549.0,0.9003,1124.0,0.9005,643.0,0.9006,595.0
1753592110817,04:55:10.817,bybit,AERO/USDT:USDT,0.9004,559.0,0.9003,1124.0,0.9005,643.0,0.9006,595.0
1753592111319,04:55:11.319,bybit,AERO/USDT:USDT,0.9004,10.0,0.9003,1124.0,0.9005,643.0,0.9006,618.0
1753592111618,04:55:11.618,bybit,AERO/USDT:USDT,0.9004,10.0,0.9003,1124.0,0.9005,643.0,0.9006,618.0
1753592111917,04:55:11.917,bybit,AERO/USDT:USDT,0.9004,10.0,0.9003,1124.0,0.9005,643.0,0.9006,618.0
1753592112919,04:55:12.919,bybit,AERO/USDT:USDT,0.9004,10.0,0.9003,415.0,0.9005,696.0,0.9006,618.0
1753592113019,04:55:13.019,bybit,AERO/USDT:USDT,0.9004,10.0,0.9003,415.0,0.9005,666.0,0.9006,618.0
1753592113117,04:55:13.117,bybit,AERO/USDT:USDT,0.9004,10.0,0.9003,415.0,0.9005,666.0,0.9006,618.0
1753592113619,04:55:13.619,bybit,AERO/USDT:USDT,0.9004,10.0,0.9003,415.0,0.9005,666.0,0.9006,618.0
1753592113917,04:55:13.917,bybit,AERO/USDT:USDT,0.9004,10.0,0.9003,415.0,0.9005,666.0,0.9006,618.0
1753592114017,04:55:14.017,bybit,AERO/USDT:USDT,0.9004,10.0,0.9003,967.0,0.9005,643.0,0.9006,618.0
1753592114118,04:55:14.118,bybit,AERO/USDT:USDT,0.9004,10.0,0.9003,967.0,0.9005,643.0,0.9006,618.0
1753592114520,04:55:14.520,bybit,AERO/USDT:USDT,0.9004,10.0,0.9003,967.0,0.9005,643.0,0.9006,618.0
1753592114619,04:55:14.619,bybit,AERO/USDT:USDT,0.9004,10.0,0.9003,967.0,0.9005,643.0,0.9006,618.0
1753592114919,04:55:14.919,bybit,AERO/USDT:USDT,0.9004,10.0,0.9003,967.0,0.9005,643.0,0.9006,618.0
1753592115120,04:55:15.120,bybit,AERO/USDT:USDT,0.9004,10.0,0.9003,967.0,0.9005,643.0,0.9006,618.0
1753592115217,04:55:15.217,bybit,AERO/USDT:USDT,0.9004,10.0,0.9003,967.0,0.9005,643.0,0.9006,618.0
1753592115418,04:55:15.418,bybit,AERO/USDT:USDT,0.9004,10.0,0.9003,967.0,0.9005,643.0,0.9006,618.0
1753592116119,04:55:16.119,bybit,AERO/USDT:USDT,0.9004,10.0,0.9003,967.0,0.9005,643.0,0.9006,595.0
1753592116218,04:55:16.218,bybit,AERO/USDT:USDT,0.9004,562.0,0.9003,997.0,0.9005,643.0,0.9006,544.0
1753592116618,04:55:16.618,bybit,AERO/USDT:USDT,0.9004,10.0,0.9003,967.0,0.9005,643.0,0.9006,618.0
1753592116718,04:55:16.718,bybit,AERO/USDT:USDT,0.9004,10.0,0.9003,967.0,0.9005,643.0,0.9006,595.0
1753592117817,04:55:17.817,bybit,AERO/USDT:USDT,0.9004,562.0,0.9003,997.0,0.9005,643.0,0.9006,565.0
1753592117918,04:55:17.918,bybit,AERO/USDT:USDT,0.9004,562.0,0.9003,997.0,0.9005,643.0,0.9006,565.0
1753592118219,04:55:18.219,bybit,AERO/USDT:USDT,0.9004,562.0,0.9003,997.0,0.9005,643.0,0.9006,565.0
1753592118918,04:55:18.918,bybit,AERO/USDT:USDT,0.9004,562.0,0.9003,997.0,0.9005,643.0,0.9006,565.0
1753592119017,04:55:19.017,bybit,AERO/USDT:USDT,0.9004,562.0,0.9003,997.0,0.9005,643.0,0.9006,595.0
1753592119217,04:55:19.217,bybit,AERO/USDT:USDT,0.9004,562.0,0.9003,967.0,0.9005,643.0,0.9006,595.0
1753592119419,04:55:19.419,bybit,AERO/USDT:USDT,0.9004,562.0,0.9003,967.0,0.9005,643.0,0.9006,595.0
1753592119718,04:55:19.718,bybit,AERO/USDT:USDT,0.9004,562.0,0.9003,997.0,0.9005,643.0,0.9006,544.0
1753592120018,04:55:20.018,bybit,AERO/USDT:USDT,0.9004,562.0,0.9003,967.0,0.9005,643.0,0.9006,574.0
1753592120219,04:55:20.219,bybit,AERO/USDT:USDT,0.9004,562.0,0.9003,997.0,0.9005,643.0,0.9006,544.0
1753592120318,04:55:20.318,bybit,AERO/USDT:USDT,0.9004,562.0,0.9003,997.0,0.9005,643.0,0.9006,544.0
1753592120718,04:55:20.718,bybit,AERO/USDT:USDT,0.9004,562.0,0.9003,997.0,0.9005,643.0,0.9006,544.0
1753592120817,04:55:20.817,bybit,AERO/USDT:USDT,0.9004,562.0,0.9003,997.0,0.9005,643.0,0.9006,544.0
1753592121017,04:55:21.017,bybit,AERO/USDT:USDT,0.9004,10.0,0.9003,967.0,0.9005,643.0,0.9006,574.0
1753592121117,04:55:21.117,bybit,AERO/USDT:USDT,0.9004,10.0,0.9003,967.0,0.9005,643.0,0.9006,574.0
1753592121618,04:55:21.618,bybit,AERO/USDT:USDT,0.9004,10.0,0.9003,997.0,0.9005,643.0,0.9006,544.0
1753592121717,04:55:21.717,bybit,AERO/USDT:USDT,0.9004,10.0,0.9003,997.0,0.9005,643.0,0.9006,544.0
1753592121919,04:55:21.919,bybit,AERO/USDT:USDT,0.9004,10.0,0.9003,967.0,0.9005,643.0,0.9006,574.0
1753592122419,04:55:22.419,bybit,AERO/USDT:USDT,0.9004,10.0,0.9003,997.0,0.9005,643.0,0.9006,544.0
1753592122619,04:55:22.619,bybit,AERO/USDT:USDT,0.9004,10.0,0.9003,997.0,0.9005,643.0,0.9006,544.0
1753592122717,04:55:22.717,bybit,AERO/USDT:USDT,0.9004,10.0,0.9003,967.0,0.9005,835.0,0.9006,595.0
1753592122818,04:55:22.818,bybit,AERO/USDT:USDT,0.9004,10.0,0.9003,415.0,0.9005,858.0,0.9006,618.0
1753592123217,04:55:23.217,bybit,AERO/USDT:USDT,0.9004,10.0,0.9003,161.0,0.9005,858.0,0.9006,618.0
1753592123420,04:55:23.420,bybit,AERO/USDT:USDT,0.9004,10.0,0.9003,161.0,0.9005,858.0,0.9006,618.0
1753592123617,04:55:23.617,bybit,AERO/USDT:USDT,0.9004,10.0,0.9003,161.0,0.9005,1011.0,0.9006,618.0
1753592123719,04:55:23.719,bybit,AERO/USDT:USDT,0.9003,161.0,0.9002,16.0,0.9004,943.0,0.9005,1351.0
1753592123917,04:55:23.917,bybit,AERO/USDT:USDT,0.9003,161.0,0.9002,7.0,0.9004,943.0,0.9005,1241.0
1753592124017,04:55:24.017,bybit,AERO/USDT:USDT,0.9003,161.0,0.9002,7.0,0.9004,943.0,0.9005,1241.0
1753592124417,04:55:24.417,bybit,AERO/USDT:USDT,0.9003,161.0,0.9002,7.0,0.9004,943.0,0.9005,1241.0
1753592124520,04:55:24.520,bybit,AERO/USDT:USDT,0.9003,161.0,0.9002,7.0,0.9004,943.0,0.9005,1241.0
1753592124617,04:55:24.617,bybit,AERO/USDT:USDT,0.9003,161.0,0.9002,7.0,0.9004,943.0,0.9005,1241.0
1753592124819,04:55:24.819,bybit,AERO/USDT:USDT,0.9003,161.0,0.9002,7.0,0.9004,943.0,0.9005,1241.0
1753592124918,04:55:24.918,bybit,AERO/USDT:USDT,0.9003,161.0,0.9002,7.0,0.9004,690.0,0.9005,1041.0
1753592125018,04:55:25.018,bybit,AERO/USDT:USDT,0.9003,161.0,0.9002,7.0,0.9004,690.0,0.9005,1041.0
1753592125118,04:55:25.118,bybit,AERO/USDT:USDT,0.9003,161.0,0.9002,7.0,0.9004,690.0,0.9005,1041.0
1753592125318,04:55:25.318,bybit,AERO/USDT:USDT,0.9003,161.0,0.9002,233.0,0.9004,743.0,0.9005,1041.0
1753592125417,04:55:25.417,bybit,AERO/USDT:USDT,0.9003,161.0,0.9002,233.0,0.9004,743.0,0.9005,1041.0
1753592125520,04:55:25.520,bybit,AERO/USDT:USDT,0.9003,161.0,0.9002,770.0,0.9004,690.0,0.9005,988.0
1753592125619,04:55:25.619,bybit,AERO/USDT:USDT,0.9003,161.0,0.9002,770.0,0.9004,690.0,0.9005,1018.0
1753592125718,04:55:25.718,bybit,AERO/USDT:USDT,0.9003,161.0,0.9002,770.0,0.9004,690.0,0.9005,1018.0
1753592125917,04:55:25.917,bybit,AERO/USDT:USDT,0.9003,161.0,0.9002,770.0,0.9004,690.0,0.9005,1018.0
1753592126119,04:55:26.119,bybit,AERO/USDT:USDT,0.9003,161.0,0.9002,770.0,0.9004,690.0,0.9005,1018.0
1753592126218,04:55:26.218,bybit,AERO/USDT:USDT,0.9003,161.0,0.9002,770.0,0.9004,690.0,0.9005,1041.0
1753592126318,04:55:26.318,bybit,AERO/USDT:USDT,0.9003,161.0,0.9002,770.0,0.9004,690.0,0.9005,1041.0
1753592126418,04:55:26.418,bybit,AERO/USDT:USDT,0.9003,161.0,0.9002,770.0,0.9004,690.0,0.9005,1041.0
1753592126917,04:55:26.917,bybit,AERO/USDT:USDT,0.9003,161.0,0.9002,770.0,0.9004,690.0,0.9005,1041.0
1753592127017,04:55:27.017,bybit,AERO/USDT:USDT,0.9003,161.0,0.9002,770.0,0.9004,690.0,0.9005,1041.0
1753592127317,04:55:27.317,bybit,AERO/USDT:USDT,0.9003,161.0,0.9002,770.0,0.9004,690.0,0.9005,1018.0
1753592127517,04:55:27.517,bybit,AERO/USDT:USDT,0.9003,161.0,0.9002,770.0,0.9004,690.0,0.9005,1018.0
1753592127617,04:55:27.617,bybit,AERO/USDT:USDT,0.9003,161.0,0.9002,770.0,0.9004,690.0,0.9005,1041.0
1753592127717,04:55:27.717,bybit,AERO/USDT:USDT,0.9003,694.0,0.9002,770.0,0.9004,690.0,0.9005,1041.0
1753592128319,04:55:28.319,bybit,AERO/USDT:USDT,0.9003,694.0,0.9002,233.0,0.9004,743.0,0.9005,1041.0
1753592128418,04:55:28.418,bybit,AERO/USDT:USDT,0.9003,694.0,0.9002,233.0,0.9004,720.0,0.9005,1041.0
1753592128618,04:55:28.618,bybit,AERO/USDT:USDT,0.9003,694.0,0.9002,233.0,0.9004,690.0,0.9005,1018.0
1753592129618,04:55:29.618,bybit,AERO/USDT:USDT,0.9003,694.0,0.9002,233.0,0.9004,690.0,0.9005,1041.0
1753592130020,04:55:30.020,bybit,AERO/USDT:USDT,0.9003,694.0,0.9002,233.0,0.9004,690.0,0.9005,1041.0
1753592130119,04:55:30.119,bybit,AERO/USDT:USDT,0.9003,694.0,0.9002,233.0,0.9004,690.0,0.9005,1041.0
1753592131017,04:55:31.017,bybit,AERO/USDT:USDT,0.9003,694.0,0.9002,233.0,0.9004,690.0,0.9005,1041.0
1753592131818,04:55:31.818,bybit,AERO/USDT:USDT,0.9003,694.0,0.9002,233.0,0.9004,690.0,0.9005,1041.0
1753592133519,04:55:33.519,bybit,AERO/USDT:USDT,0.9003,694.0,0.9002,770.0,0.9004,690.0,0.9005,1018.0
1753592133618,04:55:33.618,bybit,AERO/USDT:USDT,0.9003,694.0,0.9002,770.0,0.9004,690.0,0.9005,1018.0
1753592134419,04:55:34.419,bybit,AERO/USDT:USDT,0.9003,694.0,0.9002,770.0,0.9004,690.0,0.9005,1018.0
1753592134520,04:55:34.520,bybit,AERO/USDT:USDT,0.9003,694.0,0.9002,800.0,0.9004,690.0,0.9005,988.0
1753592135119,04:55:35.119,bybit,AERO/USDT:USDT,0.9003,694.0,0.9002,770.0,0.9004,690.0,0.9005,1018.0
1753592135518,04:55:35.518,bybit,AERO/USDT:USDT,0.9003,694.0,0.9002,770.0,0.9004,690.0,0.9005,1018.0
1753592135917,04:55:35.917,bybit,AERO/USDT:USDT,0.9003,694.0,0.9002,233.0,0.9004,720.0,0.9005,1018.0
1753592136018,04:55:36.018,bybit,AERO/USDT:USDT,0.9003,694.0,0.9002,233.0,0.9004,720.0,0.9005,1041.0
1753592136319,04:55:36.319,bybit,AERO/USDT:USDT,0.9003,694.0,0.9002,233.0,0.9004,720.0,0.9005,1041.0
1753592136418,04:55:36.418,bybit,AERO/USDT:USDT,0.9003,694.0,0.9002,233.0,0.9004,720.0,0.9005,1041.0
1753592136817,04:55:36.817,bybit,AERO/USDT:USDT,0.9003,694.0,0.9002,233.0,0.9004,690.0,0.9005,1018.0
1753592136918,04:55:36.918,bybit,AERO/USDT:USDT,0.9003,694.0,0.9002,233.0,0.9004,690.0,0.9005,1041.0
1753592138819,04:55:38.819,bybit,AERO/USDT:USDT,0.9003,694.0,0.9002,233.0,0.9004,720.0,0.9005,1041.0
1753592139219,04:55:39.219,bybit,AERO/USDT:USDT,0.9003,694.0,0.9002,233.0,0.9004,720.0,0.9005,1041.0
1753592139419,04:55:39.419,bybit,AERO/USDT:USDT,0.9003,694.0,0.9002,233.0,0.9004,690.0,0.9005,1018.0
1753592139619,04:55:39.619,bybit,AERO/USDT:USDT,0.9003,694.0,0.9002,233.0,0.9004,690.0,0.9005,1041.0
1753592139919,04:55:39.919,bybit,AERO/USDT:USDT,0.9003,694.0,0.9002,7.0,0.9004,720.0,0.9005,1041.0
1753592140017,04:55:40.017,bybit,AERO/USDT:USDT,0.9003,694.0,0.9002,7.0,0.9004,720.0,0.9005,1041.0
1753592140220,04:55:40.220,bybit,AERO/USDT:USDT,0.9003,694.0,0.9002,7.0,0.9004,720.0,0.9005,1041.0
1753592140419,04:55:40.419,bybit,AERO/USDT:USDT,0.9003,694.0,0.9002,7.0,0.9004,720.0,0.9005,1041.0
1753592141017,04:55:41.017,bybit,AERO/USDT:USDT,0.9003,694.0,0.9002,7.0,0.9004,720.0,0.9005,1041.0
1753592141117,04:55:41.117,bybit,AERO/USDT:USDT,0.9003,694.0,0.9002,770.0,0.9004,690.0,0.9005,967.0
1753592141219,04:55:41.219,bybit,AERO/USDT:USDT,0.9003,724.0,0.9002,574.0,0.9004,690.0,0.9005,967.0
1753592141517,04:55:41.517,bybit,AERO/USDT:USDT,0.9003,1047.0,0.9002,1355.0,0.9005,652.0,0.9006,544.0
1753592141618,04:55:41.618,bybit,AERO/USDT:USDT,0.9004,590.0,0.9003,1047.0,0.9005,652.0,0.9006,544.0
1753592141718,04:55:41.718,bybit,AERO/USDT:USDT,0.9004,590.0,0.9003,1047.0,0.9005,652.0,0.9006,544.0
1753592142219,04:55:42.219,bybit,AERO/USDT:USDT,0.9004,621.0,0.9003,1047.0,0.9005,103.0,0.9006,544.0
1753592142318,04:55:42.318,bybit,AERO/USDT:USDT,0.9004,621.0,0.9003,1047.0,0.9005,103.0,0.9006,544.0
1753592142417,04:55:42.417,bybit,AERO/USDT:USDT,0.9004,621.0,0.9003,1047.0,0.9005,103.0,0.9006,544.0
1753592142617,04:55:42.617,bybit,AERO/USDT:USDT,0.9004,621.0,0.9003,1047.0,0.9005,103.0,0.9006,544.0
1753592142719,04:55:42.719,bybit,AERO/USDT:USDT,0.9004,621.0,0.9003,1047.0,0.9005,103.0,0.9006,544.0
1753592143318,04:55:43.318,bybit,AERO/USDT:USDT,0.9004,567.0,0.9003,1024.0,0.9005,640.0,0.9006,544.0
1753592143619,04:55:43.619,bybit,AERO/USDT:USDT,0.9004,567.0,0.9003,1024.0,0.9005,640.0,0.9006,544.0
1753592143719,04:55:43.719,bybit,AERO/USDT:USDT,0.9004,567.0,0.9003,1047.0,0.9005,640.0,0.9006,544.0
1753592143817,04:55:43.817,bybit,AERO/USDT:USDT,0.9004,567.0,0.9003,1047.0,0.9005,640.0,0.9006,544.0
1753592144018,04:55:44.018,bybit,AERO/USDT:USDT,0.9004,567.0,0.9003,1047.0,0.9005,640.0,0.9006,544.0
1753592144317,04:55:44.317,bybit,AERO/USDT:USDT,0.9004,621.0,0.9003,1047.0,0.9005,103.0,0.9006,544.0
1753592144521,04:55:44.521,bybit,AERO/USDT:USDT,0.9004,621.0,0.9003,1047.0,0.9005,94.0,0.9006,544.0
1753592144717,04:55:44.717,bybit,AERO/USDT:USDT,0.9004,621.0,0.9003,1047.0,0.9005,94.0,0.9006,544.0
1753592144917,04:55:44.917,bybit,AERO/USDT:USDT,0.9004,598.0,0.9003,1047.0,0.9005,94.0,0.9006,544.0
1753592145017,04:55:45.017,bybit,AERO/USDT:USDT,0.9004,621.0,0.9003,1047.0,0.9005,94.0,0.9006,544.0
1753592145218,04:55:45.218,bybit,AERO/USDT:USDT,0.9004,567.0,0.9003,1047.0,0.9005,648.0,0.9006,544.0
1753592145917,04:55:45.917,bybit,AERO/USDT:USDT,0.9004,567.0,0.9003,1047.0,0.9005,648.0,0.9006,544.0
1753592146017,04:55:46.017,bybit,AERO/USDT:USDT,0.9004,598.0,0.9003,1047.0,0.9005,648.0,0.9006,544.0
1753592146319,04:55:46.319,bybit,AERO/USDT:USDT,0.9004,621.0,0.9003,1047.0,0.9005,94.0,0.9006,544.0
1753592146523,04:55:46.523,bybit,AERO/USDT:USDT,0.9004,621.0,0.9003,1047.0,0.9005,94.0,0.9006,544.0
1753592146926,04:55:46.926,bybit,AERO/USDT:USDT,0.9004,598.0,0.9003,1024.0,0.9005,648.0,0.9006,544.0
1753592147019,04:55:47.019,bybit,AERO/USDT:USDT,0.9004,537.0,0.9003,994.0,0.9005,648.0,0.9006,565.0
1753592147119,04:55:47.119,bybit,AERO/USDT:USDT,0.9004,537.0,0.9003,1024.0,0.9005,648.0,0.9006,565.0
1753592147219,04:55:47.219,bybit,AERO/USDT:USDT,0.9004,567.0,0.9003,1047.0,0.9005,648.0,0.9006,544.0
1753592147318,04:55:47.318,bybit,AERO/USDT:USDT,0.9004,598.0,0.9003,1056.0,0.9005,648.0,0.9006,544.0
1753592148817,04:55:48.817,bybit,AERO/USDT:USDT,0.9004,598.0,0.9003,1056.0,0.9005,648.0,0.9006,544.0
1753592148919,04:55:48.919,bybit,AERO/USDT:USDT,0.9004,598.0,0.9003,1056.0,0.9005,648.0,0.9006,544.0
1753592149219,04:55:49.219,bybit,AERO/USDT:USDT,0.9004,598.0,0.9003,1056.0,0.9005,648.0,0.9006,544.0
