timestamp,time,symbol,bid1_price,bid1_volume,bid2_price,bid2_volume,ask1_price,ask1_volume,ask2_price,ask2_volume
1753546945302,16:22:25.302,ACH/USDT:USDT,0.022987,3250.0,0.022984,5018.0,0.022989,189376.0,0.022994,2900.0
1753546945902,16:22:25.902,ACH/USDT:USDT,0.022987,3250.0,0.022984,5018.0,0.022988,2945.0,0.022989,186447.0
1753546946052,16:22:26.052,ACH/USDT:USDT,0.022987,3250.0,0.022984,5018.0,0.022988,2945.0,0.022989,186447.0
1753546946202,16:22:26.202,ACH/USDT:USDT,0.022987,6195.0,0.022984,5018.0,0.022994,189314.0,0.022995,12575.0
1753546946352,16:22:26.352,ACH/USDT:USDT,0.022993,2167.0,0.022987,6195.0,0.022994,186414.0,0.022997,2906.0
1753546946502,16:22:26.502,ACH/USDT:USDT,0.022993,2167.0,0.02299,5013.0,0.022997,189316.0,0.023,159.0
1753546946652,16:22:26.652,ACH/USDT:USDT,0.022993,2167.0,0.02299,5013.0,0.022995,2945.0,0.022997,186410.0
1753546946802,16:22:26.802,ACH/USDT:USDT,0.022994,2167.0,0.022993,2167.0,0.022995,2945.0,0.022997,186410.0
1753546947103,16:22:27.103,ACH/USDT:USDT,0.022994,2167.0,0.022991,5012.0,0.022995,2945.0,0.022997,186410.0
1753546947403,16:22:27.403,ACH/USDT:USDT,0.022994,2167.0,0.022991,7957.0,0.022995,2945.0,0.022997,186410.0
1753546947553,16:22:27.553,ACH/USDT:USDT,0.022994,2167.0,0.022991,5012.0,0.022995,2945.0,0.022997,186410.0
1753546948003,16:22:28.003,ACH/USDT:USDT,0.022994,2167.0,0.022991,5012.0,0.022996,2945.0,0.022997,186410.0
1753546948153,16:22:28.153,ACH/USDT:USDT,0.022995,2167.0,0.022994,2167.0,0.022996,2945.0,0.022997,186410.0
1753546948303,16:22:28.303,ACH/USDT:USDT,0.022995,2167.0,0.022992,5010.0,0.022996,2945.0,0.022997,186410.0
1753546948454,16:22:28.454,ACH/USDT:USDT,0.022995,2167.0,0.022992,5010.0,0.022996,2945.0,0.022997,186410.0
1753546948604,16:22:28.604,ACH/USDT:USDT,0.022995,2167.0,0.022992,5010.0,0.022996,2945.0,0.022997,186410.0
1753546948754,16:22:28.754,ACH/USDT:USDT,0.022995,2167.0,0.022992,5010.0,0.022996,2945.0,0.022997,186410.0
1753546948904,16:22:28.904,ACH/USDT:USDT,0.022995,2167.0,0.022992,5010.0,0.022996,2945.0,0.022997,186410.0
1753546949504,16:22:29.504,ACH/USDT:USDT,0.022992,5010.0,0.022984,2945.0,0.022996,2945.0,0.022997,186410.0
1753546950405,16:22:30.405,ACH/USDT:USDT,0.02299,2167.0,0.022989,5019.0,0.022996,2945.0,0.022997,186410.0
1753546950555,16:22:30.555,ACH/USDT:USDT,0.022991,2167.0,0.02299,2167.0,0.022996,2945.0,0.022997,186410.0
1753546950705,16:22:30.705,ACH/USDT:USDT,0.022992,2167.0,0.022991,2167.0,0.022996,2945.0,0.022997,186410.0
1753546950855,16:22:30.855,ACH/USDT:USDT,0.022993,2167.0,0.022992,2167.0,0.022997,166690.0,0.022999,2852.0
1753546951005,16:22:31.005,ACH/USDT:USDT,0.022993,2167.0,0.022991,5008.0,0.022996,2852.0,0.022997,166690.0
1753546952055,16:22:32.055,ACH/USDT:USDT,0.022993,2167.0,0.022991,5008.0,0.022996,2852.0,0.022997,166690.0
1753546952206,16:22:32.206,ACH/USDT:USDT,0.022993,2167.0,0.022991,5008.0,0.022996,2852.0,0.022997,166690.0
1753546952356,16:22:32.356,ACH/USDT:USDT,0.022993,2167.0,0.022991,5008.0,0.022996,2852.0,0.022997,166690.0
1753546953707,16:22:33.707,ACH/USDT:USDT,0.022993,2167.0,0.022991,5008.0,0.022996,2852.0,0.022997,166690.0
1753546953857,16:22:33.857,ACH/USDT:USDT,0.022993,2167.0,0.022991,5008.0,0.022996,2852.0,0.022997,166690.0
1753546954007,16:22:34.007,ACH/USDT:USDT,0.022993,2167.0,0.022991,5008.0,0.022996,2852.0,0.022997,166690.0
1753546954157,16:22:34.157,ACH/USDT:USDT,0.022993,2167.0,0.022991,5008.0,0.022996,2852.0,0.022997,166690.0
1753546954607,16:22:34.607,ACH/USDT:USDT,0.022999,2167.0,0.022996,5007.0,0.023,3011.0,0.023001,897.0
1753546954757,16:22:34.757,ACH/USDT:USDT,0.022999,2167.0,0.022996,5007.0,0.023,3011.0,0.023001,897.0
1753546954907,16:22:34.907,ACH/USDT:USDT,0.022999,2167.0,0.022996,5007.0,0.023,3011.0,0.023001,897.0
1753546955058,16:22:35.058,ACH/USDT:USDT,0.022999,2167.0,0.022996,5007.0,0.023,3011.0,0.023001,897.0
1753546955208,16:22:35.208,ACH/USDT:USDT,0.022999,2167.0,0.022996,5007.0,0.023,3011.0,0.023001,897.0
1753546955358,16:22:35.358,ACH/USDT:USDT,0.022999,2167.0,0.022996,5007.0,0.023,159.0,0.023001,897.0
1753546955508,16:22:35.508,ACH/USDT:USDT,0.022999,2167.0,0.022996,5007.0,0.023,159.0,0.023001,897.0
1753546955658,16:22:35.658,ACH/USDT:USDT,0.022999,2167.0,0.022996,5007.0,0.023,159.0,0.023001,897.0
1753546955808,16:22:35.808,ACH/USDT:USDT,0.022999,5019.0,0.022996,5007.0,0.023009,2884.0,0.023012,2886.0
1753546955958,16:22:35.958,ACH/USDT:USDT,0.023,5019.0,0.022999,2167.0,0.023012,2886.0,0.023015,2921.0
1753546956258,16:22:36.258,ACH/USDT:USDT,0.023003,2167.0,0.023002,2852.0,0.023011,44599.0,0.023015,2921.0
1753546956558,16:22:36.558,ACH/USDT:USDT,0.023005,2167.0,0.023004,2167.0,0.023011,44599.0,0.023015,2921.0
1753546956709,16:22:36.709,ACH/USDT:USDT,0.023006,2167.0,0.023005,2167.0,0.023011,44599.0,0.023015,2921.0
1753546956859,16:22:36.859,ACH/USDT:USDT,0.023007,2167.0,0.023006,2167.0,0.023011,44599.0,0.023015,2921.0
1753546957009,16:22:37.009,ACH/USDT:USDT,0.023007,2167.0,0.023004,7211.0,0.023011,44599.0,0.023015,2921.0
1753546957159,16:22:37.159,ACH/USDT:USDT,0.023007,2167.0,0.023004,5003.0,0.023011,44599.0,0.023015,2921.0
1753546957309,16:22:37.309,ACH/USDT:USDT,0.023007,2167.0,0.023004,5003.0,0.023011,44599.0,0.023015,2921.0
1753546957459,16:22:37.459,ACH/USDT:USDT,0.023007,2167.0,0.023004,5003.0,0.023011,44599.0,0.023015,2921.0
1753546957609,16:22:37.609,ACH/USDT:USDT,0.023007,2167.0,0.023004,5003.0,0.023011,44599.0,0.023015,2921.0
1753546957759,16:22:37.759,ACH/USDT:USDT,0.023007,2167.0,0.023004,5003.0,0.023011,44599.0,0.023015,2921.0
1753546957909,16:22:37.909,ACH/USDT:USDT,0.023007,2167.0,0.023004,5003.0,0.023011,44599.0,0.023015,2921.0
1753546958060,16:22:38.060,ACH/USDT:USDT,0.023007,2167.0,0.023004,5003.0,0.023011,44599.0,0.023015,2921.0
1753546958210,16:22:38.210,ACH/USDT:USDT,0.023007,2167.0,0.023004,5003.0,0.023011,44599.0,0.023015,2921.0
1753546958360,16:22:38.360,ACH/USDT:USDT,0.023007,2167.0,0.023004,5003.0,0.023011,44599.0,0.023015,2921.0
1753546958510,16:22:38.510,ACH/USDT:USDT,0.023007,2167.0,0.023004,5003.0,0.023011,44599.0,0.023015,2921.0
1753546958660,16:22:38.660,ACH/USDT:USDT,0.023007,2167.0,0.023004,5003.0,0.023011,44599.0,0.023015,2921.0
1753546958810,16:22:38.810,ACH/USDT:USDT,0.023007,2167.0,0.023004,5003.0,0.023011,44599.0,0.023015,2921.0
1753546958960,16:22:38.960,ACH/USDT:USDT,0.023007,2167.0,0.023004,5003.0,0.023011,44599.0,0.023015,2921.0
1753546959110,16:22:39.110,ACH/USDT:USDT,0.023007,2167.0,0.023004,5003.0,0.023011,44599.0,0.023015,2921.0
1753546959260,16:22:39.260,ACH/USDT:USDT,0.023007,2167.0,0.023004,5003.0,0.023011,44599.0,0.023015,2921.0
1753546959410,16:22:39.410,ACH/USDT:USDT,0.023007,2167.0,0.023004,5003.0,0.023011,44599.0,0.023015,2921.0
1753546959560,16:22:39.560,ACH/USDT:USDT,0.023007,2167.0,0.023004,5003.0,0.023011,44599.0,0.023015,2921.0
1753546959711,16:22:39.711,ACH/USDT:USDT,0.023007,2167.0,0.023004,5003.0,0.023011,44599.0,0.023015,2921.0
1753546959861,16:22:39.861,ACH/USDT:USDT,0.023007,2167.0,0.023004,5003.0,0.023011,44599.0,0.023015,2921.0
1753546960011,16:22:40.011,ACH/USDT:USDT,0.023007,2167.0,0.023004,5003.0,0.023011,44599.0,0.023015,2921.0
1753546960161,16:22:40.161,ACH/USDT:USDT,0.023008,2167.0,0.023007,2167.0,0.023013,44599.0,0.023015,2921.0
1753546960311,16:22:40.311,ACH/USDT:USDT,0.023005,4999.0,0.023004,5003.0,0.023013,44599.0,0.023015,2921.0
1753546960461,16:22:40.461,ACH/USDT:USDT,0.022997,2852.0,0.022994,7356.0,0.023012,13380.0,0.023013,44599.0
1753546960611,16:22:40.611,ACH/USDT:USDT,0.022998,2167.0,0.022997,2852.0,0.023012,13380.0,0.023013,44599.0
1753546960761,16:22:40.761,ACH/USDT:USDT,0.022999,2167.0,0.022998,5063.0,0.023007,44380.0,0.023012,13380.0
1753546960911,16:22:40.911,ACH/USDT:USDT,0.023,2167.0,0.022999,5063.0,0.023007,44380.0,0.023008,3870.0
1753546961061,16:22:41.061,ACH/USDT:USDT,0.023003,2896.0,0.023001,2167.0,0.02301,2896.0,0.023012,13380.0
1753546961211,16:22:41.211,ACH/USDT:USDT,0.023009,2167.0,0.023001,2167.0,0.02301,2896.0,0.023012,13380.0
1753546961362,16:22:41.362,ACH/USDT:USDT,0.023009,2167.0,0.023006,4998.0,0.02301,2896.0,0.023012,13380.0
1753546961512,16:22:41.512,ACH/USDT:USDT,0.023006,4998.0,0.023,2896.0,0.02301,2896.0,0.023012,13380.0
1753546961662,16:22:41.662,ACH/USDT:USDT,0.023003,4997.0,0.023,2896.0,0.02301,2896.0,0.023012,13380.0
1753546961812,16:22:41.812,ACH/USDT:USDT,0.023003,2896.0,0.023,4997.0,0.02301,2896.0,0.023012,13380.0
1753546961962,16:22:41.962,ACH/USDT:USDT,0.023003,2896.0,0.023001,4997.0,0.02301,2896.0,0.023012,13380.0
1753546962112,16:22:42.112,ACH/USDT:USDT,0.023003,2896.0,0.023001,4997.0,0.02301,2896.0,0.023012,13380.0
1753546962262,16:22:42.262,ACH/USDT:USDT,0.023003,2896.0,0.023001,4997.0,0.02301,2896.0,0.023012,13380.0
1753546962412,16:22:42.412,ACH/USDT:USDT,0.023003,2896.0,0.023001,4997.0,0.02301,2896.0,0.023012,13380.0
1753546962562,16:22:42.562,ACH/USDT:USDT,0.023003,2896.0,0.023001,4997.0,0.02301,2896.0,0.023012,13380.0
1753546962712,16:22:42.712,ACH/USDT:USDT,0.023003,2896.0,0.023001,4997.0,0.02301,2896.0,0.023012,13380.0
1753546962862,16:22:42.862,ACH/USDT:USDT,0.023003,2896.0,0.023001,4997.0,0.02301,2896.0,0.023012,13380.0
1753546963013,16:22:43.013,ACH/USDT:USDT,0.023003,2896.0,0.023001,4997.0,0.02301,2896.0,0.023012,13380.0
1753546963163,16:22:43.163,ACH/USDT:USDT,0.023001,4997.0,0.022996,2896.0,0.02301,6766.0,0.023012,17250.0
1753546963313,16:22:43.313,ACH/USDT:USDT,0.022999,4996.0,0.022996,2896.0,0.02301,6766.0,0.023012,17250.0
1753546963463,16:22:43.463,ACH/USDT:USDT,0.022999,2896.0,0.022997,4996.0,0.02301,6766.0,0.023012,17250.0
1753546963613,16:22:43.613,ACH/USDT:USDT,0.022999,2896.0,0.022997,4996.0,0.02301,6766.0,0.023012,17250.0
1753546963763,16:22:43.763,ACH/USDT:USDT,0.022999,2896.0,0.022997,4996.0,0.023007,44599.0,0.02301,6766.0
1753546963913,16:22:43.913,ACH/USDT:USDT,0.023,2167.0,0.022999,2896.0,0.023007,44599.0,0.02301,6766.0
1753546964063,16:22:44.063,ACH/USDT:USDT,0.023001,2167.0,0.023,2167.0,0.023007,44599.0,0.02301,6766.0
1753546964213,16:22:44.213,ACH/USDT:USDT,0.023001,2167.0,0.022999,7892.0,0.023007,44599.0,0.02301,6766.0
1753546964363,16:22:44.363,ACH/USDT:USDT,0.023001,2167.0,0.023,2368.0,0.023007,44599.0,0.02301,6766.0
1753546964514,16:22:44.514,ACH/USDT:USDT,0.023001,2167.0,0.023,2368.0,0.023007,44599.0,0.02301,6766.0
1753546964664,16:22:44.664,ACH/USDT:USDT,0.023001,2167.0,0.023,2368.0,0.023007,44599.0,0.02301,6766.0
1753546964814,16:22:44.814,ACH/USDT:USDT,0.023001,2167.0,0.023,2368.0,0.023007,44599.0,0.02301,6766.0
1753546964964,16:22:44.964,ACH/USDT:USDT,0.023001,2167.0,0.023,2368.0,0.023007,44599.0,0.02301,6766.0
1753546965414,16:22:45.414,ACH/USDT:USDT,0.023001,5063.0,0.023,2368.0,0.023007,44599.0,0.02301,6766.0
1753546965564,16:22:45.564,ACH/USDT:USDT,0.023001,5063.0,0.022999,4996.0,0.023007,44599.0,0.02301,6766.0
1753546965714,16:22:45.714,ACH/USDT:USDT,0.023001,5063.0,0.022999,4996.0,0.023007,44599.0,0.02301,6766.0
1753546965864,16:22:45.864,ACH/USDT:USDT,0.023001,5063.0,0.022999,4996.0,0.023007,44599.0,0.02301,6766.0
1753546966014,16:22:46.014,ACH/USDT:USDT,0.023001,5063.0,0.022999,4996.0,0.023007,44599.0,0.02301,6766.0
1753546966165,16:22:46.165,ACH/USDT:USDT,0.023001,5063.0,0.022999,4996.0,0.023007,44599.0,0.02301,6766.0
1753546966315,16:22:46.315,ACH/USDT:USDT,0.023001,2167.0,0.022999,4996.0,0.023007,44599.0,0.02301,6766.0
1753546966465,16:22:46.465,ACH/USDT:USDT,0.023001,2167.0,0.022999,4996.0,0.023007,44599.0,0.02301,6766.0
1753546966615,16:22:46.615,ACH/USDT:USDT,0.023001,2167.0,0.022999,4996.0,0.023007,44599.0,0.02301,6766.0
1753546966765,16:22:46.765,ACH/USDT:USDT,0.023001,2167.0,0.022999,4996.0,0.023007,44599.0,0.02301,6766.0
1753546966915,16:22:46.915,ACH/USDT:USDT,0.023001,5063.0,0.022999,4996.0,0.023007,44599.0,0.02301,6766.0
1753546967065,16:22:47.065,ACH/USDT:USDT,0.023001,5063.0,0.022999,4996.0,0.023007,44599.0,0.02301,6766.0
1753546967215,16:22:47.215,ACH/USDT:USDT,0.023001,5063.0,0.022999,4996.0,0.023007,44599.0,0.02301,6766.0
1753546967365,16:22:47.365,ACH/USDT:USDT,0.023001,5063.0,0.022999,4996.0,0.023007,44599.0,0.02301,6766.0
1753546967515,16:22:47.515,ACH/USDT:USDT,0.023001,5063.0,0.022999,4996.0,0.023007,44599.0,0.02301,6766.0
1753546967666,16:22:47.666,ACH/USDT:USDT,0.023001,5063.0,0.022999,4996.0,0.023007,44599.0,0.02301,6766.0
1753546967815,16:22:47.815,ACH/USDT:USDT,0.023001,2167.0,0.022999,4996.0,0.023007,44599.0,0.02301,6766.0
1753546967966,16:22:47.966,ACH/USDT:USDT,0.023001,2167.0,0.022999,4996.0,0.023007,44599.0,0.02301,6766.0
1753546968116,16:22:48.116,ACH/USDT:USDT,0.023001,2167.0,0.022999,4996.0,0.023007,44599.0,0.02301,6766.0
1753546968266,16:22:48.266,ACH/USDT:USDT,0.022999,4993.0,0.022993,2852.0,0.023007,44599.0,0.02301,6766.0
1753546968416,16:22:48.416,ACH/USDT:USDT,0.022997,4993.0,0.022993,2852.0,0.023006,13380.0,0.023007,44599.0
1753546968566,16:22:48.566,ACH/USDT:USDT,0.022998,2167.0,0.022997,2938.0,0.023006,13380.0,0.023007,44599.0
1753546968716,16:22:48.716,ACH/USDT:USDT,0.022999,2167.0,0.022998,2167.0,0.023006,13380.0,0.023007,44599.0
1753546968866,16:22:48.866,ACH/USDT:USDT,0.022999,2167.0,0.022997,7931.0,0.023006,13380.0,0.023007,44599.0
1753546969016,16:22:49.016,ACH/USDT:USDT,0.022999,2167.0,0.022997,7931.0,0.023006,13380.0,0.023007,44599.0
1753546969166,16:22:49.166,ACH/USDT:USDT,0.022999,2167.0,0.022997,7931.0,0.023006,13380.0,0.023007,44599.0
1753546969317,16:22:49.317,ACH/USDT:USDT,0.022999,2167.0,0.022997,7931.0,0.023006,13380.0,0.023007,44599.0
1753546969467,16:22:49.467,ACH/USDT:USDT,0.022999,2167.0,0.022997,7931.0,0.023006,13380.0,0.023007,44599.0
1753546969617,16:22:49.617,ACH/USDT:USDT,0.022999,2167.0,0.022998,2379.0,0.023006,13380.0,0.023007,44599.0
1753546969767,16:22:49.767,ACH/USDT:USDT,0.022999,2167.0,0.022998,2379.0,0.023006,13380.0,0.023007,44599.0
1753546969917,16:22:49.917,ACH/USDT:USDT,0.022999,2167.0,0.022998,2379.0,0.023006,13380.0,0.023007,44599.0
1753546970067,16:22:50.067,ACH/USDT:USDT,0.022999,2167.0,0.022998,2379.0,0.023006,13380.0,0.023007,44599.0
1753546970217,16:22:50.217,ACH/USDT:USDT,0.022997,4993.0,0.02299,2852.0,0.023006,13380.0,0.023007,44599.0
1753546970367,16:22:50.367,ACH/USDT:USDT,0.02299,2852.0,0.022987,2852.0,0.023006,13380.0,0.023007,44599.0
1753546970517,16:22:50.517,ACH/USDT:USDT,0.022988,4991.0,0.022987,2852.0,0.023006,13380.0,0.023007,44599.0
1753546970667,16:22:50.667,ACH/USDT:USDT,0.02299,2938.0,0.022987,2852.0,0.023006,13380.0,0.023007,44599.0
1753546970817,16:22:50.817,ACH/USDT:USDT,0.022993,2938.0,0.022991,2167.0,0.023006,13380.0,0.023007,44599.0
1753546970968,16:22:50.968,ACH/USDT:USDT,0.022994,2167.0,0.022993,2938.0,0.023006,13380.0,0.023007,44599.0
1753546971118,16:22:51.118,ACH/USDT:USDT,0.022995,2167.0,0.022994,5105.0,0.023006,13380.0,0.023007,44599.0
1753546971268,16:22:51.268,ACH/USDT:USDT,0.022996,2167.0,0.022995,5105.0,0.023006,13380.0,0.023007,44599.0
1753546971418,16:22:51.418,ACH/USDT:USDT,0.022997,2167.0,0.022996,5105.0,0.023006,13380.0,0.023007,44599.0
1753546971568,16:22:51.568,ACH/USDT:USDT,0.022998,2167.0,0.022997,2167.0,0.023006,13380.0,0.023007,44599.0
1753546971718,16:22:51.718,ACH/USDT:USDT,0.022998,2167.0,0.022996,7930.0,0.023006,13380.0,0.023007,44599.0
1753546971868,16:22:51.868,ACH/USDT:USDT,0.022998,2167.0,0.022997,2379.0,0.023006,13380.0,0.023007,44599.0
1753546972018,16:22:52.018,ACH/USDT:USDT,0.022998,2167.0,0.022997,2379.0,0.023006,13380.0,0.023007,44599.0
1753546972168,16:22:52.168,ACH/USDT:USDT,0.022998,2167.0,0.022997,2379.0,0.023006,13380.0,0.023007,44599.0
1753546972318,16:22:52.318,ACH/USDT:USDT,0.022998,2167.0,0.022997,2379.0,0.023006,13380.0,0.023007,44599.0
1753546972468,16:22:52.468,ACH/USDT:USDT,0.022999,2167.0,0.022998,5105.0,0.023006,13380.0,0.023007,44599.0
1753546972619,16:22:52.619,ACH/USDT:USDT,0.023005,2167.0,0.023,2938.0,0.023007,44599.0,0.02301,2896.0
1753546972769,16:22:52.769,ACH/USDT:USDT,0.023005,2167.0,0.023003,4992.0,0.023007,44599.0,0.02301,2896.0
1753546972919,16:22:52.919,ACH/USDT:USDT,0.023005,2167.0,0.023003,4992.0,0.023007,44599.0,0.02301,2896.0
1753546973069,16:22:53.069,ACH/USDT:USDT,0.023005,2167.0,0.023003,4992.0,0.023007,44599.0,0.02301,2896.0
1753546973219,16:22:53.219,ACH/USDT:USDT,0.023005,2167.0,0.023003,4992.0,0.023007,44599.0,0.02301,2896.0
1753546973369,16:22:53.369,ACH/USDT:USDT,0.023005,2167.0,0.023003,4992.0,0.023007,44599.0,0.02301,2896.0
1753546973519,16:22:53.519,ACH/USDT:USDT,0.023005,2167.0,0.023003,4992.0,0.023007,44599.0,0.02301,2896.0
1753546973669,16:22:53.669,ACH/USDT:USDT,0.023003,4992.0,0.023,2938.0,0.023007,44599.0,0.02301,2896.0
1753546973819,16:22:53.819,ACH/USDT:USDT,0.023001,4991.0,0.023,2938.0,0.023007,44599.0,0.02301,2896.0
1753546973969,16:22:53.969,ACH/USDT:USDT,0.023,2938.0,0.022999,4991.0,0.023007,44599.0,0.02301,2896.0
1753546974120,16:22:54.120,ACH/USDT:USDT,0.022998,4991.0,0.022997,2938.0,0.023007,44599.0,0.02301,2896.0
1753546974270,16:22:54.270,ACH/USDT:USDT,0.022999,2938.0,0.022996,4991.0,0.023007,44599.0,0.02301,2896.0
1753546974420,16:22:54.420,ACH/USDT:USDT,0.023,2167.0,0.022999,2938.0,0.023007,44599.0,0.02301,2896.0
1753546974570,16:22:54.570,ACH/USDT:USDT,0.023001,2167.0,0.023,2167.0,0.023007,44599.0,0.02301,2896.0
1753546974720,16:22:54.720,ACH/USDT:USDT,0.023002,2167.0,0.023001,2167.0,0.023007,44599.0,0.02301,2896.0
1753546974870,16:22:54.870,ACH/USDT:USDT,0.023002,2167.0,0.023,7370.0,0.023007,44599.0,0.02301,2896.0
1753546975020,16:22:55.020,ACH/USDT:USDT,0.023002,2167.0,0.023001,2211.0,0.023007,44599.0,0.02301,2896.0
1753546975170,16:22:55.170,ACH/USDT:USDT,0.023002,2167.0,0.023,4991.0,0.023007,44599.0,0.02301,2896.0
1753546975320,16:22:55.320,ACH/USDT:USDT,0.023002,2167.0,0.023,4991.0,0.023007,44599.0,0.02301,2896.0
1753546975470,16:22:55.470,ACH/USDT:USDT,0.023002,2167.0,0.023,4991.0,0.023007,44599.0,0.02301,2896.0
1753546975620,16:22:55.620,ACH/USDT:USDT,0.023002,2167.0,0.023,4991.0,0.023007,44599.0,0.02301,2896.0
1753546975771,16:22:55.771,ACH/USDT:USDT,0.023002,2167.0,0.023,4991.0,0.023007,44599.0,0.02301,2896.0
1753546975921,16:22:55.921,ACH/USDT:USDT,0.023002,2167.0,0.023,4991.0,0.023007,44599.0,0.02301,2896.0
1753546976071,16:22:56.071,ACH/USDT:USDT,0.023002,2167.0,0.023,4991.0,0.023007,44599.0,0.02301,2896.0
1753546976221,16:22:56.221,ACH/USDT:USDT,0.023002,2167.0,0.023,4991.0,0.023007,44599.0,0.02301,2896.0
1753546976371,16:22:56.371,ACH/USDT:USDT,0.023002,2167.0,0.023,4991.0,0.023007,44599.0,0.02301,2896.0
1753546976521,16:22:56.521,ACH/USDT:USDT,0.023002,2167.0,0.023,4991.0,0.023007,44599.0,0.02301,2896.0
1753546976671,16:22:56.671,ACH/USDT:USDT,0.023002,2167.0,0.023,4991.0,0.023007,44599.0,0.02301,2896.0
1753546976821,16:22:56.821,ACH/USDT:USDT,0.023002,2167.0,0.023,4991.0,0.023007,44599.0,0.02301,2896.0
1753546976971,16:22:56.971,ACH/USDT:USDT,0.023002,2167.0,0.023,4991.0,0.023007,44599.0,0.02301,2896.0
1753546977121,16:22:57.121,ACH/USDT:USDT,0.023002,2167.0,0.023,4991.0,0.023007,44599.0,0.02301,2896.0
1753546977272,16:22:57.272,ACH/USDT:USDT,0.023002,2167.0,0.023,4991.0,0.023007,44599.0,0.02301,2896.0
1753546977422,16:22:57.422,ACH/USDT:USDT,0.023002,2167.0,0.023,4991.0,0.023007,44599.0,0.02301,2896.0
1753546977572,16:22:57.572,ACH/USDT:USDT,0.023002,2167.0,0.023,4991.0,0.023007,44599.0,0.02301,2896.0
1753546977722,16:22:57.722,ACH/USDT:USDT,0.023002,2167.0,0.023,4991.0,0.023007,44599.0,0.02301,2896.0
1753546977872,16:22:57.872,ACH/USDT:USDT,0.023002,2167.0,0.023,4991.0,0.023007,44599.0,0.02301,2896.0
1753546978022,16:22:58.022,ACH/USDT:USDT,0.023002,2167.0,0.023,4991.0,0.023007,44599.0,0.02301,2896.0
1753546978172,16:22:58.172,ACH/USDT:USDT,0.023002,2167.0,0.023,4991.0,0.023007,44599.0,0.02301,2896.0
1753546978322,16:22:58.322,ACH/USDT:USDT,0.023002,2167.0,0.023,4991.0,0.023007,44599.0,0.02301,2896.0
1753546978472,16:22:58.472,ACH/USDT:USDT,0.023002,2167.0,0.023,4991.0,0.023007,44599.0,0.02301,2896.0
1753546978622,16:22:58.622,ACH/USDT:USDT,0.023002,2167.0,0.023,4991.0,0.023007,44599.0,0.02301,2896.0
1753546978772,16:22:58.772,ACH/USDT:USDT,0.023002,2167.0,0.023,4991.0,0.023007,44599.0,0.02301,2896.0
1753546978923,16:22:58.923,ACH/USDT:USDT,0.023002,2167.0,0.023,4991.0,0.023007,44599.0,0.02301,2896.0
1753546979073,16:22:59.073,ACH/USDT:USDT,0.023002,2167.0,0.023,4991.0,0.023007,44599.0,0.02301,2896.0
1753546979223,16:22:59.223,ACH/USDT:USDT,0.023002,2167.0,0.023,4991.0,0.023007,44599.0,0.02301,2896.0
1753546979373,16:22:59.373,ACH/USDT:USDT,0.023002,2167.0,0.023,4991.0,0.023007,44599.0,0.02301,2896.0
1753546979523,16:22:59.523,ACH/USDT:USDT,0.023002,2167.0,0.023,4991.0,0.023007,44599.0,0.02301,2896.0
1753546979673,16:22:59.673,ACH/USDT:USDT,0.023006,2167.0,0.023003,2167.0,0.02301,2896.0,0.023013,44599.0
1753546979823,16:22:59.823,ACH/USDT:USDT,0.023007,2167.0,0.023006,2167.0,0.02301,2896.0,0.023013,44599.0
1753546979973,16:22:59.973,ACH/USDT:USDT,0.023007,2167.0,0.023005,4992.0,0.02301,2896.0,0.023012,13380.0
1753546980123,16:23:00.123,ACH/USDT:USDT,0.023007,2167.0,0.023005,4992.0,0.02301,2896.0,0.023012,13380.0
1753546980273,16:23:00.273,ACH/USDT:USDT,0.023002,2946.0,0.022993,2938.0,0.02301,2896.0,0.023012,13380.0
1753546980423,16:23:00.423,ACH/USDT:USDT,0.023,4992.0,0.022993,2938.0,0.02301,2896.0,0.023012,13380.0
1753546980574,16:23:00.574,ACH/USDT:USDT,0.022998,4992.0,0.022993,2938.0,0.02301,2896.0,0.023012,13380.0
1753546980724,16:23:00.724,ACH/USDT:USDT,0.022999,2946.0,0.022996,4992.0,0.02301,2896.0,0.023012,13380.0
1753546980874,16:23:00.874,ACH/USDT:USDT,0.023,2167.0,0.022999,2946.0,0.02301,2896.0,0.023012,13380.0
1753546981024,16:23:01.024,ACH/USDT:USDT,0.023001,2167.0,0.023,5113.0,0.02301,2896.0,0.023012,13380.0
1753546981174,16:23:01.174,ACH/USDT:USDT,0.023002,2167.0,0.023001,2167.0,0.02301,2896.0,0.023012,13380.0
1753546981324,16:23:01.324,ACH/USDT:USDT,0.023003,2167.0,0.023002,2167.0,0.02301,2896.0,0.023012,13380.0
1753546981474,16:23:01.474,ACH/USDT:USDT,0.023004,2167.0,0.023003,2167.0,0.02301,2896.0,0.023012,13380.0
1753546981624,16:23:01.624,ACH/USDT:USDT,0.023005,2167.0,0.023004,2167.0,0.02301,2896.0,0.023012,13380.0
1753546981774,16:23:01.774,ACH/USDT:USDT,0.023005,2167.0,0.023003,4991.0,0.02301,2896.0,0.023012,13380.0
1753546981924,16:23:01.924,ACH/USDT:USDT,0.023005,2167.0,0.023003,4991.0,0.02301,2896.0,0.023012,13380.0
1753546982074,16:23:02.074,ACH/USDT:USDT,0.023002,4991.0,0.022993,2938.0,0.02301,2896.0,0.023012,13380.0
1753546982224,16:23:02.224,ACH/USDT:USDT,0.022984,47544.0,0.022981,2852.0,0.023002,11807.0,0.023004,3870.0
1753546982375,16:23:02.375,ACH/USDT:USDT,0.022987,2946.0,0.022985,16430.0,0.023,44599.0,0.023002,11807.0
1753546982525,16:23:02.525,ACH/USDT:USDT,0.02299,2946.0,0.022988,2167.0,0.023,44599.0,0.023001,3542.0
1753546982675,16:23:02.675,ACH/USDT:USDT,0.022991,2167.0,0.02299,2946.0,0.022999,13380.0,0.023001,3542.0
1753546982825,16:23:02.825,ACH/USDT:USDT,0.022998,2167.0,0.022993,2946.0,0.023001,2946.0,0.023002,4228.0
1753546982975,16:23:02.975,ACH/USDT:USDT,0.022995,4990.0,0.022993,2946.0,0.023002,4228.0,0.023004,3870.0
1753546983125,16:23:03.125,ACH/USDT:USDT,0.023001,3250.0,0.023,2167.0,0.023002,3304.0,0.023005,2946.0
1753546983275,16:23:03.275,ACH/USDT:USDT,0.023001,3250.0,0.022998,4990.0,0.023002,3304.0,0.023005,2946.0
1753546983425,16:23:03.425,ACH/USDT:USDT,0.023001,3250.0,0.022998,4990.0,0.023002,3304.0,0.023005,2946.0
1753546983575,16:23:03.575,ACH/USDT:USDT,0.023001,3250.0,0.022998,4990.0,0.023002,3304.0,0.023005,2946.0
1753546983726,16:23:03.726,ACH/USDT:USDT,0.022998,4990.0,0.022987,2946.0,0.023001,3250.0,0.023002,3304.0
1753546983876,16:23:03.876,ACH/USDT:USDT,0.022987,2946.0,0.022985,14263.0,0.023001,6196.0,0.023002,358.0
1753546984026,16:23:04.026,ACH/USDT:USDT,0.022987,2946.0,0.022985,14263.0,0.023001,6196.0,0.023002,358.0
1753546984176,16:23:04.176,ACH/USDT:USDT,0.022987,2946.0,0.022985,14263.0,0.023001,6196.0,0.023002,358.0
1753546984326,16:23:04.326,ACH/USDT:USDT,0.022987,2946.0,0.022985,14263.0,0.023001,6196.0,0.023002,358.0
1753546984476,16:23:04.476,ACH/USDT:USDT,0.022987,2946.0,0.022985,14263.0,0.023001,6196.0,0.023002,358.0
1753546984626,16:23:04.626,ACH/USDT:USDT,0.022987,2946.0,0.022985,14263.0,0.023001,6196.0,0.023002,358.0
1753546984776,16:23:04.776,ACH/USDT:USDT,0.022987,2946.0,0.022985,14263.0,0.023001,6196.0,0.023002,358.0
1753546984926,16:23:04.926,ACH/USDT:USDT,0.022987,2946.0,0.022985,14263.0,0.023001,6196.0,0.023002,358.0
1753546985076,16:23:05.076,ACH/USDT:USDT,0.022987,2946.0,0.022985,14263.0,0.023001,6196.0,0.023002,358.0
1753546985226,16:23:05.226,ACH/USDT:USDT,0.022987,2946.0,0.022985,14263.0,0.023001,6196.0,0.023002,358.0
1753546985377,16:23:05.377,ACH/USDT:USDT,0.022987,2946.0,0.022985,14263.0,0.023001,6196.0,0.023002,358.0
1753546985527,16:23:05.527,ACH/USDT:USDT,0.022987,2946.0,0.022985,14263.0,0.023001,6196.0,0.023002,358.0
1753546985677,16:23:05.677,ACH/USDT:USDT,0.02299,44599.0,0.022987,2946.0,0.023001,6196.0,0.023002,358.0
1753546985827,16:23:05.827,ACH/USDT:USDT,0.023,2167.0,0.022992,2946.0,0.023001,6196.0,0.023002,358.0
1753546985977,16:23:05.977,ACH/USDT:USDT,0.023,2167.0,0.022997,4989.0,0.023001,6196.0,0.023002,358.0
1753546986127,16:23:06.127,ACH/USDT:USDT,0.023,2167.0,0.022997,4989.0,0.023001,2946.0,0.023002,358.0
1753546986277,16:23:06.277,ACH/USDT:USDT,0.023,2946.0,0.022992,2946.0,0.023013,44599.0,0.023015,2921.0
1753546986427,16:23:06.427,ACH/USDT:USDT,0.022992,2946.0,0.022991,13380.0,0.023013,44599.0,0.023015,2921.0
1753546986577,16:23:06.577,ACH/USDT:USDT,0.023001,2946.0,0.023,13380.0,0.023013,44599.0,0.023015,2921.0
1753546986727,16:23:06.727,ACH/USDT:USDT,0.023001,2946.0,0.023,13380.0,0.023013,44599.0,0.023015,2921.0
1753546986877,16:23:06.877,ACH/USDT:USDT,0.023001,2946.0,0.023,13380.0,0.023013,44599.0,0.023015,2921.0
1753546987028,16:23:07.028,ACH/USDT:USDT,0.023001,2946.0,0.023,13380.0,0.023013,44599.0,0.023015,2921.0
1753546987178,16:23:07.178,ACH/USDT:USDT,0.023008,44599.0,0.023001,4528.0,0.023021,2864.0,0.023024,2921.0
1753546987328,16:23:07.328,ACH/USDT:USDT,0.02301,2946.0,0.023009,13380.0,0.023024,2921.0,0.023027,7829.0
1753546987478,16:23:07.478,ACH/USDT:USDT,0.02301,2946.0,0.023009,13380.0,0.023023,4555.0,0.023027,7829.0
1753546987628,16:23:07.628,ACH/USDT:USDT,0.02301,2946.0,0.023009,13380.0,0.023023,2946.0,0.023026,7338.0
1753546987778,16:23:07.778,ACH/USDT:USDT,0.02301,2946.0,0.023009,13380.0,0.023026,2349.0,0.023027,2840.0
1753546987928,16:23:07.928,ACH/USDT:USDT,0.023016,2946.0,0.023015,13380.0,0.023026,2946.0,0.023028,4989.0
1753546988078,16:23:08.078,ACH/USDT:USDT,0.023016,2946.0,0.023015,13380.0,0.023026,2946.0,0.023028,4989.0
1753546988228,16:23:08.228,ACH/USDT:USDT,0.023016,2946.0,0.023015,13380.0,0.023026,2946.0,0.023028,4989.0
1753546988378,16:23:08.378,ACH/USDT:USDT,0.023016,2946.0,0.023015,13380.0,0.023026,2946.0,0.023028,4989.0
1753546988529,16:23:08.529,ACH/USDT:USDT,0.023016,2946.0,0.023015,13380.0,0.023026,2946.0,0.023028,4989.0
1753546988679,16:23:08.679,ACH/USDT:USDT,0.023016,2946.0,0.023015,13380.0,0.023026,2946.0,0.023028,4989.0
1753546988829,16:23:08.829,ACH/USDT:USDT,0.023016,2946.0,0.023015,13380.0,0.023026,2946.0,0.023028,4989.0
1753546988979,16:23:08.979,ACH/USDT:USDT,0.023016,2946.0,0.02301,2946.0,0.023026,2946.0,0.023028,4989.0
1753546989129,16:23:09.129,ACH/USDT:USDT,0.02301,2946.0,0.023009,13380.0,0.023026,2946.0,0.023028,4989.0
1753546989279,16:23:09.279,ACH/USDT:USDT,0.02301,2946.0,0.023009,13380.0,0.023026,2946.0,0.023028,4989.0
1753546989429,16:23:09.429,ACH/USDT:USDT,0.02301,2946.0,0.023009,13380.0,0.023026,2946.0,0.023028,4989.0
1753546989579,16:23:09.579,ACH/USDT:USDT,0.02301,2946.0,0.023009,13380.0,0.023026,2946.0,0.023028,4989.0
1753546989729,16:23:09.729,ACH/USDT:USDT,0.02301,2946.0,0.023009,13380.0,0.023026,2946.0,0.023028,4989.0
1753546989879,16:23:09.879,ACH/USDT:USDT,0.02301,2946.0,0.023009,13380.0,0.023026,2946.0,0.023028,4989.0
1753546990029,16:23:10.029,ACH/USDT:USDT,0.02301,2946.0,0.023009,13380.0,0.023026,2946.0,0.023028,4989.0
1753546990180,16:23:10.180,ACH/USDT:USDT,0.02301,2946.0,0.023009,13380.0,0.023026,2946.0,0.023028,4989.0
1753546990330,16:23:10.330,ACH/USDT:USDT,0.02301,2946.0,0.023009,13380.0,0.023026,2946.0,0.023028,4989.0
1753546990480,16:23:10.480,ACH/USDT:USDT,0.02301,2946.0,0.023009,13380.0,0.023026,2946.0,0.023028,4989.0
1753546990630,16:23:10.630,ACH/USDT:USDT,0.02301,2946.0,0.023009,13380.0,0.023026,2946.0,0.023028,4989.0
1753546990780,16:23:10.780,ACH/USDT:USDT,0.02301,2946.0,0.023009,13380.0,0.023026,2946.0,0.023028,4989.0
1753546990930,16:23:10.930,ACH/USDT:USDT,0.02301,2946.0,0.023009,13380.0,0.023026,2946.0,0.023028,4989.0
1753546991080,16:23:11.080,ACH/USDT:USDT,0.023014,44599.0,0.02301,13332.0,0.02303,58813.0,0.023033,2851.0
1753546991230,16:23:11.230,ACH/USDT:USDT,0.023016,2845.0,0.023015,13380.0,0.02303,2864.0,0.023033,2851.0
1753546991380,16:23:11.380,ACH/USDT:USDT,0.02302,44599.0,0.023016,11617.0,0.023033,2851.0,0.023036,206574.0
1753546991530,16:23:11.530,ACH/USDT:USDT,0.023022,2845.0,0.023021,13380.0,0.023033,2851.0,0.023036,56841.0
1753546991681,16:23:11.681,ACH/USDT:USDT,0.023022,2845.0,0.023021,13380.0,0.023033,2851.0,0.023036,52440.0
1753546991831,16:23:11.831,ACH/USDT:USDT,0.023022,2845.0,0.023021,13380.0,0.023033,2851.0,0.023036,52440.0
1753546991981,16:23:11.981,ACH/USDT:USDT,0.023022,2845.0,0.023021,13380.0,0.023033,2851.0,0.023036,52440.0
1753546992131,16:23:12.131,ACH/USDT:USDT,0.023022,2845.0,0.023021,13380.0,0.023033,2851.0,0.023036,52440.0
1753546992281,16:23:12.281,ACH/USDT:USDT,0.023022,2845.0,0.023021,13380.0,0.023033,2851.0,0.023036,52440.0
1753546992431,16:23:12.431,ACH/USDT:USDT,0.023022,2845.0,0.023021,13380.0,0.023033,2851.0,0.023036,52440.0
1753546992581,16:23:12.581,ACH/USDT:USDT,0.023022,2845.0,0.023021,13380.0,0.023033,2851.0,0.023036,52440.0
1753546992731,16:23:12.731,ACH/USDT:USDT,0.023022,2845.0,0.023021,13380.0,0.023033,2851.0,0.023036,52440.0
1753546992881,16:23:12.881,ACH/USDT:USDT,0.023022,2845.0,0.023021,13380.0,0.023033,2851.0,0.023036,52440.0
1753546993031,16:23:13.031,ACH/USDT:USDT,0.023022,2845.0,0.023021,13380.0,0.023033,2851.0,0.023036,52440.0
1753546993181,16:23:13.181,ACH/USDT:USDT,0.023022,2845.0,0.023021,13380.0,0.023033,2851.0,0.023036,52440.0
1753546993332,16:23:13.332,ACH/USDT:USDT,0.023022,2845.0,0.023021,13380.0,0.023033,2851.0,0.023036,52440.0
1753546993482,16:23:13.482,ACH/USDT:USDT,0.023022,2845.0,0.023021,13380.0,0.023033,2851.0,0.023036,52440.0
1753546993632,16:23:13.632,ACH/USDT:USDT,0.023022,2845.0,0.023021,13380.0,0.023033,2851.0,0.023036,52440.0
1753546993782,16:23:13.782,ACH/USDT:USDT,0.023022,2845.0,0.023021,13380.0,0.023033,2851.0,0.023036,52440.0
1753546993932,16:23:13.932,ACH/USDT:USDT,0.023022,2845.0,0.023021,13380.0,0.023033,2851.0,0.023036,52440.0
1753546994082,16:23:14.082,ACH/USDT:USDT,0.023022,7231.0,0.023021,13380.0,0.023036,47450.0,0.023038,4989.0
1753546994232,16:23:14.232,ACH/USDT:USDT,0.023024,2845.0,0.023021,16225.0,0.023033,2845.0,0.023036,2851.0
1753546994382,16:23:14.382,ACH/USDT:USDT,0.023024,2845.0,0.023021,16225.0,0.023036,7840.0,0.023038,2372.0
1753546994532,16:23:14.532,ACH/USDT:USDT,0.023024,2845.0,0.023021,16225.0,0.023036,2851.0,0.023039,7906.0
1753546994682,16:23:14.682,ACH/USDT:USDT,0.023024,2845.0,0.023021,16225.0,0.023036,2851.0,0.023038,2372.0
1753546994833,16:23:14.833,ACH/USDT:USDT,0.023024,2845.0,0.023021,16225.0,0.023036,2851.0,0.023038,2372.0
1753546994983,16:23:14.983,ACH/USDT:USDT,0.023024,2845.0,0.023021,16225.0,0.023036,2851.0,0.023038,2372.0
1753546995133,16:23:15.133,ACH/USDT:USDT,0.023024,2845.0,0.023021,16225.0,0.023036,2851.0,0.023038,2372.0
1753546995283,16:23:15.283,ACH/USDT:USDT,0.023024,2845.0,0.023021,16225.0,0.023036,2851.0,0.023038,2372.0
1753546995433,16:23:15.433,ACH/USDT:USDT,0.023024,2845.0,0.023021,16225.0,0.023036,2851.0,0.023038,2372.0
1753546995583,16:23:15.583,ACH/USDT:USDT,0.023024,2845.0,0.023021,16225.0,0.023036,2851.0,0.023038,2372.0
1753546995733,16:23:15.733,ACH/USDT:USDT,0.023024,2845.0,0.023021,16225.0,0.023036,2851.0,0.023038,2372.0
1753546995883,16:23:15.883,ACH/USDT:USDT,0.023024,2845.0,0.023021,16225.0,0.023036,2851.0,0.023038,2372.0
1753546996033,16:23:16.033,ACH/USDT:USDT,0.023024,2845.0,0.023021,16225.0,0.023036,2851.0,0.023038,2372.0
1753546996183,16:23:16.183,ACH/USDT:USDT,0.023024,2845.0,0.023021,16225.0,0.023036,2851.0,0.023038,2372.0
1753546996333,16:23:16.333,ACH/USDT:USDT,0.023024,2845.0,0.023021,16225.0,0.023036,2851.0,0.023038,2372.0
1753546996483,16:23:16.483,ACH/USDT:USDT,0.023024,2845.0,0.023021,16225.0,0.023036,2851.0,0.023038,2372.0
1753546996634,16:23:16.634,ACH/USDT:USDT,0.023021,16225.0,0.02302,44599.0,0.023036,2851.0,0.023038,2372.0
1753546996784,16:23:16.784,ACH/USDT:USDT,0.023023,2845.0,0.023021,13380.0,0.023035,46208.0,0.023036,2851.0
1753546996934,16:23:16.934,ACH/USDT:USDT,0.023023,2845.0,0.023021,13380.0,0.023034,1609.0,0.023035,46208.0
1753546997084,16:23:17.084,ACH/USDT:USDT,0.023023,2845.0,0.023021,13380.0,0.023033,1609.0,0.023034,4454.0
1753546997234,16:23:17.234,ACH/USDT:USDT,0.023023,16003.0,0.023021,13380.0,0.023036,2845.0,0.023039,7906.0
1753546997384,16:23:17.384,ACH/USDT:USDT,0.023025,2845.0,0.023024,4801.0,0.023036,2845.0,0.023039,7906.0
1753546997534,16:23:17.534,ACH/USDT:USDT,0.023025,2845.0,0.023024,4801.0,0.023036,2845.0,0.023039,7906.0
1753546997684,16:23:17.684,ACH/USDT:USDT,0.023025,2845.0,0.023024,4801.0,0.023036,2845.0,0.023039,7906.0
1753546997834,16:23:17.834,ACH/USDT:USDT,0.023025,2845.0,0.023022,2845.0,0.023036,2845.0,0.023039,7906.0
1753546997984,16:23:17.984,ACH/USDT:USDT,0.023022,2845.0,0.023021,13380.0,0.023036,2845.0,0.023039,7906.0
1753546998134,16:23:18.134,ACH/USDT:USDT,0.023022,2845.0,0.023021,13380.0,0.023036,2845.0,0.023039,7906.0
1753546998285,16:23:18.285,ACH/USDT:USDT,0.023022,2845.0,0.023021,13380.0,0.023036,2845.0,0.023039,7906.0
1753546998435,16:23:18.435,ACH/USDT:USDT,0.023022,2845.0,0.023021,13380.0,0.023036,2845.0,0.023039,7906.0
1753546998585,16:23:18.585,ACH/USDT:USDT,0.023022,2845.0,0.023021,13380.0,0.023036,2845.0,0.023039,7906.0
1753546998735,16:23:18.735,ACH/USDT:USDT,0.023022,2845.0,0.023021,13380.0,0.023036,2845.0,0.023039,7906.0
1753546998885,16:23:18.885,ACH/USDT:USDT,0.023022,2845.0,0.023021,13380.0,0.023036,2845.0,0.023039,7906.0
1753546999035,16:23:19.035,ACH/USDT:USDT,0.023022,2845.0,0.023021,13380.0,0.023036,2845.0,0.023039,7906.0
1753546999185,16:23:19.185,ACH/USDT:USDT,0.023022,2845.0,0.023021,13380.0,0.023035,1609.0,0.023036,6135.0
1753546999335,16:23:19.335,ACH/USDT:USDT,0.023022,2845.0,0.023021,13380.0,0.023034,4471.0,0.023035,1609.0
1753546999485,16:23:19.485,ACH/USDT:USDT,0.023022,2845.0,0.023021,13380.0,0.023034,4471.0,0.023036,3290.0
1753546999635,16:23:19.635,ACH/USDT:USDT,0.023022,2845.0,0.023021,13380.0,0.023034,4471.0,0.023036,3290.0
1753546999786,16:23:19.786,ACH/USDT:USDT,0.023022,2845.0,0.023021,13380.0,0.023034,4471.0,0.023036,3290.0
1753546999936,16:23:19.936,ACH/USDT:USDT,0.023026,44599.0,0.023022,2845.0,0.023039,2918.0,0.023042,2945.0
1753547000086,16:23:20.086,ACH/USDT:USDT,0.023028,2862.0,0.023027,13380.0,0.023042,7934.0,0.023043,44599.0
1753547000236,16:23:20.236,ACH/USDT:USDT,0.023028,2862.0,0.023022,2845.0,0.023041,1609.0,0.023042,2945.0
1753547000386,16:23:20.386,ACH/USDT:USDT,0.023022,2845.0,0.023021,13380.0,0.02304,1609.0,0.023041,4471.0
1753547000686,16:23:20.686,ACH/USDT:USDT,0.023022,2845.0,0.023021,13380.0,0.023038,4471.0,0.023039,1609.0
1753547000836,16:23:20.836,ACH/USDT:USDT,0.023022,2845.0,0.023021,13380.0,0.023037,1609.0,0.023038,4471.0
1753547000986,16:23:20.986,ACH/USDT:USDT,0.023022,2845.0,0.023021,13380.0,0.023037,4471.0,0.02304,4989.0
1753547001136,16:23:21.136,ACH/USDT:USDT,0.023022,2845.0,0.023021,13380.0,0.023037,4471.0,0.02304,4989.0
1753547001286,16:23:21.286,ACH/USDT:USDT,0.023022,2845.0,0.023021,13380.0,0.023037,4471.0,0.02304,4989.0
1753547001437,16:23:21.437,ACH/USDT:USDT,0.023022,2845.0,0.023021,13380.0,0.023037,4471.0,0.02304,4989.0
1753547001587,16:23:21.587,ACH/USDT:USDT,0.023022,2845.0,0.023021,13380.0,0.023037,4471.0,0.02304,4989.0
1753547001737,16:23:21.737,ACH/USDT:USDT,0.023022,2845.0,0.023021,13380.0,0.023037,4471.0,0.02304,4989.0
1753547001887,16:23:21.887,ACH/USDT:USDT,0.023022,2845.0,0.023021,13380.0,0.023037,4471.0,0.02304,4989.0
1753547002037,16:23:22.037,ACH/USDT:USDT,0.023022,2845.0,0.023021,13380.0,0.023037,4471.0,0.02304,4989.0
1753547002187,16:23:22.187,ACH/USDT:USDT,0.023022,2845.0,0.023021,13380.0,0.023037,4471.0,0.02304,4989.0
1753547002337,16:23:22.337,ACH/USDT:USDT,0.023022,2845.0,0.023021,13380.0,0.023037,4471.0,0.02304,4989.0
1753547002487,16:23:22.487,ACH/USDT:USDT,0.023022,2845.0,0.023021,13380.0,0.023037,4471.0,0.02304,7851.0
1753547002637,16:23:22.637,ACH/USDT:USDT,0.023022,2845.0,0.023021,13380.0,0.023037,4471.0,0.02304,7851.0
1753547002787,16:23:22.787,ACH/USDT:USDT,0.023022,2845.0,0.023021,13380.0,0.023037,4471.0,0.02304,7851.0
1753547002937,16:23:22.937,ACH/USDT:USDT,0.023022,2845.0,0.023021,13380.0,0.023037,4471.0,0.02304,7851.0
1753547003088,16:23:23.088,ACH/USDT:USDT,0.023022,2845.0,0.023021,13380.0,0.023037,4471.0,0.02304,7851.0
1753547003238,16:23:23.238,ACH/USDT:USDT,0.023022,2845.0,0.023021,13380.0,0.023037,4471.0,0.023039,2355.0
1753547003388,16:23:23.388,ACH/USDT:USDT,0.023026,44599.0,0.023022,2845.0,0.023037,2862.0,0.023039,2355.0
1753547003538,16:23:23.538,ACH/USDT:USDT,0.023034,2862.0,0.023033,13380.0,0.023045,2825.0,0.023047,5749.0
1753547003688,16:23:23.688,ACH/USDT:USDT,0.023034,2862.0,0.023033,13380.0,0.023045,2825.0,0.023047,5749.0
1753547003838,16:23:23.838,ACH/USDT:USDT,0.023034,2862.0,0.023033,13380.0,0.023045,2825.0,0.023047,5749.0
1753547003988,16:23:23.988,ACH/USDT:USDT,0.023034,2862.0,0.023033,13380.0,0.023045,2825.0,0.023047,5749.0
1753547004138,16:23:24.138,ACH/USDT:USDT,0.023034,2862.0,0.023033,13380.0,0.023045,2825.0,0.023047,5749.0
1753547004288,16:23:24.288,ACH/USDT:USDT,0.023034,2862.0,0.023033,13380.0,0.023045,2825.0,0.023047,5749.0
1753547004588,16:23:24.588,ACH/USDT:USDT,0.023034,2862.0,0.023033,13380.0,0.023045,2825.0,0.023047,5749.0
1753547004889,16:23:24.889,ACH/USDT:USDT,0.023034,2862.0,0.023033,13380.0,0.023045,2825.0,0.023047,5749.0
1753547005039,16:23:25.039,ACH/USDT:USDT,0.023033,13380.0,0.023028,2862.0,0.023043,44599.0,0.023044,1609.0
1753547005189,16:23:25.189,ACH/USDT:USDT,0.023028,2862.0,0.023027,13380.0,0.023042,1609.0,0.023043,44599.0
1753547005339,16:23:25.339,ACH/USDT:USDT,0.023028,2862.0,0.023027,13380.0,0.023041,1609.0,0.023042,4471.0
1753547005489,16:23:25.489,ACH/USDT:USDT,0.023028,2862.0,0.023027,13380.0,0.02304,1609.0,0.023041,4471.0
1753547005639,16:23:25.639,ACH/USDT:USDT,0.023028,2862.0,0.023027,13380.0,0.023039,1609.0,0.02304,4471.0
1753547005789,16:23:25.789,ACH/USDT:USDT,0.023028,2862.0,0.023027,13380.0,0.023038,1609.0,0.023039,4471.0
1753547005939,16:23:25.939,ACH/USDT:USDT,0.023028,2862.0,0.023027,13380.0,0.023037,1609.0,0.023038,4471.0
1753547006089,16:23:26.089,ACH/USDT:USDT,0.023028,2862.0,0.023027,13380.0,0.023037,4471.0,0.023038,1609.0
1753547006239,16:23:26.239,ACH/USDT:USDT,0.023028,2862.0,0.023027,13380.0,0.023037,4471.0,0.02304,4990.0
1753547006390,16:23:26.390,ACH/USDT:USDT,0.023028,2862.0,0.023027,13380.0,0.023037,4471.0,0.02304,4990.0
1753547006540,16:23:26.540,ACH/USDT:USDT,0.023028,2862.0,0.023027,13380.0,0.023037,4471.0,0.02304,4990.0
1753547006690,16:23:26.690,ACH/USDT:USDT,0.023027,13380.0,0.023025,2862.0,0.023037,4471.0,0.023038,3290.0
1753547006840,16:23:26.840,ACH/USDT:USDT,0.023028,2862.0,0.023025,2862.0,0.023036,1609.0,0.023037,4471.0
1753547006990,16:23:26.990,ACH/USDT:USDT,0.023028,2862.0,0.023025,2862.0,0.023036,4471.0,0.023038,3290.0
1753547007140,16:23:27.140,ACH/USDT:USDT,0.023025,2862.0,0.023022,2845.0,0.023036,4471.0,0.023038,3290.0
1753547007290,16:23:27.290,ACH/USDT:USDT,0.023027,2862.0,0.023022,2845.0,0.023036,4471.0,0.023038,3290.0
1753547007440,16:23:27.440,ACH/USDT:USDT,0.023022,2845.0,0.023021,13380.0,0.023036,4471.0,0.023038,3290.0
1753547007590,16:23:27.590,ACH/USDT:USDT,0.023022,2845.0,0.023021,13380.0,0.023035,46208.0,0.023036,7761.0
1753547007740,16:23:27.740,ACH/USDT:USDT,0.023022,2845.0,0.023021,13380.0,0.023034,1609.0,0.023035,1609.0
1753547007890,16:23:27.890,ACH/USDT:USDT,0.023022,2845.0,0.023021,13380.0,0.023033,1609.0,0.023034,4471.0
1753547008041,16:23:28.041,ACH/USDT:USDT,0.023022,2845.0,0.023021,13380.0,0.023032,1609.0,0.023033,4471.0
1753547008191,16:23:28.191,ACH/USDT:USDT,0.023022,2845.0,0.023021,13380.0,0.023031,1609.0,0.023032,4471.0
1753547008341,16:23:28.341,ACH/USDT:USDT,0.023022,2845.0,0.023021,13380.0,0.023031,4471.0,0.023034,4988.0
1753547008491,16:23:28.491,ACH/USDT:USDT,0.023022,2845.0,0.023021,13380.0,0.023031,4471.0,0.023034,4988.0
1753547008641,16:23:28.641,ACH/USDT:USDT,0.023022,2845.0,0.023021,13380.0,0.023031,4471.0,0.023034,4988.0
1753547008791,16:23:28.791,ACH/USDT:USDT,0.023022,2845.0,0.023021,13380.0,0.023031,4471.0,0.023034,4988.0
1753547008941,16:23:28.941,ACH/USDT:USDT,0.023022,2845.0,0.023021,13380.0,0.023031,4471.0,0.023034,4988.0
1753547009092,16:23:29.092,ACH/USDT:USDT,0.023022,2845.0,0.023021,13380.0,0.023031,4471.0,0.023034,4988.0
1753547009248,16:23:29.248,ACH/USDT:USDT,0.023022,2845.0,0.023021,13380.0,0.023031,4471.0,0.023034,4988.0
1753547009434,16:23:29.434,ACH/USDT:USDT,0.023021,13380.0,0.02302,44599.0,0.023031,2862.0,0.023034,4988.0
1753547009645,16:23:29.645,ACH/USDT:USDT,0.023022,2870.0,0.023021,13380.0,0.02303,4479.0,0.023034,4988.0
1753547009842,16:23:29.842,ACH/USDT:USDT,0.023022,2870.0,0.023021,13380.0,0.02303,4479.0,0.023033,4987.0
1753547009992,16:23:29.992,ACH/USDT:USDT,0.023022,2870.0,0.023021,13380.0,0.02303,4479.0,0.023033,4987.0
1753547010142,16:23:30.142,ACH/USDT:USDT,0.023022,2870.0,0.023021,13380.0,0.02303,4479.0,0.023033,4987.0
1753547010292,16:23:30.292,ACH/USDT:USDT,0.023022,2870.0,0.023021,13380.0,0.02303,2870.0,0.023033,4987.0
1753547010442,16:23:30.442,ACH/USDT:USDT,0.023022,2870.0,0.023021,13380.0,0.02303,2870.0,0.023033,4987.0
1753547010592,16:23:30.592,ACH/USDT:USDT,0.023022,2870.0,0.023021,13380.0,0.02303,2870.0,0.023033,4987.0
1753547010742,16:23:30.742,ACH/USDT:USDT,0.023022,2870.0,0.023021,13380.0,0.02303,2870.0,0.023033,4987.0
1753547010892,16:23:30.892,ACH/USDT:USDT,0.023022,2870.0,0.023021,13380.0,0.02303,2870.0,0.023033,4987.0
1753547011042,16:23:31.042,ACH/USDT:USDT,0.023022,2870.0,0.023021,13380.0,0.02303,2870.0,0.023033,4987.0
1753547011192,16:23:31.192,ACH/USDT:USDT,0.023022,2870.0,0.023021,13380.0,0.02303,2870.0,0.023033,4987.0
1753547011343,16:23:31.343,ACH/USDT:USDT,0.023022,2870.0,0.023021,13380.0,0.02303,2870.0,0.023033,4987.0
1753547011493,16:23:31.493,ACH/USDT:USDT,0.023022,2870.0,0.023021,13380.0,0.02303,2870.0,0.023033,4987.0
1753547011643,16:23:31.643,ACH/USDT:USDT,0.023022,2870.0,0.023021,13380.0,0.02303,2870.0,0.023033,4987.0
1753547011793,16:23:31.793,ACH/USDT:USDT,0.023022,2870.0,0.023021,13380.0,0.02303,2870.0,0.023033,4987.0
1753547011943,16:23:31.943,ACH/USDT:USDT,0.023022,2870.0,0.023021,13380.0,0.02303,2870.0,0.023033,4987.0
1753547012093,16:23:32.093,ACH/USDT:USDT,0.023022,2870.0,0.023021,13380.0,0.02303,2870.0,0.023034,4986.0
1753547012243,16:23:32.243,ACH/USDT:USDT,0.023022,2870.0,0.023021,13380.0,0.02303,2870.0,0.023033,4986.0
1753547012393,16:23:32.393,ACH/USDT:USDT,0.023022,2870.0,0.023021,13380.0,0.02303,2870.0,0.023033,4986.0
1753547012543,16:23:32.543,ACH/USDT:USDT,0.023022,2870.0,0.023021,13380.0,0.02303,2870.0,0.023033,4986.0
1753547012693,16:23:32.693,ACH/USDT:USDT,0.023022,2870.0,0.023021,13380.0,0.02303,2870.0,0.023033,4986.0
1753547012844,16:23:32.844,ACH/USDT:USDT,0.023022,2870.0,0.023021,13380.0,0.02303,2870.0,0.023033,4986.0
1753547012994,16:23:32.994,ACH/USDT:USDT,0.023022,2870.0,0.023021,13380.0,0.02303,2870.0,0.023033,4986.0
1753547013144,16:23:33.144,ACH/USDT:USDT,0.023022,2870.0,0.023021,13380.0,0.02303,2870.0,0.023033,4986.0
1753547013294,16:23:33.294,ACH/USDT:USDT,0.023022,2870.0,0.023021,13380.0,0.02303,2870.0,0.023033,4986.0
1753547013444,16:23:33.444,ACH/USDT:USDT,0.023022,2870.0,0.023021,13380.0,0.02303,2870.0,0.023033,4986.0
1753547013594,16:23:33.594,ACH/USDT:USDT,0.023022,2870.0,0.023021,13380.0,0.02303,2870.0,0.023033,4986.0
1753547013744,16:23:33.744,ACH/USDT:USDT,0.023022,2870.0,0.023021,13380.0,0.02303,2870.0,0.023032,3290.0
1753547013894,16:23:33.894,ACH/USDT:USDT,0.023022,2870.0,0.023021,13380.0,0.02303,2870.0,0.023032,3290.0
1753547014044,16:23:34.044,ACH/USDT:USDT,0.023022,2870.0,0.023021,13380.0,0.02303,2870.0,0.023033,4986.0
1753547014194,16:23:34.194,ACH/USDT:USDT,0.023022,2870.0,0.023021,13380.0,0.02303,2870.0,0.023033,4986.0
1753547014344,16:23:34.344,ACH/USDT:USDT,0.023021,13380.0,0.02302,44599.0,0.02303,2870.0,0.023033,4986.0
1753547014495,16:23:34.495,ACH/USDT:USDT,0.023021,13380.0,0.02302,44599.0,0.023029,1609.0,0.02303,2870.0
1753547014645,16:23:34.645,ACH/USDT:USDT,0.023022,2870.0,0.023021,13380.0,0.023029,4479.0,0.023032,4984.0
1753547014795,16:23:34.795,ACH/USDT:USDT,0.023022,2870.0,0.023021,13380.0,0.023029,4479.0,0.023032,4984.0
1753547014945,16:23:34.945,ACH/USDT:USDT,0.023022,2870.0,0.023021,13380.0,0.023029,4479.0,0.023032,4984.0
1753547015095,16:23:35.095,ACH/USDT:USDT,0.023022,2870.0,0.023021,13380.0,0.023029,4479.0,0.023032,4984.0
1753547015245,16:23:35.245,ACH/USDT:USDT,0.023022,2870.0,0.023021,13380.0,0.023029,4479.0,0.023032,4984.0
1753547015395,16:23:35.395,ACH/USDT:USDT,0.023022,2870.0,0.023021,13380.0,0.023029,4479.0,0.023032,4984.0
1753547015545,16:23:35.545,ACH/USDT:USDT,0.023022,2870.0,0.023021,13380.0,0.023029,4479.0,0.023032,4984.0
1753547015695,16:23:35.695,ACH/USDT:USDT,0.023022,2870.0,0.023021,13380.0,0.023029,4479.0,0.023032,4984.0
1753547015845,16:23:35.845,ACH/USDT:USDT,0.023022,2870.0,0.023021,13380.0,0.023029,4479.0,0.023032,4984.0
1753547015995,16:23:35.995,ACH/USDT:USDT,0.023022,2870.0,0.023021,13380.0,0.023029,4479.0,0.023032,4984.0
1753547016146,16:23:36.146,ACH/USDT:USDT,0.023022,2870.0,0.023021,13380.0,0.023029,4479.0,0.023032,4984.0
1753547016296,16:23:36.296,ACH/USDT:USDT,0.023022,2870.0,0.023021,13380.0,0.023029,4479.0,0.023032,4984.0
1753547016446,16:23:36.446,ACH/USDT:USDT,0.023022,2870.0,0.023021,13380.0,0.023029,4479.0,0.023032,4984.0
1753547016596,16:23:36.596,ACH/USDT:USDT,0.023022,2870.0,0.023021,13380.0,0.023029,4479.0,0.023032,4984.0
1753547016746,16:23:36.746,ACH/USDT:USDT,0.023021,13380.0,0.02302,44599.0,0.023029,4479.0,0.023032,4984.0
1753547016896,16:23:36.896,ACH/USDT:USDT,0.023021,13380.0,0.02302,44599.0,0.023029,4479.0,0.023032,4984.0
1753547017046,16:23:37.046,ACH/USDT:USDT,0.023021,13380.0,0.02302,44599.0,0.023029,2870.0,0.023032,4984.0
1753547017196,16:23:37.196,ACH/USDT:USDT,0.023022,2870.0,0.023021,13380.0,0.023029,2870.0,0.023032,4984.0
1753547017346,16:23:37.346,ACH/USDT:USDT,0.023022,2870.0,0.023021,13380.0,0.023029,2870.0,0.023032,4984.0
1753547017496,16:23:37.496,ACH/USDT:USDT,0.023022,2870.0,0.023021,13380.0,0.023029,2870.0,0.023032,4984.0
1753547017646,16:23:37.646,ACH/USDT:USDT,0.023022,2870.0,0.023021,13380.0,0.023029,2870.0,0.023032,4984.0
1753547017797,16:23:37.797,ACH/USDT:USDT,0.023022,2870.0,0.023021,13380.0,0.023029,2870.0,0.023032,4984.0
1753547017947,16:23:37.947,ACH/USDT:USDT,0.023022,2870.0,0.023021,13380.0,0.023029,2870.0,0.023032,4984.0
1753547018097,16:23:38.097,ACH/USDT:USDT,0.023022,2870.0,0.023021,13380.0,0.023029,2870.0,0.023032,4984.0
1753547018247,16:23:38.247,ACH/USDT:USDT,0.023022,2870.0,0.023021,13380.0,0.023029,2870.0,0.023032,4984.0
1753547018397,16:23:38.397,ACH/USDT:USDT,0.023022,2870.0,0.023021,13380.0,0.023029,2870.0,0.023032,4984.0
1753547018547,16:23:38.547,ACH/USDT:USDT,0.023022,2870.0,0.023021,13380.0,0.023029,2870.0,0.023032,4984.0
1753547018697,16:23:38.697,ACH/USDT:USDT,0.023022,2870.0,0.023021,13380.0,0.023029,2870.0,0.023032,4984.0
1753547018847,16:23:38.847,ACH/USDT:USDT,0.023022,2870.0,0.023021,13380.0,0.023029,2870.0,0.023032,4984.0
1753547018997,16:23:38.997,ACH/USDT:USDT,0.023022,2870.0,0.023021,13380.0,0.023029,2870.0,0.023032,4984.0
1753547019147,16:23:39.147,ACH/USDT:USDT,0.023022,2870.0,0.023021,13380.0,0.023029,2870.0,0.023032,4984.0
1753547019297,16:23:39.297,ACH/USDT:USDT,0.023022,2870.0,0.023021,13380.0,0.023029,2870.0,0.023032,4984.0
1753547019448,16:23:39.448,ACH/USDT:USDT,0.023022,2870.0,0.023021,13380.0,0.023029,2870.0,0.023032,4984.0
1753547019598,16:23:39.598,ACH/USDT:USDT,0.023022,2870.0,0.023021,13380.0,0.023032,4984.0,0.023039,2862.0
1753547019748,16:23:39.748,ACH/USDT:USDT,0.023022,2870.0,0.023021,13380.0,0.023032,2946.0,0.023035,4982.0
1753547019898,16:23:39.898,ACH/USDT:USDT,0.023022,2870.0,0.023021,13380.0,0.023035,4982.0,0.023039,2862.0
1753547020048,16:23:40.048,ACH/USDT:USDT,0.023022,2870.0,0.023021,13380.0,0.023038,4983.0,0.023039,2862.0
1753547020198,16:23:40.198,ACH/USDT:USDT,0.023022,2870.0,0.023021,13380.0,0.023037,44599.0,0.023038,2946.0
1753547020348,16:23:40.348,ACH/USDT:USDT,0.023022,2870.0,0.023021,13380.0,0.023036,1609.0,0.023037,44599.0
1753547020498,16:23:40.498,ACH/USDT:USDT,0.023022,2870.0,0.023021,13380.0,0.023035,4555.0,0.023036,1609.0
1753547020648,16:23:40.648,ACH/USDT:USDT,0.023022,2870.0,0.023021,13380.0,0.023034,1609.0,0.023035,4555.0
1753547020798,16:23:40.798,ACH/USDT:USDT,0.023022,2870.0,0.023021,13380.0,0.023033,4555.0,0.023034,1609.0
1753547020949,16:23:40.949,ACH/USDT:USDT,0.023022,2870.0,0.023021,13380.0,0.023033,4555.0,0.023036,4983.0
1753547021099,16:23:41.099,ACH/USDT:USDT,0.023022,2870.0,0.023021,13380.0,0.023033,4555.0,0.023036,4983.0
1753547021249,16:23:41.249,ACH/USDT:USDT,0.023022,2870.0,0.023021,13380.0,0.023033,4555.0,0.023036,4983.0
1753547021399,16:23:41.399,ACH/USDT:USDT,0.023022,2870.0,0.023021,13380.0,0.023033,4555.0,0.023036,4983.0
1753547021549,16:23:41.549,ACH/USDT:USDT,0.023022,2870.0,0.023021,13380.0,0.023033,4555.0,0.023036,4983.0
1753547021699,16:23:41.699,ACH/USDT:USDT,0.023022,2870.0,0.023021,13380.0,0.023033,4555.0,0.023036,4983.0
1753547021849,16:23:41.849,ACH/USDT:USDT,0.023022,2870.0,0.023021,13380.0,0.023033,4555.0,0.023036,4983.0
1753547021999,16:23:41.999,ACH/USDT:USDT,0.023022,2870.0,0.023021,13380.0,0.023033,4555.0,0.023036,4983.0
1753547022149,16:23:42.149,ACH/USDT:USDT,0.023022,2870.0,0.023021,13380.0,0.023033,4555.0,0.023036,4983.0
1753547022299,16:23:42.299,ACH/USDT:USDT,0.023022,2870.0,0.023021,13380.0,0.023033,4555.0,0.023036,4983.0
1753547022449,16:23:42.449,ACH/USDT:USDT,0.023022,2870.0,0.023021,13380.0,0.023036,7929.0,0.023041,5000.0
1753547022600,16:23:42.600,ACH/USDT:USDT,0.023022,2870.0,0.023021,13380.0,0.023036,2946.0,0.023039,4983.0
1753547022750,16:23:42.750,ACH/USDT:USDT,0.023022,2870.0,0.023021,13380.0,0.023036,2946.0,0.023039,4983.0
1753547022900,16:23:42.900,ACH/USDT:USDT,0.023022,2870.0,0.023021,13380.0,0.023036,2946.0,0.023039,4983.0
1753547023050,16:23:43.050,ACH/USDT:USDT,0.023022,2870.0,0.023021,13380.0,0.023036,2946.0,0.023039,4983.0
1753547023200,16:23:43.200,ACH/USDT:USDT,0.023022,2870.0,0.023021,13380.0,0.023036,2946.0,0.023039,4983.0
1753547023350,16:23:43.350,ACH/USDT:USDT,0.023022,2870.0,0.023021,13380.0,0.023036,2946.0,0.023039,4983.0
1753547023500,16:23:43.500,ACH/USDT:USDT,0.023022,2870.0,0.023021,13380.0,0.023036,2946.0,0.023038,3290.0
1753547023650,16:23:43.650,ACH/USDT:USDT,0.023022,2870.0,0.023021,13380.0,0.023036,2946.0,0.023038,3290.0
1753547023800,16:23:43.800,ACH/USDT:USDT,0.023022,2870.0,0.023021,13380.0,0.023036,2946.0,0.023038,3290.0
1753547023950,16:23:43.950,ACH/USDT:USDT,0.023022,2870.0,0.023021,13380.0,0.023036,2946.0,0.023038,3290.0
1753547024100,16:23:44.100,ACH/USDT:USDT,0.023022,2870.0,0.023021,13380.0,0.023036,2946.0,0.023038,3290.0
1753547024251,16:23:44.251,ACH/USDT:USDT,0.023022,2870.0,0.023021,13380.0,0.023036,2946.0,0.023038,3290.0
1753547024401,16:23:44.401,ACH/USDT:USDT,0.023022,2870.0,0.023021,13380.0,0.023036,2946.0,0.023038,3290.0
1753547024551,16:23:44.551,ACH/USDT:USDT,0.023022,2870.0,0.023021,13380.0,0.023036,2946.0,0.023038,3290.0
1753547024701,16:23:44.701,ACH/USDT:USDT,0.023022,2870.0,0.023021,13380.0,0.023036,2946.0,0.023038,3290.0
1753547024851,16:23:44.851,ACH/USDT:USDT,0.023022,2870.0,0.023021,13380.0,0.023036,2946.0,0.023038,3290.0
1753547025001,16:23:45.001,ACH/USDT:USDT,0.023022,2870.0,0.023021,13380.0,0.023036,2946.0,0.023038,3290.0
1753547025151,16:23:45.151,ACH/USDT:USDT,0.023022,2870.0,0.023021,13380.0,0.023036,2946.0,0.023038,3290.0
1753547025301,16:23:45.301,ACH/USDT:USDT,0.023022,2870.0,0.023021,13380.0,0.023036,2946.0,0.023038,3290.0
1753547025451,16:23:45.451,ACH/USDT:USDT,0.023022,2870.0,0.023021,13380.0,0.023036,2946.0,0.023038,3290.0
1753547025601,16:23:45.601,ACH/USDT:USDT,0.023022,2870.0,0.023021,13380.0,0.023036,2946.0,0.023038,3290.0
1753547025751,16:23:45.751,ACH/USDT:USDT,0.023022,2870.0,0.023021,13380.0,0.023036,2946.0,0.023038,3290.0
1753547025902,16:23:45.902,ACH/USDT:USDT,0.023022,2870.0,0.023021,13380.0,0.023036,2946.0,0.023038,3290.0
1753547026052,16:23:46.052,ACH/USDT:USDT,0.023022,2870.0,0.023021,13380.0,0.023036,2946.0,0.023038,3290.0
1753547026202,16:23:46.202,ACH/USDT:USDT,0.023022,2870.0,0.023021,13380.0,0.023036,2946.0,0.023038,3290.0
1753547026352,16:23:46.352,ACH/USDT:USDT,0.023022,2870.0,0.023021,13380.0,0.023036,2946.0,0.023038,3290.0
1753547026502,16:23:46.502,ACH/USDT:USDT,0.023022,2870.0,0.023021,13380.0,0.023036,2946.0,0.023038,3290.0
1753547026652,16:23:46.652,ACH/USDT:USDT,0.023022,2870.0,0.023021,13380.0,0.023036,2946.0,0.023038,3290.0
1753547026802,16:23:46.802,ACH/USDT:USDT,0.023022,2870.0,0.023021,13380.0,0.023036,2946.0,0.023038,3290.0
1753547026952,16:23:46.952,ACH/USDT:USDT,0.023022,2870.0,0.023021,13380.0,0.023036,2946.0,0.023038,3290.0
1753547027102,16:23:47.102,ACH/USDT:USDT,0.023022,2870.0,0.023021,13380.0,0.023036,2946.0,0.023038,3290.0
1753547027252,16:23:47.252,ACH/USDT:USDT,0.023022,2870.0,0.023021,13380.0,0.023036,2946.0,0.023038,3290.0
1753547027402,16:23:47.402,ACH/USDT:USDT,0.023022,2870.0,0.023021,13380.0,0.023036,2946.0,0.023038,3290.0
1753547027553,16:23:47.553,ACH/USDT:USDT,0.023022,2870.0,0.023021,13380.0,0.023036,2946.0,0.023038,3290.0
1753547027703,16:23:47.703,ACH/USDT:USDT,0.023022,2870.0,0.023021,13380.0,0.023036,2946.0,0.023038,3290.0
1753547027853,16:23:47.853,ACH/USDT:USDT,0.023022,2870.0,0.023021,13380.0,0.023036,2946.0,0.023038,3290.0
1753547028003,16:23:48.003,ACH/USDT:USDT,0.023022,2870.0,0.023021,13380.0,0.023036,2946.0,0.023038,3290.0
1753547028153,16:23:48.153,ACH/USDT:USDT,0.023022,2870.0,0.023021,13380.0,0.023036,2946.0,0.023038,3290.0
1753547028303,16:23:48.303,ACH/USDT:USDT,0.023022,2870.0,0.023021,13380.0,0.023036,2946.0,0.023038,3290.0
1753547028453,16:23:48.453,ACH/USDT:USDT,0.023022,2870.0,0.023021,13380.0,0.023036,2946.0,0.023038,3290.0
1753547028603,16:23:48.603,ACH/USDT:USDT,0.023022,2870.0,0.023021,13380.0,0.023036,2946.0,0.023038,3290.0
1753547028753,16:23:48.753,ACH/USDT:USDT,0.023022,2870.0,0.023021,13380.0,0.023036,2946.0,0.023038,3290.0
1753547028903,16:23:48.903,ACH/USDT:USDT,0.023022,2870.0,0.023021,13380.0,0.023036,2946.0,0.023038,3290.0
1753547029054,16:23:49.054,ACH/USDT:USDT,0.023022,2870.0,0.023021,13380.0,0.023036,2946.0,0.023038,3290.0
1753547029204,16:23:49.204,ACH/USDT:USDT,0.023022,2870.0,0.023021,13380.0,0.023036,2946.0,0.023038,3290.0
1753547029354,16:23:49.354,ACH/USDT:USDT,0.023022,2870.0,0.023021,13380.0,0.023036,2946.0,0.023038,3290.0
1753547029504,16:23:49.504,ACH/USDT:USDT,0.023022,2870.0,0.023021,13380.0,0.023036,2946.0,0.023038,3290.0
1753547029654,16:23:49.654,ACH/USDT:USDT,0.023022,2870.0,0.023021,13380.0,0.023036,2946.0,0.023038,3290.0
1753547029804,16:23:49.804,ACH/USDT:USDT,0.023022,2870.0,0.023021,13380.0,0.023036,2946.0,0.023038,3290.0
1753547029954,16:23:49.954,ACH/USDT:USDT,0.023022,2870.0,0.023021,13380.0,0.023036,2946.0,0.023038,3290.0
1753547030104,16:23:50.104,ACH/USDT:USDT,0.023022,2870.0,0.023021,13380.0,0.023036,2946.0,0.023038,3290.0
1753547030254,16:23:50.254,ACH/USDT:USDT,0.023022,2870.0,0.023021,13380.0,0.023036,2946.0,0.023038,3290.0
1753547030404,16:23:50.404,ACH/USDT:USDT,0.023022,2870.0,0.023021,13380.0,0.023036,2946.0,0.023038,3290.0
1753547030554,16:23:50.554,ACH/USDT:USDT,0.023022,2870.0,0.023021,13380.0,0.023035,46208.0,0.023036,2946.0
1753547030705,16:23:50.705,ACH/USDT:USDT,0.023022,2870.0,0.023021,13380.0,0.023034,1609.0,0.023035,46208.0
1753547030854,16:23:50.854,ACH/USDT:USDT,0.023022,2870.0,0.023021,13380.0,0.023033,1609.0,0.023034,4426.0
1753547031005,16:23:51.005,ACH/USDT:USDT,0.023022,2870.0,0.023021,13380.0,0.023032,1609.0,0.023033,4426.0
1753547031155,16:23:51.155,ACH/USDT:USDT,0.023022,2870.0,0.023021,13380.0,0.023031,1609.0,0.023032,4426.0
1753547031305,16:23:51.305,ACH/USDT:USDT,0.023021,13380.0,0.023016,2845.0,0.023031,7716.0,0.023033,3290.0
1753547031455,16:23:51.455,ACH/USDT:USDT,0.023021,13380.0,0.023016,2845.0,0.02303,4426.0,0.023031,4899.0
1753547031605,16:23:51.605,ACH/USDT:USDT,0.023022,2817.0,0.023021,13380.0,0.023029,1609.0,0.02303,4426.0
1753547031755,16:23:51.755,ACH/USDT:USDT,0.023022,2817.0,0.023021,13380.0,0.023028,1609.0,0.023029,4426.0
1753547031905,16:23:51.905,ACH/USDT:USDT,0.023021,13380.0,0.023016,2845.0,0.023027,4426.0,0.023028,1609.0
1753547032055,16:23:52.055,ACH/USDT:USDT,0.023021,13380.0,0.023016,2845.0,0.023026,1609.0,0.023027,4426.0
1753547032205,16:23:52.205,ACH/USDT:USDT,0.023021,13380.0,0.023016,2845.0,0.023025,1609.0,0.023026,4426.0
1753547032356,16:23:52.356,ACH/USDT:USDT,0.023021,13380.0,0.023016,2845.0,0.023024,4426.0,0.023025,1609.0
1753547032506,16:23:52.506,ACH/USDT:USDT,0.023021,13380.0,0.023016,2845.0,0.023023,1609.0,0.023024,4426.0
1753547032656,16:23:52.656,ACH/USDT:USDT,0.023015,13380.0,0.023014,44599.0,0.023022,4426.0,0.023023,1609.0
1753547032806,16:23:52.806,ACH/USDT:USDT,0.023015,13380.0,0.023014,44599.0,0.023021,1609.0,0.023022,4426.0
1753547032956,16:23:52.956,ACH/USDT:USDT,0.023016,2817.0,0.023015,13380.0,0.023021,1609.0,0.023024,8278.0
1753547033106,16:23:53.106,ACH/USDT:USDT,0.023016,2817.0,0.023015,13380.0,0.023021,1609.0,0.023024,8278.0
1753547033256,16:23:53.256,ACH/USDT:USDT,0.023016,2817.0,0.023015,13380.0,0.023021,4426.0,0.023024,8278.0
1753547033406,16:23:53.406,ACH/USDT:USDT,0.023016,2817.0,0.023015,13380.0,0.023021,4426.0,0.023024,8278.0
1753547033556,16:23:53.556,ACH/USDT:USDT,0.023015,13380.0,0.02301,2946.0,0.023016,1609.0,0.023017,1609.0
1753547033706,16:23:53.706,ACH/USDT:USDT,0.023015,13380.0,0.02301,2946.0,0.023016,1609.0,0.023019,4987.0
1753547033856,16:23:53.856,ACH/USDT:USDT,0.023015,13380.0,0.02301,2946.0,0.023019,4987.0,0.02302,4987.0
1753547034007,16:23:54.007,ACH/USDT:USDT,0.023015,13380.0,0.02301,2946.0,0.023019,2817.0,0.023022,4987.0
1753547034157,16:23:54.157,ACH/USDT:USDT,0.023015,13380.0,0.02301,2946.0,0.023019,2817.0,0.023022,4987.0
1753547034307,16:23:54.307,ACH/USDT:USDT,0.023015,13380.0,0.02301,2946.0,0.023019,2817.0,0.023022,4987.0
1753547034457,16:23:54.457,ACH/USDT:USDT,0.023015,13380.0,0.02301,2946.0,0.023019,2817.0,0.023022,4987.0
1753547034607,16:23:54.607,ACH/USDT:USDT,0.023015,13380.0,0.02301,2946.0,0.023019,2817.0,0.023022,4987.0
1753547034757,16:23:54.757,ACH/USDT:USDT,0.023015,13380.0,0.02301,2946.0,0.023022,4987.0,0.023024,3290.0
1753547034907,16:23:54.907,ACH/USDT:USDT,0.023016,2817.0,0.023015,13380.0,0.023022,2817.0,0.023024,3290.0
1753547035057,16:23:55.057,ACH/USDT:USDT,0.023016,2817.0,0.023015,13380.0,0.023022,2817.0,0.023024,3290.0
1753547035207,16:23:55.207,ACH/USDT:USDT,0.023016,2817.0,0.023015,13380.0,0.023022,2817.0,0.023024,3290.0
1753547035357,16:23:55.357,ACH/USDT:USDT,0.023016,2817.0,0.023015,13380.0,0.023022,2817.0,0.023024,3290.0
1753547035508,16:23:55.508,ACH/USDT:USDT,0.023015,13380.0,0.02301,2946.0,0.023022,2817.0,0.023024,3290.0
1753547035658,16:23:55.658,ACH/USDT:USDT,0.023015,13380.0,0.02301,2946.0,0.023021,4426.0,0.023024,3290.0
1753547035808,16:23:55.808,ACH/USDT:USDT,0.023015,13380.0,0.02301,2946.0,0.02302,1609.0,0.023021,4426.0
1753547035958,16:23:55.958,ACH/USDT:USDT,0.023015,13380.0,0.02301,2946.0,0.02302,4426.0,0.023023,4988.0
1753547036108,16:23:56.108,ACH/USDT:USDT,0.023015,13380.0,0.02301,2946.0,0.02302,4426.0,0.023023,4988.0
1753547036258,16:23:56.258,ACH/USDT:USDT,0.023015,13380.0,0.02301,2946.0,0.02302,4426.0,0.023023,4988.0
1753547036408,16:23:56.408,ACH/USDT:USDT,0.023015,13380.0,0.02301,2946.0,0.02302,4426.0,0.023023,4988.0
1753547036558,16:23:56.558,ACH/USDT:USDT,0.023015,13380.0,0.02301,2946.0,0.02302,4426.0,0.023023,4988.0
1753547036708,16:23:56.708,ACH/USDT:USDT,0.023015,13380.0,0.02301,2946.0,0.02302,4426.0,0.023023,4988.0
1753547036858,16:23:56.858,ACH/USDT:USDT,0.023015,13380.0,0.02301,2946.0,0.02302,4426.0,0.023023,4988.0
1753547037008,16:23:57.008,ACH/USDT:USDT,0.023015,13380.0,0.02301,2946.0,0.02302,4426.0,0.023023,4988.0
1753547037309,16:23:57.309,ACH/USDT:USDT,0.023015,13380.0,0.02301,2946.0,0.02302,4426.0,0.023023,4988.0
1753547037459,16:23:57.459,ACH/USDT:USDT,0.023015,13380.0,0.02301,2946.0,0.02302,4426.0,0.023023,4988.0
1753547037609,16:23:57.609,ACH/USDT:USDT,0.023015,13380.0,0.02301,2946.0,0.02302,4426.0,0.023023,4988.0
1753547037759,16:23:57.759,ACH/USDT:USDT,0.023015,13380.0,0.02301,2946.0,0.02302,4426.0,0.023023,4988.0
1753547037909,16:23:57.909,ACH/USDT:USDT,0.023015,13380.0,0.02301,2946.0,0.02302,4426.0,0.023023,4988.0
1753547038059,16:23:58.059,ACH/USDT:USDT,0.023015,13380.0,0.02301,2946.0,0.02302,4426.0,0.023023,4988.0
1753547038209,16:23:58.209,ACH/USDT:USDT,0.023015,13380.0,0.02301,2946.0,0.02302,1609.0,0.023023,4988.0
1753547038359,16:23:58.359,ACH/USDT:USDT,0.023016,2817.0,0.023015,13380.0,0.02302,1609.0,0.023023,4988.0
1753547038509,16:23:58.509,ACH/USDT:USDT,0.023016,2817.0,0.023015,13380.0,0.023019,1609.0,0.02302,1609.0
1753547038659,16:23:58.659,ACH/USDT:USDT,0.023015,13380.0,0.02301,2946.0,0.023019,1609.0,0.023022,4989.0
1753547038810,16:23:58.810,ACH/USDT:USDT,0.023015,13380.0,0.02301,2946.0,0.023019,1609.0,0.023022,7797.0
1753547039110,16:23:59.110,ACH/USDT:USDT,0.023015,13380.0,0.02301,2946.0,0.023019,4417.0,0.023022,7797.0
1753547039260,16:23:59.260,ACH/USDT:USDT,0.023015,13380.0,0.02301,2946.0,0.023019,4417.0,0.023022,7797.0
1753547039410,16:23:59.410,ACH/USDT:USDT,0.023015,13380.0,0.02301,2946.0,0.023019,4417.0,0.023022,7797.0
1753547039560,16:23:59.560,ACH/USDT:USDT,0.023015,13380.0,0.02301,2946.0,0.023019,4417.0,0.023022,7797.0
1753547039710,16:23:59.710,ACH/USDT:USDT,0.023015,13380.0,0.02301,2946.0,0.023019,4417.0,0.023022,7797.0
1753547039860,16:23:59.860,ACH/USDT:USDT,0.023015,13380.0,0.02301,2946.0,0.023019,4417.0,0.023022,7797.0
1753547040010,16:24:00.010,ACH/USDT:USDT,0.023016,2808.0,0.023015,13380.0,0.023022,7797.0,0.023024,3290.0
1753547040160,16:24:00.160,ACH/USDT:USDT,0.023006,4184.0,0.023004,2946.0,0.023015,13380.0,0.023016,4417.0
1753547040310,16:24:00.310,ACH/USDT:USDT,0.023006,4184.0,0.023004,2946.0,0.023014,4417.0,0.023015,16670.0
1753547040461,16:24:00.461,ACH/USDT:USDT,0.023008,2808.0,0.023007,44599.0,0.023021,4990.0,0.023022,2808.0
1753547040611,16:24:00.611,ACH/USDT:USDT,0.023008,188980.0,0.023007,44599.0,0.02302,1609.0,0.023021,2808.0
1753547040761,16:24:00.761,ACH/USDT:USDT,0.02301,2808.0,0.023008,186172.0,0.02302,4417.0,0.023023,4990.0
1753547040911,16:24:00.911,ACH/USDT:USDT,0.02301,2808.0,0.023008,186172.0,0.02302,4417.0,0.023023,4990.0
1753547041061,16:24:01.061,ACH/USDT:USDT,0.02301,2808.0,0.023008,186172.0,0.02302,4417.0,0.023023,4990.0
1753547041211,16:24:01.211,ACH/USDT:USDT,0.02301,2808.0,0.023008,186172.0,0.02302,4417.0,0.023023,4990.0
1753547041361,16:24:01.361,ACH/USDT:USDT,0.02301,2808.0,0.023008,186172.0,0.02302,7707.0,0.023022,3290.0
1753547041511,16:24:01.511,ACH/USDT:USDT,0.02301,2808.0,0.023008,186172.0,0.02302,7707.0,0.023022,3290.0
1753547041661,16:24:01.661,ACH/USDT:USDT,0.02301,2808.0,0.023008,186172.0,0.02302,7707.0,0.023022,3290.0
1753547041811,16:24:01.811,ACH/USDT:USDT,0.02301,2808.0,0.023008,186172.0,0.02302,7707.0,0.023022,3290.0
1753547041962,16:24:01.962,ACH/USDT:USDT,0.02301,2808.0,0.023008,186172.0,0.02302,7707.0,0.023022,3290.0
1753547042112,16:24:02.112,ACH/USDT:USDT,0.02301,2808.0,0.023008,186172.0,0.02302,7707.0,0.023022,3290.0
1753547042262,16:24:02.262,ACH/USDT:USDT,0.02301,2808.0,0.023008,186172.0,0.02302,7707.0,0.023022,3290.0
1753547042412,16:24:02.412,ACH/USDT:USDT,0.02301,2808.0,0.023008,186172.0,0.02302,7707.0,0.023022,3290.0
1753547042562,16:24:02.562,ACH/USDT:USDT,0.02301,2808.0,0.023008,186172.0,0.02302,7707.0,0.023022,3290.0
1753547042712,16:24:02.712,ACH/USDT:USDT,0.02301,2808.0,0.023008,186172.0,0.02302,7707.0,0.023022,3290.0
1753547042862,16:24:02.862,ACH/USDT:USDT,0.02301,2808.0,0.023008,186172.0,0.023019,1609.0,0.02302,7707.0
1753547043012,16:24:03.012,ACH/USDT:USDT,0.02301,2808.0,0.023008,186172.0,0.023018,1609.0,0.023019,4417.0
1753547043162,16:24:03.162,ACH/USDT:USDT,0.02301,2808.0,0.023008,186172.0,0.023017,1609.0,0.023018,4417.0
1753547043313,16:24:03.313,ACH/USDT:USDT,0.02301,2808.0,0.023008,186172.0,0.023017,1609.0,0.023018,2808.0
1753547043463,16:24:03.463,ACH/USDT:USDT,0.02301,2808.0,0.023008,186172.0,0.023017,4417.0,0.02302,8280.0
1753547043613,16:24:03.613,ACH/USDT:USDT,0.02301,2808.0,0.023008,186172.0,0.023017,4417.0,0.02302,8280.0
1753547043763,16:24:03.763,ACH/USDT:USDT,0.02301,2808.0,0.023008,186172.0,0.023017,4417.0,0.02302,8280.0
1753547043913,16:24:03.913,ACH/USDT:USDT,0.02301,2808.0,0.023008,186172.0,0.023017,4417.0,0.02302,8280.0
1753547044063,16:24:04.063,ACH/USDT:USDT,0.02301,2808.0,0.023008,186172.0,0.023017,4417.0,0.02302,8280.0
1753547044213,16:24:04.213,ACH/USDT:USDT,0.02301,2808.0,0.023008,186172.0,0.023028,2817.0,0.023029,44599.0
1753547044363,16:24:04.363,ACH/USDT:USDT,0.02301,2808.0,0.023008,186172.0,0.023028,2817.0,0.023029,44599.0
1753547044513,16:24:04.513,ACH/USDT:USDT,0.02301,2808.0,0.023008,186172.0,0.023028,2817.0,0.023029,44599.0
1753547044663,16:24:04.663,ACH/USDT:USDT,0.02301,2808.0,0.023008,186172.0,0.023028,2817.0,0.023029,44599.0
1753547044813,16:24:04.813,ACH/USDT:USDT,0.02301,2808.0,0.023008,186172.0,0.023028,2817.0,0.023029,44599.0
1753547044963,16:24:04.963,ACH/USDT:USDT,0.02301,2808.0,0.023008,186172.0,0.023028,2817.0,0.023029,44599.0
1753547045114,16:24:05.114,ACH/USDT:USDT,0.02301,2808.0,0.023008,186172.0,0.023028,2817.0,0.023029,44599.0
1753547045264,16:24:05.264,ACH/USDT:USDT,0.02301,2808.0,0.023008,186172.0,0.023028,2817.0,0.023029,44599.0
1753547045414,16:24:05.414,ACH/USDT:USDT,0.02301,2808.0,0.023008,186172.0,0.023028,2817.0,0.023029,44599.0
1753547045564,16:24:05.564,ACH/USDT:USDT,0.02301,2808.0,0.023008,186172.0,0.023028,2817.0,0.023029,44599.0
1753547045714,16:24:05.714,ACH/USDT:USDT,0.02301,2808.0,0.023008,186172.0,0.023028,2817.0,0.023029,44599.0
1753547045864,16:24:05.864,ACH/USDT:USDT,0.02301,2808.0,0.023008,186172.0,0.023028,2817.0,0.023029,44599.0
1753547046014,16:24:06.014,ACH/USDT:USDT,0.02301,2808.0,0.023008,186172.0,0.023028,2817.0,0.023029,44599.0
1753547046164,16:24:06.164,ACH/USDT:USDT,0.02301,2808.0,0.023008,186172.0,0.023028,2817.0,0.023029,44599.0
1753547046314,16:24:06.314,ACH/USDT:USDT,0.02301,2808.0,0.023008,186172.0,0.023028,2817.0,0.023029,44599.0
1753547046464,16:24:06.464,ACH/USDT:USDT,0.02301,2808.0,0.023008,186172.0,0.023028,2817.0,0.023029,44599.0
1753547046614,16:24:06.614,ACH/USDT:USDT,0.02301,2808.0,0.023008,186172.0,0.023028,2817.0,0.023029,44599.0
1753547046765,16:24:06.765,ACH/USDT:USDT,0.02301,2808.0,0.023008,186172.0,0.023028,2817.0,0.023029,44599.0
1753547046915,16:24:06.915,ACH/USDT:USDT,0.02301,2808.0,0.023008,186172.0,0.023028,2817.0,0.023029,44599.0
1753547047065,16:24:07.065,ACH/USDT:USDT,0.02301,2808.0,0.023008,186172.0,0.023028,2817.0,0.023029,44599.0
1753547047215,16:24:07.215,ACH/USDT:USDT,0.02301,2808.0,0.023008,186172.0,0.023028,2817.0,0.023029,44599.0
1753547047365,16:24:07.365,ACH/USDT:USDT,0.02301,2808.0,0.023008,186172.0,0.023028,2817.0,0.023029,44599.0
1753547047515,16:24:07.515,ACH/USDT:USDT,0.02301,2808.0,0.023008,186172.0,0.023028,2817.0,0.023029,44599.0
1753547047665,16:24:07.665,ACH/USDT:USDT,0.02301,2808.0,0.023008,186172.0,0.023028,2817.0,0.023029,44599.0
1753547047815,16:24:07.815,ACH/USDT:USDT,0.02301,2808.0,0.023008,186172.0,0.023028,2817.0,0.023029,44599.0
1753547047965,16:24:07.965,ACH/USDT:USDT,0.02301,2808.0,0.023008,186172.0,0.023028,2817.0,0.023029,44599.0
1753547048115,16:24:08.115,ACH/USDT:USDT,0.02301,2808.0,0.023008,186172.0,0.023028,2817.0,0.023029,44599.0
1753547048266,16:24:08.266,ACH/USDT:USDT,0.02301,2808.0,0.023008,186172.0,0.023028,2817.0,0.023029,44599.0
1753547048416,16:24:08.416,ACH/USDT:USDT,0.02301,2808.0,0.023008,186172.0,0.023028,6107.0,0.023029,44599.0
1753547048566,16:24:08.566,ACH/USDT:USDT,0.02301,2808.0,0.023008,186172.0,0.023028,6107.0,0.023029,44599.0
1753547048716,16:24:08.716,ACH/USDT:USDT,0.02301,2808.0,0.023008,186172.0,0.023023,44599.0,0.023028,6107.0
1753547048866,16:24:08.866,ACH/USDT:USDT,0.02301,2808.0,0.023008,186172.0,0.023022,1609.0,0.023023,44599.0
1753547049016,16:24:09.016,ACH/USDT:USDT,0.02301,2808.0,0.023008,186172.0,0.023021,4451.0,0.023022,1609.0
1753547049166,16:24:09.166,ACH/USDT:USDT,0.02301,2808.0,0.023008,186172.0,0.02302,1609.0,0.023021,4451.0
1753547049316,16:24:09.316,ACH/USDT:USDT,0.02301,2808.0,0.023008,186172.0,0.023019,1609.0,0.02302,4451.0
1753547049466,16:24:09.466,ACH/USDT:USDT,0.02301,2808.0,0.023008,186172.0,0.023018,4451.0,0.023019,1609.0
1753547049616,16:24:09.616,ACH/USDT:USDT,0.02301,2808.0,0.023008,186172.0,0.023017,1609.0,0.023018,4451.0
1753547049766,16:24:09.766,ACH/USDT:USDT,0.02301,2808.0,0.023008,186172.0,0.023017,4451.0,0.023021,4996.0
1753547049917,16:24:09.917,ACH/USDT:USDT,0.02301,2808.0,0.023008,186172.0,0.023017,4451.0,0.02302,4996.0
1753547050067,16:24:10.067,ACH/USDT:USDT,0.02301,2808.0,0.023008,186172.0,0.023017,4451.0,0.02302,4996.0
1753547050217,16:24:10.217,ACH/USDT:USDT,0.02301,2808.0,0.023008,186172.0,0.023017,4451.0,0.02302,4996.0
1753547050367,16:24:10.367,ACH/USDT:USDT,0.02301,2808.0,0.023008,186172.0,0.023017,4451.0,0.02302,4996.0
1753547050517,16:24:10.517,ACH/USDT:USDT,0.02301,2808.0,0.023008,186172.0,0.023017,4451.0,0.02302,4996.0
1753547050667,16:24:10.667,ACH/USDT:USDT,0.02301,2808.0,0.023008,186172.0,0.023017,4451.0,0.02302,4996.0
1753547050817,16:24:10.817,ACH/USDT:USDT,0.02301,2808.0,0.023008,186172.0,0.023017,1609.0,0.02302,4996.0
1753547050967,16:24:10.967,ACH/USDT:USDT,0.02301,2808.0,0.023008,186172.0,0.02302,7838.0,0.023023,44599.0
1753547051117,16:24:11.117,ACH/USDT:USDT,0.02301,2808.0,0.023008,186172.0,0.02302,2842.0,0.023023,49596.0
1753547051267,16:24:11.267,ACH/USDT:USDT,0.02301,2808.0,0.023008,186172.0,0.02302,2842.0,0.023023,49596.0
1753547051418,16:24:11.418,ACH/USDT:USDT,0.02301,2808.0,0.023008,186172.0,0.02302,2842.0,0.023023,49596.0
1753547051568,16:24:11.568,ACH/USDT:USDT,0.02301,2808.0,0.023008,186172.0,0.023023,52438.0,0.023028,31465.0
1753547051718,16:24:11.718,ACH/USDT:USDT,0.02301,2808.0,0.023008,186172.0,0.023023,47441.0,0.023026,4998.0
1753547051868,16:24:11.868,ACH/USDT:USDT,0.02301,2808.0,0.023008,186172.0,0.023023,47441.0,0.023026,4998.0
1753547052018,16:24:12.018,ACH/USDT:USDT,0.02301,2808.0,0.023008,186172.0,0.023023,47441.0,0.023026,4998.0
1753547052168,16:24:12.168,ACH/USDT:USDT,0.02301,2808.0,0.023008,186172.0,0.023023,47441.0,0.023026,4998.0
1753547052318,16:24:12.318,ACH/USDT:USDT,0.02301,2808.0,0.023008,186172.0,0.023023,47441.0,0.023026,4998.0
1753547052468,16:24:12.468,ACH/USDT:USDT,0.02301,2808.0,0.023008,186172.0,0.023023,47441.0,0.023026,4998.0
1753547052618,16:24:12.618,ACH/USDT:USDT,0.02301,2808.0,0.023008,186172.0,0.023023,47441.0,0.023026,4998.0
1753547052768,16:24:12.768,ACH/USDT:USDT,0.02301,2808.0,0.023008,186172.0,0.023023,47441.0,0.023026,4998.0
1753547052918,16:24:12.918,ACH/USDT:USDT,0.02301,2808.0,0.023008,186172.0,0.023023,47441.0,0.023026,4998.0
1753547053069,16:24:13.069,ACH/USDT:USDT,0.02301,2808.0,0.023008,186172.0,0.023023,47441.0,0.023026,4998.0
1753547053219,16:24:13.219,ACH/USDT:USDT,0.02301,2808.0,0.023008,186172.0,0.023023,47441.0,0.023026,4998.0
1753547053369,16:24:13.369,ACH/USDT:USDT,0.02301,2808.0,0.023008,186172.0,0.023023,47441.0,0.023026,4998.0
1753547053519,16:24:13.519,ACH/USDT:USDT,0.02301,2808.0,0.023008,186172.0,0.023023,47441.0,0.023026,4998.0
1753547053669,16:24:13.669,ACH/USDT:USDT,0.02301,2808.0,0.023008,186172.0,0.023023,47441.0,0.023026,4998.0
1753547053819,16:24:13.819,ACH/USDT:USDT,0.02301,2808.0,0.023008,186172.0,0.023023,47441.0,0.023026,4998.0
1753547053969,16:24:13.969,ACH/USDT:USDT,0.02301,2808.0,0.023008,186172.0,0.023023,47441.0,0.023026,4998.0
1753547054119,16:24:14.119,ACH/USDT:USDT,0.02301,2808.0,0.023008,186172.0,0.023023,47441.0,0.023026,4998.0
1753547054269,16:24:14.269,ACH/USDT:USDT,0.02301,2808.0,0.023008,186172.0,0.023023,47441.0,0.023026,4998.0
1753547054419,16:24:14.419,ACH/USDT:USDT,0.02301,2808.0,0.023008,186172.0,0.023023,47441.0,0.023026,4998.0
1753547054570,16:24:14.570,ACH/USDT:USDT,0.02301,2808.0,0.023008,186172.0,0.023023,47441.0,0.023026,4998.0
1753547054720,16:24:14.720,ACH/USDT:USDT,0.02301,2808.0,0.023008,186172.0,0.023023,47441.0,0.023026,4998.0
1753547054870,16:24:14.870,ACH/USDT:USDT,0.02301,2808.0,0.023008,186172.0,0.023023,47441.0,0.023026,4998.0
1753547055020,16:24:15.020,ACH/USDT:USDT,0.02301,2808.0,0.023008,186172.0,0.023023,47441.0,0.023026,4998.0
1753547055170,16:24:15.170,ACH/USDT:USDT,0.02301,2808.0,0.023008,186172.0,0.023023,47441.0,0.023026,4998.0
1753547055320,16:24:15.320,ACH/USDT:USDT,0.02301,2808.0,0.023008,186172.0,0.023023,47441.0,0.023026,4998.0
1753547055470,16:24:15.470,ACH/USDT:USDT,0.02301,2808.0,0.023008,186172.0,0.023023,47441.0,0.023026,4998.0
1753547055620,16:24:15.620,ACH/USDT:USDT,0.02301,2808.0,0.023008,186172.0,0.023023,2842.0,0.023026,4998.0
1753547055770,16:24:15.770,ACH/USDT:USDT,0.023013,44599.0,0.02301,2808.0,0.023026,4998.0,0.023028,2817.0
1753547055921,16:24:15.921,ACH/USDT:USDT,0.023015,2842.0,0.023013,44599.0,0.023025,1609.0,0.023026,2842.0
1753547056120,16:24:16.120,ACH/USDT:USDT,0.023015,2842.0,0.023013,44599.0,0.023024,1609.0,0.023025,4451.0
1753547056320,16:24:16.320,ACH/USDT:USDT,0.023015,2842.0,0.023013,44599.0,0.023023,1609.0,0.023024,4451.0
1753547056495,16:24:16.495,ACH/USDT:USDT,0.023015,2842.0,0.023013,44599.0,0.023022,1609.0,0.023023,1609.0
1753547056657,16:24:16.657,ACH/USDT:USDT,0.023015,2842.0,0.023013,44599.0,0.023022,1609.0,0.023024,2842.0
1753547056821,16:24:16.821,ACH/USDT:USDT,0.023015,2842.0,0.023013,44599.0,0.023022,1609.0,0.023024,2842.0
1753547056971,16:24:16.971,ACH/USDT:USDT,0.023015,2842.0,0.023013,44599.0,0.023022,1609.0,0.023024,2842.0
1753547057121,16:24:17.121,ACH/USDT:USDT,0.023015,2842.0,0.023013,44599.0,0.023022,1609.0,0.023024,2842.0
1753547057271,16:24:17.271,ACH/USDT:USDT,0.023015,2842.0,0.023013,44599.0,0.023022,1609.0,0.023024,2842.0
1753547057421,16:24:17.421,ACH/USDT:USDT,0.023015,2842.0,0.023013,44599.0,0.023022,1609.0,0.023024,2842.0
1753547057571,16:24:17.571,ACH/USDT:USDT,0.023015,2842.0,0.023013,44599.0,0.023022,1609.0,0.023024,2842.0
1753547057721,16:24:17.721,ACH/USDT:USDT,0.023015,2842.0,0.023013,44599.0,0.023022,1609.0,0.023024,2842.0
1753547057872,16:24:17.872,ACH/USDT:USDT,0.023015,2842.0,0.023013,44599.0,0.023022,1609.0,0.023024,2842.0
1753547058021,16:24:18.021,ACH/USDT:USDT,0.023024,2842.0,0.023019,44599.0,0.023034,7819.0,0.023035,44599.0
1753547058172,16:24:18.172,ACH/USDT:USDT,0.023026,2842.0,0.023024,2842.0,0.023034,2817.0,0.023035,44599.0
1753547058322,16:24:18.322,ACH/USDT:USDT,0.023026,2842.0,0.023019,230647.0,0.023034,2817.0,0.023035,44599.0
1753547058472,16:24:18.472,ACH/USDT:USDT,0.023026,2842.0,0.023019,230647.0,0.023034,2817.0,0.023035,44599.0
1753547058622,16:24:18.622,ACH/USDT:USDT,0.023026,2842.0,0.023019,230647.0,0.023034,2817.0,0.023035,44599.0
1753547058772,16:24:18.772,ACH/USDT:USDT,0.023026,2842.0,0.023019,230647.0,0.023034,2817.0,0.023035,44599.0
1753547058922,16:24:18.922,ACH/USDT:USDT,0.023026,2842.0,0.023019,230647.0,0.023034,2817.0,0.023035,44599.0
1753547059072,16:24:19.072,ACH/USDT:USDT,0.023026,2842.0,0.023019,230647.0,0.023034,2817.0,0.023035,44599.0
1753547059222,16:24:19.222,ACH/USDT:USDT,0.023026,2842.0,0.023019,230647.0,0.023034,2817.0,0.023035,44599.0
1753547059372,16:24:19.372,ACH/USDT:USDT,0.023026,2842.0,0.023019,230647.0,0.023034,2817.0,0.023035,44599.0
1753547059523,16:24:19.523,ACH/USDT:USDT,0.023026,2842.0,0.023019,230647.0,0.023035,44599.0,0.023037,7810.0
1753547059673,16:24:19.673,ACH/USDT:USDT,0.023026,2842.0,0.023019,230647.0,0.023035,44599.0,0.023037,7810.0
1753547059823,16:24:19.823,ACH/USDT:USDT,0.023026,2842.0,0.023019,230647.0,0.023035,44599.0,0.023037,7810.0
1753547059973,16:24:19.973,ACH/USDT:USDT,0.023026,2842.0,0.023019,230647.0,0.023035,44599.0,0.023037,7810.0
1753547060123,16:24:20.123,ACH/USDT:USDT,0.023026,2842.0,0.023019,230647.0,0.023035,44599.0,0.023037,7810.0
1753547060273,16:24:20.273,ACH/USDT:USDT,0.023026,2842.0,0.023019,230647.0,0.023035,44599.0,0.023037,7810.0
1753547060423,16:24:20.423,ACH/USDT:USDT,0.023026,2842.0,0.023019,230647.0,0.023035,44599.0,0.023037,7810.0
1753547060573,16:24:20.573,ACH/USDT:USDT,0.023026,2842.0,0.023019,230647.0,0.023035,44599.0,0.023037,7810.0
1753547060723,16:24:20.723,ACH/USDT:USDT,0.023026,2842.0,0.023019,230647.0,0.023035,44599.0,0.023037,7810.0
1753547060873,16:24:20.873,ACH/USDT:USDT,0.023026,2842.0,0.023019,230647.0,0.023035,44599.0,0.023037,7810.0
1753547061024,16:24:21.024,ACH/USDT:USDT,0.023026,2842.0,0.023019,230647.0,0.023035,44599.0,0.023037,7810.0
1753547061174,16:24:21.174,ACH/USDT:USDT,0.023026,2842.0,0.023019,230647.0,0.023035,44599.0,0.023037,7810.0
1753547061324,16:24:21.324,ACH/USDT:USDT,0.023026,2842.0,0.023019,230647.0,0.023037,7810.0,0.023042,16250.0
1753547061474,16:24:21.474,ACH/USDT:USDT,0.023026,2842.0,0.023019,230647.0,0.023037,2808.0,0.02304,5003.0
1753547061624,16:24:21.624,ACH/USDT:USDT,0.023026,2842.0,0.023019,230647.0,0.023037,2808.0,0.02304,5003.0
1753547061774,16:24:21.774,ACH/USDT:USDT,0.023026,2842.0,0.023019,230647.0,0.023037,2808.0,0.02304,5003.0
1753547061924,16:24:21.924,ACH/USDT:USDT,0.023026,2842.0,0.023019,230647.0,0.023037,2808.0,0.02304,5003.0
1753547062074,16:24:22.074,ACH/USDT:USDT,0.023026,2842.0,0.023019,230647.0,0.023037,2808.0,0.02304,5003.0
1753547062224,16:24:22.224,ACH/USDT:USDT,0.023026,2842.0,0.023019,230647.0,0.023037,2808.0,0.02304,5003.0
1753547062374,16:24:22.374,ACH/USDT:USDT,0.023026,2842.0,0.023019,230647.0,0.023037,2808.0,0.02304,5003.0
1753547062524,16:24:22.524,ACH/USDT:USDT,0.023026,2842.0,0.023019,230647.0,0.023037,2808.0,0.02304,5003.0
1753547062674,16:24:22.674,ACH/USDT:USDT,0.023026,2842.0,0.023019,230647.0,0.023037,2808.0,0.02304,5003.0
1753547062825,16:24:22.825,ACH/USDT:USDT,0.023026,2842.0,0.023019,230647.0,0.023037,2808.0,0.02304,5003.0
1753547062975,16:24:22.975,ACH/USDT:USDT,0.023026,2842.0,0.023019,230647.0,0.023037,2808.0,0.02304,5003.0
1753547063125,16:24:23.125,ACH/USDT:USDT,0.023026,2842.0,0.023019,230647.0,0.023037,2808.0,0.02304,5003.0
1753547063275,16:24:23.275,ACH/USDT:USDT,0.023026,2842.0,0.023019,230647.0,0.023037,2808.0,0.02304,5003.0
1753547063425,16:24:23.425,ACH/USDT:USDT,0.023026,2842.0,0.023019,230647.0,0.023037,2808.0,0.02304,5003.0
1753547063575,16:24:23.575,ACH/USDT:USDT,0.023027,44599.0,0.023026,5010.0,0.02304,5007.0,0.023042,16250.0
1753547063725,16:24:23.725,ACH/USDT:USDT,0.023029,2937.0,0.023027,44599.0,0.023039,2937.0,0.023043,49606.0
1753547063875,16:24:23.875,ACH/USDT:USDT,0.023029,2937.0,0.023027,44599.0,0.023042,7944.0,0.023043,5007.0
1753547064025,16:24:24.025,ACH/USDT:USDT,0.023029,2937.0,0.023027,44599.0,0.02304,2937.0,0.023045,7832.0
1753547064175,16:24:24.175,ACH/USDT:USDT,0.023029,2937.0,0.023027,44599.0,0.02304,2937.0,0.023043,5007.0
1753547064325,16:24:24.325,ACH/USDT:USDT,0.023029,2937.0,0.023027,44599.0,0.02304,2937.0,0.023043,5007.0
1753547064476,16:24:24.476,ACH/USDT:USDT,0.023029,2937.0,0.023027,44599.0,0.02304,2937.0,0.023043,5007.0
1753547064626,16:24:24.626,ACH/USDT:USDT,0.023029,2937.0,0.023027,44599.0,0.02304,2937.0,0.023043,5007.0
1753547064776,16:24:24.776,ACH/USDT:USDT,0.023029,2937.0,0.023027,44599.0,0.02304,2937.0,0.023043,5007.0
1753547064926,16:24:24.926,ACH/USDT:USDT,0.023029,2937.0,0.023027,44599.0,0.02304,2937.0,0.023043,5007.0
1753547065076,16:24:25.076,ACH/USDT:USDT,0.023029,2937.0,0.023027,44599.0,0.02304,2937.0,0.023043,5007.0
1753547065226,16:24:25.226,ACH/USDT:USDT,0.023029,2937.0,0.023027,44599.0,0.02304,2937.0,0.023043,5007.0
1753547065376,16:24:25.376,ACH/USDT:USDT,0.023029,2937.0,0.023027,44599.0,0.02304,2937.0,0.023043,5007.0
1753547065526,16:24:25.526,ACH/USDT:USDT,0.023029,2937.0,0.023027,44599.0,0.02304,2937.0,0.023043,5007.0
1753547065676,16:24:25.676,ACH/USDT:USDT,0.023029,2937.0,0.023027,44599.0,0.02304,2937.0,0.023043,5007.0
1753547065826,16:24:25.826,ACH/USDT:USDT,0.023029,2937.0,0.023027,44599.0,0.02304,2937.0,0.023043,5007.0
1753547065977,16:24:25.977,ACH/USDT:USDT,0.023029,2937.0,0.023027,44599.0,0.02304,2937.0,0.023043,5007.0
1753547066127,16:24:26.127,ACH/USDT:USDT,0.023029,2937.0,0.023027,44599.0,0.02304,2937.0,0.023043,5007.0
1753547066277,16:24:26.277,ACH/USDT:USDT,0.023029,2937.0,0.023027,44599.0,0.02304,2937.0,0.023043,5007.0
1753547066427,16:24:26.427,ACH/USDT:USDT,0.023029,2937.0,0.023027,44599.0,0.02304,2937.0,0.023043,5007.0
1753547066577,16:24:26.577,ACH/USDT:USDT,0.023029,2937.0,0.023027,44599.0,0.02304,2937.0,0.023043,5007.0
1753547066727,16:24:26.727,ACH/USDT:USDT,0.023029,2937.0,0.023027,44599.0,0.02304,2937.0,0.023043,5007.0
1753547066877,16:24:26.877,ACH/USDT:USDT,0.023029,2937.0,0.023027,44599.0,0.02304,2937.0,0.023043,5007.0
1753547067027,16:24:27.027,ACH/USDT:USDT,0.023029,2937.0,0.023027,44599.0,0.02304,2937.0,0.023043,5007.0
1753547067177,16:24:27.177,ACH/USDT:USDT,0.023029,2937.0,0.023027,44599.0,0.02304,2937.0,0.023043,5007.0
1753547067327,16:24:27.327,ACH/USDT:USDT,0.023029,2937.0,0.023027,44599.0,0.02304,2937.0,0.023043,5007.0
1753547067477,16:24:27.477,ACH/USDT:USDT,0.023029,2937.0,0.023027,44599.0,0.02304,2937.0,0.023043,5007.0
1753547067628,16:24:27.628,ACH/USDT:USDT,0.023029,2937.0,0.023027,44599.0,0.02304,2937.0,0.023043,5007.0
1753547067778,16:24:27.778,ACH/USDT:USDT,0.023029,2937.0,0.023027,44599.0,0.02304,2937.0,0.023043,5007.0
1753547067928,16:24:27.928,ACH/USDT:USDT,0.023029,2937.0,0.023027,44599.0,0.02304,2937.0,0.023043,5007.0
1753547068078,16:24:28.078,ACH/USDT:USDT,0.023029,2937.0,0.023027,44599.0,0.02304,2937.0,0.023043,5007.0
1753547068228,16:24:28.228,ACH/USDT:USDT,0.023029,2937.0,0.023027,44599.0,0.02304,2937.0,0.023043,5007.0
1753547068378,16:24:28.378,ACH/USDT:USDT,0.023029,2937.0,0.023027,44599.0,0.02304,2937.0,0.023043,5007.0
1753547068528,16:24:28.528,ACH/USDT:USDT,0.023029,2937.0,0.023027,44599.0,0.02304,2937.0,0.023043,5007.0
1753547068678,16:24:28.678,ACH/USDT:USDT,0.023029,2937.0,0.023027,44599.0,0.02304,2937.0,0.023043,5007.0
1753547068828,16:24:28.828,ACH/USDT:USDT,0.023029,2937.0,0.023027,44599.0,0.023045,2825.0,0.023047,759.0
1753547068978,16:24:28.978,ACH/USDT:USDT,0.023029,2937.0,0.023027,44599.0,0.023045,2825.0,0.023047,759.0
1753547069128,16:24:29.128,ACH/USDT:USDT,0.023033,44599.0,0.023029,6935.0,0.023045,2825.0,0.023047,759.0
1753547069279,16:24:29.279,ACH/USDT:USDT,0.023035,2843.0,0.023033,44599.0,0.023044,1609.0,0.023045,2825.0
1753547069429,16:24:29.429,ACH/USDT:USDT,0.023035,2843.0,0.023033,44599.0,0.023043,4452.0,0.023044,1609.0
1753547069579,16:24:29.579,ACH/USDT:USDT,0.023035,2843.0,0.023033,44599.0,0.023042,2843.0,0.023043,1609.0
1753547069729,16:24:29.729,ACH/USDT:USDT,0.023035,2843.0,0.023033,44599.0,0.023042,2843.0,0.023047,759.0
1753547069879,16:24:29.879,ACH/USDT:USDT,0.023035,2843.0,0.023033,44599.0,0.023042,2843.0,0.023045,5012.0
1753547070029,16:24:30.029,ACH/USDT:USDT,0.023035,2843.0,0.023033,44599.0,0.023042,2843.0,0.023045,5012.0
1753547070179,16:24:30.179,ACH/USDT:USDT,0.023035,2843.0,0.023033,44599.0,0.023042,2843.0,0.023045,5012.0
1753547070329,16:24:30.329,ACH/USDT:USDT,0.023035,2843.0,0.023033,44599.0,0.023042,2843.0,0.023045,5012.0
1753547070479,16:24:30.479,ACH/USDT:USDT,0.023035,2843.0,0.023033,44599.0,0.023042,2843.0,0.023045,5012.0
1753547070629,16:24:30.629,ACH/USDT:USDT,0.023035,2843.0,0.023033,44599.0,0.023042,2843.0,0.023045,5012.0
1753547070780,16:24:30.780,ACH/USDT:USDT,0.023035,2843.0,0.023033,44599.0,0.023042,2843.0,0.023045,5012.0
1753547070930,16:24:30.930,ACH/USDT:USDT,0.023035,2843.0,0.023033,44599.0,0.023042,2843.0,0.023045,5012.0
1753547071080,16:24:31.080,ACH/USDT:USDT,0.023035,2843.0,0.023033,44599.0,0.023042,2843.0,0.023045,5012.0
1753547071230,16:24:31.230,ACH/USDT:USDT,0.023035,2843.0,0.023034,13380.0,0.023042,2843.0,0.023045,5012.0
1753547071380,16:24:31.380,ACH/USDT:USDT,0.023035,2843.0,0.023034,13380.0,0.023042,2843.0,0.023045,5012.0
1753547071530,16:24:31.530,ACH/USDT:USDT,0.023035,2843.0,0.023034,13380.0,0.023042,2843.0,0.023045,5012.0
1753547071680,16:24:31.680,ACH/USDT:USDT,0.023035,2843.0,0.023034,13380.0,0.023042,2843.0,0.023045,5012.0
1753547071830,16:24:31.830,ACH/USDT:USDT,0.023035,2843.0,0.023034,13380.0,0.023042,2843.0,0.023045,5012.0
1753547071980,16:24:31.980,ACH/USDT:USDT,0.023035,2843.0,0.023034,13380.0,0.023045,5012.0,0.023047,759.0
1753547072130,16:24:32.130,ACH/USDT:USDT,0.023035,2843.0,0.023034,13380.0,0.023044,2843.0,0.023047,759.0
1753547072280,16:24:32.280,ACH/USDT:USDT,0.023035,2843.0,0.023034,13380.0,0.023043,1609.0,0.023044,2843.0
1753547072430,16:24:32.430,ACH/USDT:USDT,0.023035,2843.0,0.023034,13380.0,0.023043,1609.0,0.023046,5015.0
1753547072581,16:24:32.581,ACH/USDT:USDT,0.023035,2843.0,0.023034,13380.0,0.023043,1609.0,0.023046,5015.0
1753547072731,16:24:32.731,ACH/USDT:USDT,0.023035,2843.0,0.023034,13380.0,0.023043,4452.0,0.023046,5015.0
1753547072881,16:24:32.881,ACH/USDT:USDT,0.023035,2843.0,0.023034,13380.0,0.023043,4452.0,0.023046,5015.0
1753547073031,16:24:33.031,ACH/USDT:USDT,0.023035,2843.0,0.023034,13380.0,0.023043,4452.0,0.023046,5015.0
1753547073181,16:24:33.181,ACH/USDT:USDT,0.023035,2843.0,0.023034,13380.0,0.023043,1609.0,0.023046,5015.0
1753547073331,16:24:33.331,ACH/USDT:USDT,0.023035,2843.0,0.023034,13380.0,0.023043,1609.0,0.023046,5015.0
1753547073481,16:24:33.481,ACH/USDT:USDT,0.023035,2843.0,0.023034,13380.0,0.023046,5015.0,0.023047,759.0
1753547073631,16:24:33.631,ACH/USDT:USDT,0.023035,2843.0,0.023034,13380.0,0.023047,759.0,0.023048,8725.0
1753547073781,16:24:33.781,ACH/USDT:USDT,0.023035,2843.0,0.023034,13380.0,0.023047,3602.0,0.023048,768.0
1753547073931,16:24:33.931,ACH/USDT:USDT,0.023035,2843.0,0.023034,13380.0,0.023047,759.0,0.023048,768.0
1753547074082,16:24:34.082,ACH/USDT:USDT,0.023035,2843.0,0.023034,13380.0,0.023047,759.0,0.023048,768.0
1753547074232,16:24:34.232,ACH/USDT:USDT,0.023039,44599.0,0.023035,2843.0,0.023047,759.0,0.023048,768.0
1753547074382,16:24:34.382,ACH/USDT:USDT,0.023041,2843.0,0.02304,13380.0,0.023047,759.0,0.023048,768.0
1753547074532,16:24:34.532,ACH/USDT:USDT,0.023041,2843.0,0.02304,13380.0,0.023047,759.0,0.023048,768.0
1753547074682,16:24:34.682,ACH/USDT:USDT,0.023041,2843.0,0.02304,13380.0,0.023047,759.0,0.023048,768.0
1753547074832,16:24:34.832,ACH/USDT:USDT,0.023041,2843.0,0.02304,13380.0,0.023047,759.0,0.023048,768.0
1753547074982,16:24:34.982,ACH/USDT:USDT,0.023041,2843.0,0.02304,13380.0,0.023047,759.0,0.023048,768.0
1753547075132,16:24:35.132,ACH/USDT:USDT,0.023041,2843.0,0.02304,13380.0,0.023047,759.0,0.023048,768.0
1753547075282,16:24:35.282,ACH/USDT:USDT,0.023041,2843.0,0.02304,13380.0,0.023047,759.0,0.023048,768.0
1753547075432,16:24:35.432,ACH/USDT:USDT,0.023041,2843.0,0.02304,13380.0,0.023047,759.0,0.023048,768.0
1753547075582,16:24:35.582,ACH/USDT:USDT,0.023041,2843.0,0.02304,13380.0,0.023047,759.0,0.023048,768.0
1753547075733,16:24:35.733,ACH/USDT:USDT,0.023041,2843.0,0.02304,13380.0,0.023047,759.0,0.023048,768.0
1753547075883,16:24:35.883,ACH/USDT:USDT,0.023041,2843.0,0.02304,13380.0,0.023047,759.0,0.023048,768.0
1753547076033,16:24:36.033,ACH/USDT:USDT,0.023041,2843.0,0.02304,13380.0,0.023047,759.0,0.023048,768.0
1753547076183,16:24:36.183,ACH/USDT:USDT,0.023041,2843.0,0.02304,13380.0,0.023047,759.0,0.023048,768.0
1753547076333,16:24:36.333,ACH/USDT:USDT,0.023041,2843.0,0.02304,13380.0,0.023047,759.0,0.023048,768.0
1753547076483,16:24:36.483,ACH/USDT:USDT,0.023041,2843.0,0.02304,13380.0,0.023047,759.0,0.023048,768.0
1753547076633,16:24:36.633,ACH/USDT:USDT,0.023041,2843.0,0.02304,13380.0,0.023047,759.0,0.023048,768.0
1753547076783,16:24:36.783,ACH/USDT:USDT,0.023041,2843.0,0.02304,13380.0,0.023047,759.0,0.023048,768.0
1753547076933,16:24:36.933,ACH/USDT:USDT,0.023041,2843.0,0.02304,13380.0,0.023047,759.0,0.023048,768.0
1753547077083,16:24:37.083,ACH/USDT:USDT,0.023041,2843.0,0.02304,13380.0,0.023047,759.0,0.023048,768.0
1753547077233,16:24:37.233,ACH/USDT:USDT,0.023041,2843.0,0.02304,13380.0,0.023047,759.0,0.023048,768.0
1753547077384,16:24:37.384,ACH/USDT:USDT,0.023041,2843.0,0.02304,13380.0,0.023047,759.0,0.023048,768.0
1753547077534,16:24:37.534,ACH/USDT:USDT,0.023041,2843.0,0.02304,13380.0,0.023047,759.0,0.023048,768.0
1753547077684,16:24:37.684,ACH/USDT:USDT,0.023041,2843.0,0.02304,13380.0,0.023047,759.0,0.023048,768.0
1753547077834,16:24:37.834,ACH/USDT:USDT,0.023041,2843.0,0.02304,13380.0,0.023047,759.0,0.023048,768.0
1753547077984,16:24:37.984,ACH/USDT:USDT,0.023041,14917.0,0.02304,13380.0,0.023048,768.0,0.02305,159.0
1753547078134,16:24:38.134,ACH/USDT:USDT,0.023043,2843.0,0.023042,4475.0,0.023048,768.0,0.02305,159.0
1753547078284,16:24:38.284,ACH/USDT:USDT,0.023043,2843.0,0.023042,4475.0,0.023048,768.0,0.02305,159.0
1753547078434,16:24:38.434,ACH/USDT:USDT,0.023043,2843.0,0.023042,4475.0,0.023048,768.0,0.02305,159.0
1753547078584,16:24:38.584,ACH/USDT:USDT,0.023043,2843.0,0.023042,4475.0,0.023048,768.0,0.02305,159.0
1753547078734,16:24:38.734,ACH/USDT:USDT,0.023043,2843.0,0.023042,4475.0,0.023048,768.0,0.02305,159.0
1753547078884,16:24:38.884,ACH/USDT:USDT,0.023043,2843.0,0.023042,4475.0,0.023048,768.0,0.02305,159.0
1753547079035,16:24:39.035,ACH/USDT:USDT,0.023043,2843.0,0.023042,4475.0,0.023048,768.0,0.02305,159.0
1753547079185,16:24:39.185,ACH/USDT:USDT,0.023043,2843.0,0.023042,4475.0,0.023048,768.0,0.02305,159.0
1753547079335,16:24:39.335,ACH/USDT:USDT,0.023043,2843.0,0.023042,4475.0,0.023048,768.0,0.02305,159.0
1753547079485,16:24:39.485,ACH/USDT:USDT,0.023043,2843.0,0.023042,4475.0,0.023048,768.0,0.02305,159.0
1753547079635,16:24:39.635,ACH/USDT:USDT,0.023043,2843.0,0.023042,4475.0,0.023048,768.0,0.02305,159.0
1753547079785,16:24:39.785,ACH/USDT:USDT,0.023043,2843.0,0.023042,4475.0,0.023048,768.0,0.02305,159.0
1753547079935,16:24:39.935,ACH/USDT:USDT,0.023043,2843.0,0.023042,4475.0,0.023048,768.0,0.02305,159.0
1753547080085,16:24:40.085,ACH/USDT:USDT,0.023043,2843.0,0.023042,4475.0,0.023048,768.0,0.02305,159.0
1753547080235,16:24:40.235,ACH/USDT:USDT,0.023043,2843.0,0.023042,4475.0,0.023048,768.0,0.02305,159.0
1753547080385,16:24:40.385,ACH/USDT:USDT,0.023043,2843.0,0.023042,4475.0,0.023048,768.0,0.02305,159.0
1753547080535,16:24:40.535,ACH/USDT:USDT,0.023043,2843.0,0.023042,4475.0,0.023048,768.0,0.02305,159.0
1753547080686,16:24:40.686,ACH/USDT:USDT,0.023043,2843.0,0.023042,4475.0,0.023048,768.0,0.02305,159.0
1753547080836,16:24:40.836,ACH/USDT:USDT,0.023043,2843.0,0.023042,4475.0,0.023048,768.0,0.02305,159.0
1753547080986,16:24:40.986,ACH/USDT:USDT,0.023043,2843.0,0.023042,4475.0,0.023048,768.0,0.02305,159.0
1753547081136,16:24:41.136,ACH/USDT:USDT,0.023043,2843.0,0.023042,4475.0,0.023048,768.0,0.02305,159.0
1753547081286,16:24:41.286,ACH/USDT:USDT,0.023043,2843.0,0.023042,4475.0,0.023048,768.0,0.02305,159.0
1753547081436,16:24:41.436,ACH/USDT:USDT,0.023043,2843.0,0.023042,4475.0,0.023048,768.0,0.02305,159.0
1753547081586,16:24:41.586,ACH/USDT:USDT,0.023045,44599.0,0.023043,2843.0,0.023052,5015.0,0.023053,5015.0
1753547081736,16:24:41.736,ACH/USDT:USDT,0.023046,16291.0,0.023045,44599.0,0.023052,2911.0,0.023055,5015.0
1753547081886,16:24:41.886,ACH/USDT:USDT,0.023047,7798.0,0.023046,13380.0,0.023052,2911.0,0.023055,5015.0
1753547082036,16:24:42.036,ACH/USDT:USDT,0.023048,2339.0,0.023047,7798.0,0.023052,2911.0,0.023055,5015.0
1753547082187,16:24:42.187,ACH/USDT:USDT,0.023048,5250.0,0.023047,4887.0,0.023054,2911.0,0.023055,5015.0
1753547082336,16:24:42.336,ACH/USDT:USDT,0.023048,2911.0,0.023047,4887.0,0.023054,2911.0,0.023057,5015.0
1753547082487,16:24:42.487,ACH/USDT:USDT,0.023047,4887.0,0.023046,13380.0,0.023052,2911.0,0.023057,5015.0
1753547082637,16:24:42.637,ACH/USDT:USDT,0.023047,4887.0,0.023046,13380.0,0.023052,2911.0,0.023055,5015.0
1753547082937,16:24:42.937,ACH/USDT:USDT,0.023046,13380.0,0.023045,44599.0,0.02305,2911.0,0.023052,3290.0
1753547083087,16:24:43.087,ACH/USDT:USDT,0.023046,13380.0,0.023045,44599.0,0.02305,2911.0,0.023052,3290.0
1753547083237,16:24:43.237,ACH/USDT:USDT,0.023046,13380.0,0.023045,44599.0,0.02305,2911.0,0.023052,3290.0
1753547083387,16:24:43.387,ACH/USDT:USDT,0.023046,13380.0,0.023045,44599.0,0.02305,2911.0,0.023052,3290.0
1753547083537,16:24:43.537,ACH/USDT:USDT,0.023046,13380.0,0.023045,44599.0,0.02305,2911.0,0.023052,3290.0
1753547083687,16:24:43.687,ACH/USDT:USDT,0.023046,13380.0,0.023045,44599.0,0.02305,2911.0,0.023052,3290.0
1753547083838,16:24:43.838,ACH/USDT:USDT,0.023046,13380.0,0.023045,44599.0,0.02305,2911.0,0.023053,7926.0
1753547083987,16:24:43.987,ACH/USDT:USDT,0.023046,13380.0,0.023045,44599.0,0.02305,2911.0,0.023053,7926.0
1753547084138,16:24:44.138,ACH/USDT:USDT,0.023046,13380.0,0.023045,44599.0,0.02305,2911.0,0.023053,7926.0
1753547084288,16:24:44.288,ACH/USDT:USDT,0.023046,13380.0,0.023045,44599.0,0.02305,2911.0,0.023053,2911.0
1753547084438,16:24:44.438,ACH/USDT:USDT,0.023046,13380.0,0.023045,44599.0,0.023053,2911.0,0.023054,5013.0
1753547084588,16:24:44.588,ACH/USDT:USDT,0.023046,13380.0,0.023045,44599.0,0.023053,2911.0,0.023056,5013.0
1753547084738,16:24:44.738,ACH/USDT:USDT,0.023046,13380.0,0.023045,44599.0,0.023053,2911.0,0.023056,5013.0
1753547084888,16:24:44.888,ACH/USDT:USDT,0.023046,13380.0,0.023045,44599.0,0.023053,2911.0,0.023056,5013.0
1753547085038,16:24:45.038,ACH/USDT:USDT,0.023046,13380.0,0.023045,44599.0,0.023053,2911.0,0.023056,5013.0
1753547085188,16:24:45.188,ACH/USDT:USDT,0.023046,13380.0,0.023045,44599.0,0.023053,2911.0,0.023056,5013.0
1753547085338,16:24:45.338,ACH/USDT:USDT,0.023046,13380.0,0.023045,44599.0,0.023053,2911.0,0.023056,5013.0
1753547085489,16:24:45.489,ACH/USDT:USDT,0.023046,13380.0,0.023045,44599.0,0.023053,2911.0,0.023056,5013.0
1753547085639,16:24:45.639,ACH/USDT:USDT,0.023046,13380.0,0.023045,44599.0,0.023053,2911.0,0.023056,5013.0
1753547085789,16:24:45.789,ACH/USDT:USDT,0.023046,13380.0,0.023045,44599.0,0.023053,2911.0,0.023056,5013.0
1753547085939,16:24:45.939,ACH/USDT:USDT,0.023046,13380.0,0.023045,44599.0,0.023053,2911.0,0.023056,5013.0
1753547086089,16:24:46.089,ACH/USDT:USDT,0.023046,13380.0,0.023045,44599.0,0.023053,2911.0,0.02306,5012.0
1753547086239,16:24:46.239,ACH/USDT:USDT,0.023046,13380.0,0.023045,44599.0,0.023053,2911.0,0.023057,5012.0
1753547086389,16:24:46.389,ACH/USDT:USDT,0.023046,13380.0,0.023045,44599.0,0.023053,2911.0,0.023056,5012.0
1753547086539,16:24:46.539,ACH/USDT:USDT,0.023046,13380.0,0.023045,44599.0,0.023053,2911.0,0.023056,5012.0
1753547086689,16:24:46.689,ACH/USDT:USDT,0.023046,13380.0,0.023045,44599.0,0.023053,2911.0,0.023056,5012.0
1753547086839,16:24:46.839,ACH/USDT:USDT,0.023046,13380.0,0.023045,44599.0,0.023053,2911.0,0.023056,5012.0
1753547086990,16:24:46.990,ACH/USDT:USDT,0.023046,13380.0,0.023045,44599.0,0.023053,2911.0,0.023056,5012.0
1753547087140,16:24:47.140,ACH/USDT:USDT,0.023046,13380.0,0.023045,44599.0,0.023053,2911.0,0.023056,5012.0
1753547087290,16:24:47.290,ACH/USDT:USDT,0.023046,13380.0,0.023045,44599.0,0.023053,2911.0,0.023056,5012.0
1753547087440,16:24:47.440,ACH/USDT:USDT,0.023046,13380.0,0.023045,44599.0,0.023053,2911.0,0.023056,5012.0
1753547087590,16:24:47.590,ACH/USDT:USDT,0.023046,13380.0,0.023045,44599.0,0.023053,2911.0,0.023056,5012.0
1753547087740,16:24:47.740,ACH/USDT:USDT,0.023046,13380.0,0.023045,44599.0,0.023053,2911.0,0.023056,5012.0
1753547087890,16:24:47.890,ACH/USDT:USDT,0.023046,13380.0,0.023045,44599.0,0.023053,2911.0,0.023056,5012.0
1753547088040,16:24:48.040,ACH/USDT:USDT,0.023046,13380.0,0.023045,44599.0,0.023053,2911.0,0.023056,5012.0
1753547088190,16:24:48.190,ACH/USDT:USDT,0.023046,13380.0,0.023045,44599.0,0.023053,2911.0,0.023056,5012.0
1753547088340,16:24:48.340,ACH/USDT:USDT,0.023046,13380.0,0.023045,44599.0,0.023053,2911.0,0.023056,5012.0
1753547088490,16:24:48.490,ACH/USDT:USDT,0.023047,2861.0,0.023046,13380.0,0.023059,2911.0,0.023061,5010.0
1753547088640,16:24:48.640,ACH/USDT:USDT,0.023047,2861.0,0.023046,13380.0,0.02306,2861.0,0.023062,5010.0
1753547088791,16:24:48.791,ACH/USDT:USDT,0.023047,5980.0,0.023046,13380.0,0.02306,2861.0,0.023062,5010.0
1753547088941,16:24:48.941,ACH/USDT:USDT,0.023049,2861.0,0.023047,3119.0,0.02306,2861.0,0.023062,5010.0
1753547089091,16:24:49.091,ACH/USDT:USDT,0.023049,2861.0,0.023047,3119.0,0.02306,2861.0,0.023062,5010.0
1753547089241,16:24:49.241,ACH/USDT:USDT,0.023049,2861.0,0.023047,3119.0,0.02306,2861.0,0.023062,5010.0
1753547089391,16:24:49.391,ACH/USDT:USDT,0.023049,2861.0,0.023046,16241.0,0.02306,2861.0,0.023062,5010.0
1753547089541,16:24:49.541,ACH/USDT:USDT,0.023046,16241.0,0.023045,44599.0,0.02306,2861.0,0.023062,8300.0
1753547089691,16:24:49.691,ACH/USDT:USDT,0.023047,2861.0,0.023046,13380.0,0.02306,2861.0,0.023062,8300.0
1753547089841,16:24:49.841,ACH/USDT:USDT,0.023047,2861.0,0.023046,13380.0,0.02306,2861.0,0.023062,8300.0
1753547089991,16:24:49.991,ACH/USDT:USDT,0.023047,2861.0,0.023046,13380.0,0.02306,2861.0,0.023062,8300.0
1753547090141,16:24:50.141,ACH/USDT:USDT,0.023047,2861.0,0.023046,13380.0,0.02306,2861.0,0.023062,8300.0
1753547090291,16:24:50.291,ACH/USDT:USDT,0.023047,2861.0,0.023046,13380.0,0.02306,2861.0,0.023062,8300.0
1753547090442,16:24:50.442,ACH/USDT:USDT,0.023047,2861.0,0.023046,13380.0,0.02306,2861.0,0.023062,8300.0
1753547090592,16:24:50.592,ACH/USDT:USDT,0.023047,2861.0,0.023046,13380.0,0.023059,1609.0,0.02306,2861.0
1753547090742,16:24:50.742,ACH/USDT:USDT,0.023047,2861.0,0.023046,13380.0,0.023057,2861.0,0.023059,1609.0
1753547090892,16:24:50.892,ACH/USDT:USDT,0.023047,2861.0,0.023046,13380.0,0.023057,2861.0,0.023059,1609.0
1753547091042,16:24:51.042,ACH/USDT:USDT,0.023047,2861.0,0.023046,13380.0,0.023057,2861.0,0.023059,1609.0
1753547091192,16:24:51.192,ACH/USDT:USDT,0.023047,2861.0,0.023046,13380.0,0.023057,2861.0,0.023059,1609.0
1753547091342,16:24:51.342,ACH/USDT:USDT,0.023047,2861.0,0.023046,13380.0,0.023057,2861.0,0.023059,1609.0
1753547091492,16:24:51.492,ACH/USDT:USDT,0.023046,13380.0,0.023045,44599.0,0.023057,2861.0,0.023059,1609.0
1753547091642,16:24:51.642,ACH/USDT:USDT,0.023046,13380.0,0.023045,44599.0,0.023057,2861.0,0.023059,1609.0
1753547091792,16:24:51.792,ACH/USDT:USDT,0.023046,13380.0,0.023045,44599.0,0.023057,2861.0,0.023059,1609.0
1753547091943,16:24:51.943,ACH/USDT:USDT,0.023046,13380.0,0.023045,44599.0,0.023057,2861.0,0.023059,1609.0
1753547092093,16:24:52.093,ACH/USDT:USDT,0.023046,13380.0,0.023045,44599.0,0.023057,2861.0,0.023059,1609.0
1753547092243,16:24:52.243,ACH/USDT:USDT,0.023047,2861.0,0.023046,13380.0,0.023057,2861.0,0.023059,1609.0
1753547092393,16:24:52.393,ACH/USDT:USDT,0.023047,2861.0,0.023046,13380.0,0.023057,2861.0,0.023059,1609.0
