timestamp,time,symbol,bid1_price,bid1_volume,bid2_price,bid2_volume,ask1_price,ask1_volume,ask2_price,ask2_volume
1753546946127,16:22:26.127,A/USDT:USDT,0.57444,9255.0,0.57443,4853.0,0.57504,109.0,0.57509,1776.0
1753546946278,16:22:26.278,A/USDT:USDT,0.57444,9255.0,0.57443,4853.0,0.57504,109.0,0.57509,1776.0
1753546946428,16:22:26.428,A/USDT:USDT,0.57444,8992.0,0.57443,503.0,0.57504,109.0,0.57509,1776.0
1753546946578,16:22:26.578,A/USDT:USDT,0.57444,9079.0,0.57443,503.0,0.57504,109.0,0.5751,110.0
1753546946728,16:22:26.728,A/USDT:USDT,0.57444,10991.0,0.57443,503.0,0.5751,110.0,0.57528,40305.0
1753546946878,16:22:26.878,A/USDT:USDT,0.57444,11469.0,0.57443,503.0,0.5751,110.0,0.57528,40305.0
1753546947178,16:22:27.178,A/USDT:USDT,0.57444,11469.0,0.57443,503.0,0.5751,110.0,0.57528,40305.0
1753546947328,16:22:27.328,A/USDT:USDT,0.57444,11469.0,0.57443,503.0,0.5751,110.0,0.57528,40305.0
1753546947478,16:22:27.478,A/USDT:USDT,0.57444,11469.0,0.57443,503.0,0.5751,110.0,0.57528,40305.0
1753546948079,16:22:28.079,A/USDT:USDT,0.57444,10099.0,0.57443,503.0,0.5751,110.0,0.57528,40305.0
1753546948529,16:22:28.529,A/USDT:USDT,0.57444,9619.0,0.57443,503.0,0.57505,110.0,0.5751,38.0
1753546948679,16:22:28.679,A/USDT:USDT,0.57444,9619.0,0.57443,503.0,0.57505,110.0,0.5751,38.0
1753546948829,16:22:28.829,A/USDT:USDT,0.57444,9619.0,0.57443,503.0,0.57505,110.0,0.5751,38.0
1753546949429,16:22:29.429,A/USDT:USDT,0.57456,2211.0,0.57444,8992.0,0.57505,110.0,0.5751,38.0
1753546949579,16:22:29.579,A/USDT:USDT,0.57456,2298.0,0.57444,8992.0,0.57505,110.0,0.5751,38.0
1753546950630,16:22:30.630,A/USDT:USDT,0.57456,6960.0,0.57444,8992.0,0.57505,110.0,0.5751,38.0
1753546950780,16:22:30.780,A/USDT:USDT,0.57456,6960.0,0.57444,8992.0,0.57505,110.0,0.5751,38.0
1753546952281,16:22:32.281,A/USDT:USDT,0.57456,2298.0,0.57444,8992.0,0.57505,110.0,0.5751,38.0
1753546953182,16:22:33.182,A/USDT:USDT,0.57456,2124.0,0.57444,8992.0,0.57505,110.0,0.5751,38.0
1753546953782,16:22:33.782,A/USDT:USDT,0.57456,2247.0,0.57444,8992.0,0.57505,110.0,0.5751,38.0
1753546953932,16:22:33.932,A/USDT:USDT,0.57456,2334.0,0.57444,8992.0,0.57505,110.0,0.5751,38.0
1753546954082,16:22:34.082,A/USDT:USDT,0.57456,2334.0,0.57444,8992.0,0.57505,110.0,0.5751,38.0
1753546954683,16:22:34.683,A/USDT:USDT,0.57456,2334.0,0.57444,8992.0,0.57505,110.0,0.5751,38.0
1753546954833,16:22:34.833,A/USDT:USDT,0.57456,2421.0,0.57444,8992.0,0.57505,110.0,0.5751,38.0
1753546954983,16:22:34.983,A/USDT:USDT,0.57456,2334.0,0.57444,8992.0,0.57505,110.0,0.5751,38.0
1753546955133,16:22:35.133,A/USDT:USDT,0.57456,2334.0,0.57444,8992.0,0.57505,110.0,0.5751,38.0
1753546955283,16:22:35.283,A/USDT:USDT,0.57456,2334.0,0.57444,8992.0,0.57505,110.0,0.5751,38.0
1753546955433,16:22:35.433,A/USDT:USDT,0.57456,2334.0,0.57444,8992.0,0.57505,110.0,0.5751,38.0
1753546955583,16:22:35.583,A/USDT:USDT,0.57456,2334.0,0.57444,8992.0,0.57505,110.0,0.5751,38.0
1753546955883,16:22:35.883,A/USDT:USDT,0.57456,2334.0,0.57444,8992.0,0.57505,110.0,0.5751,38.0
1753546956033,16:22:36.033,A/USDT:USDT,0.57456,2334.0,0.57444,8992.0,0.57505,110.0,0.5751,38.0
1753546956184,16:22:36.184,A/USDT:USDT,0.57456,2682.0,0.57444,8992.0,0.57505,110.0,0.5751,38.0
1753546956484,16:22:36.484,A/USDT:USDT,0.57456,2682.0,0.57444,8992.0,0.57505,110.0,0.5751,38.0
1753546956934,16:22:36.934,A/USDT:USDT,0.57456,2682.0,0.57451,68.0,0.57505,110.0,0.5751,38.0
1753546957084,16:22:37.084,A/USDT:USDT,0.57456,2682.0,0.57451,68.0,0.57505,110.0,0.5751,38.0
1753546957234,16:22:37.234,A/USDT:USDT,0.57456,2682.0,0.57451,68.0,0.57505,110.0,0.5751,38.0
1753546957384,16:22:37.384,A/USDT:USDT,0.57456,2682.0,0.57451,68.0,0.57505,110.0,0.5751,38.0
1753546957535,16:22:37.535,A/USDT:USDT,0.57456,2682.0,0.57451,68.0,0.57505,110.0,0.5751,38.0
1753546957685,16:22:37.685,A/USDT:USDT,0.57456,2682.0,0.57451,68.0,0.57505,110.0,0.5751,38.0
1753546957835,16:22:37.835,A/USDT:USDT,0.57456,2682.0,0.57451,68.0,0.57505,110.0,0.5751,38.0
1753546957985,16:22:37.985,A/USDT:USDT,0.57456,2682.0,0.57451,68.0,0.57505,110.0,0.5751,38.0
1753546958135,16:22:38.135,A/USDT:USDT,0.57456,2682.0,0.57451,68.0,0.57505,110.0,0.5751,38.0
1753546958285,16:22:38.285,A/USDT:USDT,0.57456,2682.0,0.57451,68.0,0.57505,110.0,0.5751,38.0
1753546958435,16:22:38.435,A/USDT:USDT,0.57456,2682.0,0.57451,68.0,0.57505,110.0,0.5751,38.0
1753546958585,16:22:38.585,A/USDT:USDT,0.57456,2682.0,0.57451,68.0,0.57505,110.0,0.5751,38.0
1753546958735,16:22:38.735,A/USDT:USDT,0.57456,2682.0,0.57451,68.0,0.57505,110.0,0.5751,38.0
1753546958885,16:22:38.885,A/USDT:USDT,0.57456,2682.0,0.57451,68.0,0.57505,110.0,0.5751,38.0
1753546959186,16:22:39.186,A/USDT:USDT,0.57456,2682.0,0.57451,68.0,0.57505,110.0,0.5751,38.0
1753546959336,16:22:39.336,A/USDT:USDT,0.57456,2682.0,0.57451,68.0,0.57505,110.0,0.5751,38.0
1753546959486,16:22:39.486,A/USDT:USDT,0.57456,2682.0,0.57451,68.0,0.57505,110.0,0.5751,38.0
1753546959636,16:22:39.636,A/USDT:USDT,0.57456,2682.0,0.57451,68.0,0.57505,110.0,0.5751,38.0
1753546959786,16:22:39.786,A/USDT:USDT,0.57456,2682.0,0.57451,68.0,0.57505,110.0,0.5751,38.0
1753546959936,16:22:39.936,A/USDT:USDT,0.57456,2682.0,0.57451,68.0,0.57505,110.0,0.5751,38.0
1753546960086,16:22:40.086,A/USDT:USDT,0.57456,2682.0,0.57451,68.0,0.57505,110.0,0.5751,38.0
1753546960236,16:22:40.236,A/USDT:USDT,0.57456,2682.0,0.57451,68.0,0.57505,110.0,0.5751,38.0
1753546960386,16:22:40.386,A/USDT:USDT,0.57456,2298.0,0.57451,68.0,0.57505,110.0,0.5751,38.0
1753546960686,16:22:40.686,A/USDT:USDT,0.57456,3382.0,0.57451,68.0,0.57505,110.0,0.5751,38.0
1753546960836,16:22:40.836,A/USDT:USDT,0.57456,2298.0,0.57451,68.0,0.57505,110.0,0.5751,38.0
1753546960987,16:22:40.987,A/USDT:USDT,0.57456,1950.0,0.57451,68.0,0.57505,110.0,0.5751,38.0
1753546961137,16:22:41.137,A/USDT:USDT,0.57456,1950.0,0.57451,68.0,0.57505,110.0,0.5751,38.0
1753546961287,16:22:41.287,A/USDT:USDT,0.57456,1950.0,0.57451,68.0,0.57505,110.0,0.5751,38.0
1753546961437,16:22:41.437,A/USDT:USDT,0.57456,2300.0,0.57451,68.0,0.57505,110.0,0.5751,38.0
1753546961587,16:22:41.587,A/USDT:USDT,0.57456,2300.0,0.57451,68.0,0.57505,110.0,0.5751,38.0
1753546961737,16:22:41.737,A/USDT:USDT,0.57456,2300.0,0.57451,68.0,0.57505,110.0,0.5751,38.0
1753546961887,16:22:41.887,A/USDT:USDT,0.57456,2300.0,0.57451,68.0,0.57505,110.0,0.5751,38.0
1753546962187,16:22:42.187,A/USDT:USDT,0.57456,2300.0,0.57451,68.0,0.57505,110.0,0.5751,38.0
1753546962337,16:22:42.337,A/USDT:USDT,0.57456,2300.0,0.57451,68.0,0.57505,110.0,0.5751,38.0
1753546962487,16:22:42.487,A/USDT:USDT,0.57456,2300.0,0.57451,68.0,0.57505,110.0,0.5751,38.0
1753546962638,16:22:42.638,A/USDT:USDT,0.57456,2300.0,0.57451,68.0,0.57505,110.0,0.5751,38.0
1753546962788,16:22:42.788,A/USDT:USDT,0.57456,2300.0,0.57451,68.0,0.57505,110.0,0.5751,38.0
1753546962938,16:22:42.938,A/USDT:USDT,0.57456,2300.0,0.57451,68.0,0.57505,110.0,0.5751,38.0
1753546963088,16:22:43.088,A/USDT:USDT,0.57456,2300.0,0.57451,68.0,0.57505,110.0,0.5751,38.0
1753546963238,16:22:43.238,A/USDT:USDT,0.57456,2300.0,0.57451,9055.0,0.57505,110.0,0.5751,38.0
1753546963388,16:22:43.388,A/USDT:USDT,0.57456,2300.0,0.57451,9055.0,0.57505,110.0,0.5751,38.0
1753546963538,16:22:43.538,A/USDT:USDT,0.57456,2300.0,0.57451,9055.0,0.57505,110.0,0.5751,38.0
1753546963688,16:22:43.688,A/USDT:USDT,0.57456,2300.0,0.57451,9055.0,0.57505,110.0,0.5751,38.0
1753546963838,16:22:43.838,A/USDT:USDT,0.57456,2300.0,0.57451,9055.0,0.57505,110.0,0.5751,38.0
1753546963988,16:22:43.988,A/USDT:USDT,0.57456,2300.0,0.57451,9055.0,0.57505,110.0,0.5751,38.0
1753546964138,16:22:44.138,A/USDT:USDT,0.57456,2300.0,0.57451,9055.0,0.57505,110.0,0.5751,38.0
1753546964439,16:22:44.439,A/USDT:USDT,0.57456,2370.0,0.57451,9055.0,0.57505,110.0,0.5751,38.0
1753546964589,16:22:44.589,A/USDT:USDT,0.57456,2370.0,0.57451,9055.0,0.57505,110.0,0.5751,38.0
1753546964739,16:22:44.739,A/USDT:USDT,0.57456,2370.0,0.57451,9055.0,0.57505,110.0,0.5751,38.0
1753546964889,16:22:44.889,A/USDT:USDT,0.57456,2457.0,0.57451,9055.0,0.57505,110.0,0.5751,38.0
1753546965339,16:22:45.339,A/USDT:USDT,0.57456,2370.0,0.57451,9055.0,0.57505,110.0,0.5751,38.0
1753546965639,16:22:45.639,A/USDT:USDT,0.57456,2370.0,0.57451,9055.0,0.57505,110.0,0.5751,38.0
1753546965790,16:22:45.790,A/USDT:USDT,0.57456,2370.0,0.57451,9055.0,0.57505,110.0,0.5751,38.0
1753546965940,16:22:45.940,A/USDT:USDT,0.57456,2370.0,0.57451,9055.0,0.57505,110.0,0.5751,38.0
1753546966240,16:22:46.240,A/USDT:USDT,0.57456,2718.0,0.57451,9055.0,0.57505,110.0,0.5751,38.0
1753546966390,16:22:46.390,A/USDT:USDT,0.57456,2718.0,0.57451,9055.0,0.57505,110.0,0.5751,38.0
1753546966540,16:22:46.540,A/USDT:USDT,0.57456,2718.0,0.57451,9055.0,0.57505,110.0,0.5751,38.0
1753546966690,16:22:46.690,A/USDT:USDT,0.57456,2718.0,0.57451,9055.0,0.57505,110.0,0.5751,38.0
1753546966840,16:22:46.840,A/USDT:USDT,0.57456,2718.0,0.57451,9055.0,0.57505,110.0,0.5751,38.0
1753546966990,16:22:46.990,A/USDT:USDT,0.57456,2718.0,0.57451,9055.0,0.57505,110.0,0.5751,38.0
1753546967140,16:22:47.140,A/USDT:USDT,0.57456,2718.0,0.57451,9055.0,0.57505,110.0,0.5751,38.0
1753546967290,16:22:47.290,A/USDT:USDT,0.57456,2718.0,0.57451,9055.0,0.57505,110.0,0.5751,38.0
1753546967591,16:22:47.591,A/USDT:USDT,0.57456,2718.0,0.57451,9055.0,0.57505,110.0,0.5751,38.0
1753546967741,16:22:47.741,A/USDT:USDT,0.57456,2718.0,0.57451,9055.0,0.57505,110.0,0.5751,38.0
1753546967891,16:22:47.891,A/USDT:USDT,0.57456,2718.0,0.57451,9055.0,0.57505,110.0,0.5751,38.0
1753546968041,16:22:48.041,A/USDT:USDT,0.57456,2718.0,0.57451,9055.0,0.57505,110.0,0.5751,38.0
1753546968191,16:22:48.191,A/USDT:USDT,0.57456,2718.0,0.57451,9055.0,0.57505,110.0,0.5751,38.0
1753546968341,16:22:48.341,A/USDT:USDT,0.57456,2718.0,0.57451,9055.0,0.57505,110.0,0.5751,38.0
1753546968491,16:22:48.491,A/USDT:USDT,0.57456,2718.0,0.57451,9055.0,0.57505,110.0,0.5751,38.0
1753546968641,16:22:48.641,A/USDT:USDT,0.57456,2718.0,0.57451,9055.0,0.57505,110.0,0.5751,38.0
1753546968941,16:22:48.941,A/USDT:USDT,0.57456,2718.0,0.57451,9055.0,0.57505,110.0,0.5751,38.0
1753546969092,16:22:49.092,A/USDT:USDT,0.57456,2718.0,0.57451,9055.0,0.57505,110.0,0.5751,38.0
1753546969242,16:22:49.242,A/USDT:USDT,0.57456,2718.0,0.57451,9055.0,0.57505,110.0,0.5751,38.0
1753546969392,16:22:49.392,A/USDT:USDT,0.57456,2718.0,0.57451,9055.0,0.57505,110.0,0.5751,38.0
1753546969542,16:22:49.542,A/USDT:USDT,0.57456,2718.0,0.57451,9055.0,0.57505,110.0,0.5751,38.0
1753546969692,16:22:49.692,A/USDT:USDT,0.57456,2718.0,0.57451,9055.0,0.57505,110.0,0.5751,38.0
1753546969842,16:22:49.842,A/USDT:USDT,0.57456,2718.0,0.57451,9055.0,0.57505,110.0,0.5751,38.0
1753546969992,16:22:49.992,A/USDT:USDT,0.57456,2718.0,0.57451,9055.0,0.57505,110.0,0.5751,38.0
1753546970142,16:22:50.142,A/USDT:USDT,0.57456,2718.0,0.57451,9055.0,0.57505,110.0,0.5751,38.0
1753546970292,16:22:50.292,A/USDT:USDT,0.57456,2718.0,0.57451,9055.0,0.57505,110.0,0.5751,38.0
1753546970442,16:22:50.442,A/USDT:USDT,0.57456,2718.0,0.57451,9055.0,0.57505,110.0,0.5751,38.0
1753546970742,16:22:50.742,A/USDT:USDT,0.57456,2718.0,0.57451,9055.0,0.57505,110.0,0.5751,38.0
1753546970893,16:22:50.893,A/USDT:USDT,0.57456,2718.0,0.57451,9055.0,0.57505,110.0,0.5751,38.0
1753546971043,16:22:51.043,A/USDT:USDT,0.57456,2718.0,0.57451,9055.0,0.57505,110.0,0.5751,38.0
1753546971193,16:22:51.193,A/USDT:USDT,0.57456,2718.0,0.57451,9055.0,0.57505,110.0,0.5751,38.0
1753546971343,16:22:51.343,A/USDT:USDT,0.57456,2718.0,0.57451,9055.0,0.57505,110.0,0.5751,38.0
1753546971493,16:22:51.493,A/USDT:USDT,0.57456,2718.0,0.57451,9055.0,0.57505,110.0,0.5751,38.0
1753546971643,16:22:51.643,A/USDT:USDT,0.57456,2718.0,0.57451,9055.0,0.57505,110.0,0.5751,38.0
1753546971793,16:22:51.793,A/USDT:USDT,0.57456,2718.0,0.57451,9055.0,0.57505,110.0,0.5751,38.0
1753546971943,16:22:51.943,A/USDT:USDT,0.57456,2718.0,0.57451,9055.0,0.57505,110.0,0.5751,38.0
1753546972093,16:22:52.093,A/USDT:USDT,0.57456,2718.0,0.57451,9055.0,0.57505,110.0,0.5751,38.0
1753546972243,16:22:52.243,A/USDT:USDT,0.57456,2718.0,0.57451,9055.0,0.57505,110.0,0.5751,38.0
1753546972393,16:22:52.393,A/USDT:USDT,0.57456,2718.0,0.57451,9055.0,0.57505,110.0,0.5751,38.0
1753546972543,16:22:52.543,A/USDT:USDT,0.57456,2718.0,0.57451,9055.0,0.57505,110.0,0.5751,38.0
1753546972694,16:22:52.694,A/USDT:USDT,0.57456,2718.0,0.57451,9055.0,0.57505,110.0,0.5751,38.0
1753546972844,16:22:52.844,A/USDT:USDT,0.57456,2718.0,0.57451,9055.0,0.57505,110.0,0.5751,38.0
1753546972994,16:22:52.994,A/USDT:USDT,0.57456,2718.0,0.57451,9055.0,0.57505,110.0,0.5751,38.0
1753546973144,16:22:53.144,A/USDT:USDT,0.57456,2718.0,0.57451,9055.0,0.57505,110.0,0.5751,38.0
1753546973294,16:22:53.294,A/USDT:USDT,0.57456,2718.0,0.57451,9055.0,0.57505,110.0,0.5751,38.0
1753546973444,16:22:53.444,A/USDT:USDT,0.57456,2718.0,0.57451,9055.0,0.57505,110.0,0.5751,38.0
1753546973594,16:22:53.594,A/USDT:USDT,0.57456,2718.0,0.57451,9055.0,0.57505,110.0,0.5751,38.0
1753546973744,16:22:53.744,A/USDT:USDT,0.57456,2718.0,0.57451,9055.0,0.57505,110.0,0.5751,38.0
1753546973894,16:22:53.894,A/USDT:USDT,0.57456,2718.0,0.57451,9055.0,0.57505,110.0,0.5751,38.0
1753546974044,16:22:54.044,A/USDT:USDT,0.57456,2718.0,0.57451,9055.0,0.57505,110.0,0.5751,38.0
1753546974345,16:22:54.345,A/USDT:USDT,0.57456,2718.0,0.57451,9055.0,0.57505,110.0,0.5751,38.0
1753546974495,16:22:54.495,A/USDT:USDT,0.57456,2718.0,0.57451,9055.0,0.57505,110.0,0.5751,38.0
1753546974645,16:22:54.645,A/USDT:USDT,0.57456,2718.0,0.57451,9055.0,0.57505,110.0,0.5751,38.0
1753546974795,16:22:54.795,A/USDT:USDT,0.57456,2718.0,0.57451,9055.0,0.57505,110.0,0.5751,38.0
1753546974945,16:22:54.945,A/USDT:USDT,0.57456,2718.0,0.57451,9055.0,0.57505,110.0,0.5751,38.0
1753546975095,16:22:55.095,A/USDT:USDT,0.57456,2718.0,0.57451,9055.0,0.57505,110.0,0.5751,38.0
1753546975395,16:22:55.395,A/USDT:USDT,0.57457,8985.0,0.57456,2718.0,0.57505,110.0,0.5751,38.0
1753546975545,16:22:55.545,A/USDT:USDT,0.57457,8985.0,0.57456,2718.0,0.57505,110.0,0.5751,38.0
1753546975695,16:22:55.695,A/USDT:USDT,0.57457,8985.0,0.57456,2718.0,0.57505,110.0,0.5751,38.0
1753546975845,16:22:55.845,A/USDT:USDT,0.57457,8985.0,0.57456,2718.0,0.57505,110.0,0.5751,38.0
1753546975996,16:22:55.996,A/USDT:USDT,0.57457,8985.0,0.57456,2718.0,0.57505,110.0,0.5751,38.0
1753546976146,16:22:56.146,A/USDT:USDT,0.57457,8985.0,0.57456,2718.0,0.57505,110.0,0.5751,38.0
1753546976296,16:22:56.296,A/USDT:USDT,0.57457,8985.0,0.57456,2718.0,0.57505,110.0,0.5751,38.0
1753546976446,16:22:56.446,A/USDT:USDT,0.57457,8985.0,0.57456,2718.0,0.57505,110.0,0.5751,38.0
1753546976596,16:22:56.596,A/USDT:USDT,0.57457,8985.0,0.57456,2718.0,0.57505,110.0,0.5751,38.0
1753546976746,16:22:56.746,A/USDT:USDT,0.57457,8985.0,0.57456,2718.0,0.57505,110.0,0.5751,38.0
1753546976896,16:22:56.896,A/USDT:USDT,0.57457,8985.0,0.57456,2718.0,0.57505,110.0,0.5751,38.0
1753546977046,16:22:57.046,A/USDT:USDT,0.57457,8985.0,0.57456,2718.0,0.57505,110.0,0.5751,38.0
1753546977196,16:22:57.196,A/USDT:USDT,0.57457,8985.0,0.57456,2718.0,0.57505,110.0,0.5751,38.0
1753546977346,16:22:57.346,A/USDT:USDT,0.57457,8985.0,0.57456,2718.0,0.57505,110.0,0.5751,38.0
1753546977496,16:22:57.496,A/USDT:USDT,0.57457,8985.0,0.57456,2718.0,0.57505,110.0,0.5751,38.0
1753546977797,16:22:57.797,A/USDT:USDT,0.57457,8985.0,0.57456,2718.0,0.57505,110.0,0.5751,38.0
1753546977947,16:22:57.947,A/USDT:USDT,0.57457,8985.0,0.57456,2718.0,0.57505,110.0,0.5751,38.0
1753546978097,16:22:58.097,A/USDT:USDT,0.57457,8985.0,0.57456,2718.0,0.57505,110.0,0.5751,38.0
1753546978247,16:22:58.247,A/USDT:USDT,0.57457,8985.0,0.57456,2718.0,0.57505,110.0,0.5751,38.0
1753546978397,16:22:58.397,A/USDT:USDT,0.57457,8985.0,0.57456,2718.0,0.57505,110.0,0.5751,38.0
1753546978547,16:22:58.547,A/USDT:USDT,0.57457,8985.0,0.57456,2718.0,0.57505,110.0,0.5751,38.0
1753546978847,16:22:58.847,A/USDT:USDT,0.57457,8985.0,0.57456,2718.0,0.57505,110.0,0.5751,38.0
1753546978997,16:22:58.997,A/USDT:USDT,0.57457,8985.0,0.57456,2718.0,0.57505,110.0,0.5751,38.0
1753546979147,16:22:59.147,A/USDT:USDT,0.57457,8985.0,0.57456,2718.0,0.57505,110.0,0.5751,38.0
1753546979298,16:22:59.298,A/USDT:USDT,0.57457,8985.0,0.57456,2718.0,0.57505,110.0,0.5751,38.0
1753546979448,16:22:59.448,A/USDT:USDT,0.57457,8985.0,0.57456,2718.0,0.57505,110.0,0.5751,38.0
1753546979598,16:22:59.598,A/USDT:USDT,0.57457,8985.0,0.57456,2718.0,0.57505,110.0,0.5751,38.0
1753546979748,16:22:59.748,A/USDT:USDT,0.57457,8985.0,0.57456,2718.0,0.57505,110.0,0.5751,38.0
1753546979898,16:22:59.898,A/USDT:USDT,0.57457,8985.0,0.57456,2718.0,0.57505,110.0,0.5751,38.0
1753546980048,16:23:00.048,A/USDT:USDT,0.57457,8985.0,0.57456,2718.0,0.57505,110.0,0.5751,38.0
1753546980198,16:23:00.198,A/USDT:USDT,0.57457,8985.0,0.57456,2718.0,0.57505,110.0,0.5751,38.0
1753546980348,16:23:00.348,A/USDT:USDT,0.57457,8985.0,0.57456,2718.0,0.57505,110.0,0.5751,38.0
1753546980799,16:23:00.799,A/USDT:USDT,0.57457,9072.0,0.57456,2196.0,0.57505,110.0,0.5751,38.0
1753546980949,16:23:00.949,A/USDT:USDT,0.57457,9217.0,0.57456,2196.0,0.57505,110.0,0.5751,38.0
1753546981099,16:23:01.099,A/USDT:USDT,0.57457,9507.0,0.57456,2196.0,0.57505,110.0,0.5751,38.0
1753546981249,16:23:01.249,A/USDT:USDT,0.57457,9797.0,0.57456,2196.0,0.57505,110.0,0.5751,38.0
1753546981399,16:23:01.399,A/USDT:USDT,0.57457,9797.0,0.57456,1776.0,0.57505,110.0,0.5751,38.0
1753546981549,16:23:01.549,A/USDT:USDT,0.57457,9797.0,0.57456,1776.0,0.57505,110.0,0.5751,38.0
1753546981699,16:23:01.699,A/USDT:USDT,0.57457,9797.0,0.57456,1776.0,0.57505,110.0,0.5751,38.0
1753546981849,16:23:01.849,A/USDT:USDT,0.57457,9797.0,0.57456,1776.0,0.57505,110.0,0.5751,38.0
1753546982149,16:23:02.149,A/USDT:USDT,0.57457,10667.0,0.57456,1776.0,0.57505,110.0,0.5751,38.0
1753546982299,16:23:02.299,A/USDT:USDT,0.57457,232.0,0.57454,9047.0,0.57495,110.0,0.575,1776.0
1753546982450,16:23:02.450,A/USDT:USDT,0.57454,9047.0,0.57442,1245.0,0.57495,110.0,0.57505,110.0
1753546982600,16:23:02.600,A/USDT:USDT,0.57454,9047.0,0.57442,1245.0,0.57505,110.0,0.5751,38.0
1753546982750,16:23:02.750,A/USDT:USDT,0.57454,9047.0,0.57442,1245.0,0.57505,388.0,0.5751,38.0
1753546983050,16:23:03.050,A/USDT:USDT,0.57454,9047.0,0.57442,1245.0,0.575,110.0,0.5751,38.0
1753546983200,16:23:03.200,A/USDT:USDT,0.57454,9279.0,0.57442,1245.0,0.575,110.0,0.5751,38.0
1753546983350,16:23:03.350,A/USDT:USDT,0.57454,9047.0,0.57442,1245.0,0.575,110.0,0.5751,38.0
1753546983500,16:23:03.500,A/USDT:USDT,0.57454,9047.0,0.57442,1245.0,0.575,110.0,0.5751,38.0
1753546983650,16:23:03.650,A/USDT:USDT,0.57454,9047.0,0.57442,1245.0,0.575,110.0,0.5751,38.0
1753546983951,16:23:03.951,A/USDT:USDT,0.57454,9047.0,0.57442,1245.0,0.575,110.0,0.5751,38.0
1753546984101,16:23:04.101,A/USDT:USDT,0.57454,9047.0,0.57442,1245.0,0.575,110.0,0.5751,38.0
1753546984251,16:23:04.251,A/USDT:USDT,0.57454,9047.0,0.57442,1245.0,0.575,110.0,0.5751,38.0
1753546984401,16:23:04.401,A/USDT:USDT,0.57454,9047.0,0.57442,1245.0,0.575,110.0,0.5751,38.0
1753546984551,16:23:04.551,A/USDT:USDT,0.57454,9047.0,0.57442,1245.0,0.575,110.0,0.5751,38.0
1753546984701,16:23:04.701,A/USDT:USDT,0.57454,9047.0,0.57442,1245.0,0.575,110.0,0.5751,38.0
1753546984851,16:23:04.851,A/USDT:USDT,0.57454,9047.0,0.57442,1245.0,0.575,110.0,0.5751,38.0
1753546985001,16:23:05.001,A/USDT:USDT,0.57454,9047.0,0.57442,1245.0,0.575,110.0,0.5751,38.0
1753546985151,16:23:05.151,A/USDT:USDT,0.57454,9047.0,0.57442,1245.0,0.575,110.0,0.5751,38.0
1753546985301,16:23:05.301,A/USDT:USDT,0.57454,9047.0,0.57442,1245.0,0.575,110.0,0.5751,38.0
1753546985451,16:23:05.451,A/USDT:USDT,0.57454,9047.0,0.57442,1245.0,0.575,110.0,0.5751,38.0
1753546985602,16:23:05.602,A/USDT:USDT,0.57454,9047.0,0.57442,1245.0,0.575,110.0,0.5751,38.0
1753546985902,16:23:05.902,A/USDT:USDT,0.57454,9047.0,0.57442,1245.0,0.575,110.0,0.5751,38.0
1753546986052,16:23:06.052,A/USDT:USDT,0.57454,9047.0,0.57442,1245.0,0.575,110.0,0.5751,38.0
1753546986202,16:23:06.202,A/USDT:USDT,0.57454,9047.0,0.57442,1245.0,0.575,110.0,0.5751,38.0
1753546986352,16:23:06.352,A/USDT:USDT,0.57454,9185.0,0.57442,1245.0,0.575,110.0,0.5751,38.0
1753546986502,16:23:06.502,A/USDT:USDT,0.57454,9185.0,0.57442,1245.0,0.575,110.0,0.5751,38.0
1753546986652,16:23:06.652,A/USDT:USDT,0.57454,9185.0,0.57442,1245.0,0.575,110.0,0.5751,38.0
1753546986802,16:23:06.802,A/USDT:USDT,0.57454,9185.0,0.57442,1245.0,0.575,110.0,0.5751,38.0
1753546986952,16:23:06.952,A/USDT:USDT,0.57454,9185.0,0.57442,1245.0,0.575,110.0,0.5751,38.0
1753546987102,16:23:07.102,A/USDT:USDT,0.57454,9185.0,0.57442,1245.0,0.575,110.0,0.5751,38.0
1753546987253,16:23:07.253,A/USDT:USDT,0.57454,9047.0,0.57442,1245.0,0.575,110.0,0.5751,38.0
1753546987403,16:23:07.403,A/USDT:USDT,0.57446,9047.0,0.57442,1245.0,0.575,110.0,0.5751,38.0
1753546987553,16:23:07.553,A/USDT:USDT,0.57446,9047.0,0.57442,1245.0,0.575,110.0,0.5751,38.0
1753546987703,16:23:07.703,A/USDT:USDT,0.57446,9047.0,0.57442,1245.0,0.575,110.0,0.5751,38.0
1753546987853,16:23:07.853,A/USDT:USDT,0.57446,9047.0,0.57442,1245.0,0.575,110.0,0.5751,38.0
1753546988003,16:23:08.003,A/USDT:USDT,0.57446,9134.0,0.57442,1245.0,0.575,110.0,0.5751,38.0
1753546988153,16:23:08.153,A/USDT:USDT,0.57446,9134.0,0.57442,1245.0,0.575,110.0,0.5751,38.0
1753546988303,16:23:08.303,A/USDT:USDT,0.57446,9134.0,0.57442,1245.0,0.575,110.0,0.5751,38.0
1753546988453,16:23:08.453,A/USDT:USDT,0.57446,9134.0,0.57442,1245.0,0.575,110.0,0.5751,38.0
1753546988603,16:23:08.603,A/USDT:USDT,0.57446,9134.0,0.57442,1245.0,0.575,110.0,0.5751,38.0
1753546988753,16:23:08.753,A/USDT:USDT,0.57446,9134.0,0.57442,1245.0,0.575,110.0,0.5751,38.0
1753546988904,16:23:08.904,A/USDT:USDT,0.57446,9134.0,0.57442,1245.0,0.575,110.0,0.5751,38.0
1753546989054,16:23:09.054,A/USDT:USDT,0.57446,9221.0,0.57442,1245.0,0.575,110.0,0.5751,38.0
1753546989204,16:23:09.204,A/USDT:USDT,0.57446,9221.0,0.57442,1245.0,0.575,110.0,0.5751,38.0
1753546989354,16:23:09.354,A/USDT:USDT,0.57446,9221.0,0.57442,1245.0,0.575,110.0,0.5751,38.0
1753546989504,16:23:09.504,A/USDT:USDT,0.57446,9221.0,0.57442,1245.0,0.575,110.0,0.5751,38.0
1753546989654,16:23:09.654,A/USDT:USDT,0.57446,9221.0,0.57442,1245.0,0.575,110.0,0.5751,38.0
1753546989804,16:23:09.804,A/USDT:USDT,0.57446,9221.0,0.57442,1245.0,0.575,110.0,0.5751,38.0
1753546989954,16:23:09.954,A/USDT:USDT,0.57446,9221.0,0.57442,1245.0,0.575,110.0,0.5751,38.0
1753546990104,16:23:10.104,A/USDT:USDT,0.57446,9221.0,0.57442,1245.0,0.575,110.0,0.5751,38.0
1753546990254,16:23:10.254,A/USDT:USDT,0.57446,9221.0,0.57442,1245.0,0.575,110.0,0.5751,38.0
1753546990404,16:23:10.404,A/USDT:USDT,0.57446,9221.0,0.57442,1245.0,0.575,110.0,0.5751,38.0
1753546990555,16:23:10.555,A/USDT:USDT,0.57446,9221.0,0.57442,1245.0,0.575,110.0,0.5751,38.0
1753546990705,16:23:10.705,A/USDT:USDT,0.57446,9221.0,0.57442,1245.0,0.575,110.0,0.5751,38.0
1753546990855,16:23:10.855,A/USDT:USDT,0.57446,9221.0,0.57442,1245.0,0.575,110.0,0.5751,38.0
1753546991005,16:23:11.005,A/USDT:USDT,0.57446,9722.0,0.57442,1245.0,0.575,110.0,0.5751,38.0
1753546991155,16:23:11.155,A/USDT:USDT,0.57446,9395.0,0.57442,1245.0,0.575,110.0,0.5751,38.0
1753546991305,16:23:11.305,A/USDT:USDT,0.57446,9482.0,0.57442,1245.0,0.575,110.0,0.5751,38.0
1753546991605,16:23:11.605,A/USDT:USDT,0.57446,9845.0,0.57442,1245.0,0.575,110.0,0.5751,38.0
1753546991755,16:23:11.755,A/USDT:USDT,0.57446,10085.0,0.57442,1245.0,0.575,110.0,0.5751,38.0
1753546991905,16:23:11.905,A/USDT:USDT,0.57446,10085.0,0.57442,1245.0,0.575,110.0,0.5751,38.0
1753546992056,16:23:12.056,A/USDT:USDT,0.57446,10085.0,0.57442,1245.0,0.575,110.0,0.5751,38.0
1753546992206,16:23:12.206,A/USDT:USDT,0.57446,10085.0,0.57442,1245.0,0.575,110.0,0.5751,38.0
1753546992356,16:23:12.356,A/USDT:USDT,0.57446,10085.0,0.57442,1245.0,0.575,110.0,0.5751,38.0
1753546992506,16:23:12.506,A/USDT:USDT,0.57446,9395.0,0.57442,1245.0,0.575,110.0,0.5751,38.0
1753546992656,16:23:12.656,A/USDT:USDT,0.57446,9395.0,0.57442,1245.0,0.575,110.0,0.5751,38.0
1753546992806,16:23:12.806,A/USDT:USDT,0.57446,9395.0,0.57442,1245.0,0.575,110.0,0.5751,38.0
1753546992956,16:23:12.956,A/USDT:USDT,0.57446,9395.0,0.57442,1245.0,0.575,110.0,0.5751,38.0
1753546993106,16:23:13.106,A/USDT:USDT,0.57446,348.0,0.57442,1245.0,0.575,110.0,0.5751,38.0
1753546993256,16:23:13.256,A/USDT:USDT,0.57446,522.0,0.57442,10287.0,0.575,110.0,0.5751,38.0
1753546993406,16:23:13.406,A/USDT:USDT,0.57446,522.0,0.57442,10287.0,0.575,110.0,0.5751,38.0
1753546993556,16:23:13.556,A/USDT:USDT,0.57446,522.0,0.57442,10287.0,0.575,110.0,0.5751,38.0
1753546993707,16:23:13.707,A/USDT:USDT,0.57446,522.0,0.57442,10287.0,0.575,110.0,0.5751,38.0
1753546993857,16:23:13.857,A/USDT:USDT,0.57446,522.0,0.57442,10287.0,0.575,110.0,0.5751,38.0
1753546994007,16:23:14.007,A/USDT:USDT,0.57446,1038.0,0.57442,10287.0,0.575,110.0,0.5751,38.0
1753546994157,16:23:14.157,A/USDT:USDT,0.57446,348.0,0.57442,10287.0,0.575,110.0,0.5751,38.0
1753546994307,16:23:14.307,A/USDT:USDT,0.57446,348.0,0.57442,10287.0,0.575,110.0,0.5751,38.0
1753546994457,16:23:14.457,A/USDT:USDT,0.57446,348.0,0.57442,10287.0,0.575,110.0,0.5751,38.0
1753546994607,16:23:14.607,A/USDT:USDT,0.57446,348.0,0.57442,10287.0,0.575,110.0,0.5751,38.0
1753546994757,16:23:14.757,A/USDT:USDT,0.57446,348.0,0.57442,10287.0,0.575,110.0,0.5751,38.0
1753546994907,16:23:14.907,A/USDT:USDT,0.57446,410.0,0.57442,10287.0,0.575,110.0,0.5751,38.0
1753546995057,16:23:15.057,A/USDT:USDT,0.57446,745.0,0.57442,10287.0,0.575,110.0,0.5751,38.0
1753546995207,16:23:15.207,A/USDT:USDT,0.57446,745.0,0.57442,10287.0,0.575,110.0,0.5751,38.0
1753546995358,16:23:15.358,A/USDT:USDT,0.57446,745.0,0.57442,10287.0,0.575,110.0,0.5751,38.0
1753546995508,16:23:15.508,A/USDT:USDT,0.57446,658.0,0.57442,10287.0,0.575,110.0,0.5751,38.0
1753546995658,16:23:15.658,A/USDT:USDT,0.57446,745.0,0.57442,10287.0,0.575,110.0,0.5751,38.0
1753546995808,16:23:15.808,A/USDT:USDT,0.57446,745.0,0.57442,10287.0,0.575,110.0,0.5751,38.0
1753546995958,16:23:15.958,A/USDT:USDT,0.57446,745.0,0.57442,10287.0,0.575,110.0,0.5751,38.0
1753546996108,16:23:16.108,A/USDT:USDT,0.57446,658.0,0.57442,10287.0,0.575,110.0,0.5751,38.0
1753546996258,16:23:16.258,A/USDT:USDT,0.57446,745.0,0.57442,10287.0,0.575,110.0,0.5751,38.0
1753546996408,16:23:16.408,A/USDT:USDT,0.57446,745.0,0.57442,10287.0,0.575,110.0,0.5751,38.0
1753546996558,16:23:16.558,A/USDT:USDT,0.57446,658.0,0.57442,10287.0,0.575,110.0,0.5751,38.0
1753546996708,16:23:16.708,A/USDT:USDT,0.57446,484.0,0.57442,10287.0,0.575,110.0,0.5751,38.0
1753546996858,16:23:16.858,A/USDT:USDT,0.57446,484.0,0.57442,10287.0,0.575,110.0,0.5751,38.0
1753546997009,16:23:17.009,A/USDT:USDT,0.57446,571.0,0.57442,10287.0,0.575,110.0,0.5751,38.0
1753546997159,16:23:17.159,A/USDT:USDT,0.57446,484.0,0.57442,10287.0,0.575,110.0,0.5751,38.0
1753546997309,16:23:17.309,A/USDT:USDT,0.57446,484.0,0.57443,71.0,0.575,110.0,0.5751,38.0
1753546997459,16:23:17.459,A/USDT:USDT,0.57446,484.0,0.57443,71.0,0.575,110.0,0.5751,38.0
1753546997609,16:23:17.609,A/USDT:USDT,0.57446,484.0,0.57443,71.0,0.575,110.0,0.5751,38.0
1753546997759,16:23:17.759,A/USDT:USDT,0.57446,484.0,0.57443,71.0,0.575,110.0,0.5751,38.0
1753546997909,16:23:17.909,A/USDT:USDT,0.57446,745.0,0.57443,71.0,0.575,110.0,0.5751,38.0
1753546998059,16:23:18.059,A/USDT:USDT,0.57446,745.0,0.57443,71.0,0.575,110.0,0.5751,38.0
1753546998209,16:23:18.209,A/USDT:USDT,0.57446,745.0,0.57443,71.0,0.575,110.0,0.5751,38.0
1753546998359,16:23:18.359,A/USDT:USDT,0.57446,484.0,0.57443,71.0,0.575,110.0,0.5751,38.0
1753546998509,16:23:18.509,A/USDT:USDT,0.57446,484.0,0.57443,71.0,0.575,110.0,0.5751,38.0
1753546998660,16:23:18.660,A/USDT:USDT,0.57446,484.0,0.57443,71.0,0.575,110.0,0.5751,38.0
1753546998810,16:23:18.810,A/USDT:USDT,0.57446,484.0,0.57443,71.0,0.575,110.0,0.5751,38.0
1753546998960,16:23:18.960,A/USDT:USDT,0.57446,745.0,0.57443,71.0,0.575,110.0,0.5751,38.0
1753546999260,16:23:19.260,A/USDT:USDT,0.57446,484.0,0.57443,71.0,0.575,110.0,0.5751,38.0
1753546999410,16:23:19.410,A/USDT:USDT,0.57446,745.0,0.57443,71.0,0.575,110.0,0.5751,38.0
1753546999560,16:23:19.560,A/USDT:USDT,0.57446,571.0,0.57443,71.0,0.575,110.0,0.5751,38.0
1753546999710,16:23:19.710,A/USDT:USDT,0.57446,832.0,0.57443,71.0,0.575,110.0,0.5751,38.0
1753546999860,16:23:19.860,A/USDT:USDT,0.57446,832.0,0.57443,71.0,0.575,110.0,0.5751,38.0
1753547000010,16:23:20.010,A/USDT:USDT,0.57446,832.0,0.57443,71.0,0.575,110.0,0.5751,38.0
1753547000160,16:23:20.160,A/USDT:USDT,0.57446,832.0,0.57443,71.0,0.575,110.0,0.5751,38.0
1753547000310,16:23:20.310,A/USDT:USDT,0.57446,832.0,0.57443,71.0,0.575,110.0,0.5751,38.0
1753547000461,16:23:20.461,A/USDT:USDT,0.57446,832.0,0.57443,71.0,0.575,110.0,0.5751,38.0
1753547000611,16:23:20.611,A/USDT:USDT,0.57446,832.0,0.57443,71.0,0.575,110.0,0.5751,38.0
1753547000761,16:23:20.761,A/USDT:USDT,0.57446,832.0,0.57443,71.0,0.575,110.0,0.5751,38.0
1753547000911,16:23:20.911,A/USDT:USDT,0.57446,832.0,0.57443,71.0,0.575,110.0,0.5751,38.0
1753547001061,16:23:21.061,A/USDT:USDT,0.57446,832.0,0.57443,71.0,0.575,110.0,0.5751,38.0
1753547001361,16:23:21.361,A/USDT:USDT,0.57446,484.0,0.57443,71.0,0.575,110.0,0.5751,38.0
1753547001511,16:23:21.511,A/USDT:USDT,0.57446,484.0,0.57443,71.0,0.575,110.0,0.5751,38.0
1753547001661,16:23:21.661,A/USDT:USDT,0.57446,484.0,0.57443,71.0,0.575,110.0,0.5751,38.0
1753547001811,16:23:21.811,A/USDT:USDT,0.57446,484.0,0.57443,71.0,0.575,110.0,0.5751,38.0
1753547001962,16:23:21.962,A/USDT:USDT,0.57446,484.0,0.57443,71.0,0.575,110.0,0.5751,38.0
1753547002112,16:23:22.112,A/USDT:USDT,0.57446,484.0,0.57443,71.0,0.575,110.0,0.5751,38.0
1753547002262,16:23:22.262,A/USDT:USDT,0.57446,484.0,0.57443,71.0,0.575,110.0,0.5751,38.0
1753547002412,16:23:22.412,A/USDT:USDT,0.57446,484.0,0.57443,71.0,0.575,110.0,0.5751,38.0
1753547002562,16:23:22.562,A/USDT:USDT,0.57446,484.0,0.57443,71.0,0.575,110.0,0.5751,38.0
1753547002712,16:23:22.712,A/USDT:USDT,0.57446,484.0,0.57443,71.0,0.575,110.0,0.5751,38.0
1753547003012,16:23:23.012,A/USDT:USDT,0.57446,484.0,0.57443,71.0,0.575,110.0,0.5751,38.0
1753547003162,16:23:23.162,A/USDT:USDT,0.57446,484.0,0.57443,71.0,0.575,110.0,0.5751,38.0
1753547003312,16:23:23.312,A/USDT:USDT,0.57446,484.0,0.57443,71.0,0.575,110.0,0.5751,38.0
1753547003463,16:23:23.463,A/USDT:USDT,0.57446,571.0,0.57443,71.0,0.575,110.0,0.5751,38.0
1753547003613,16:23:23.613,A/USDT:USDT,0.57446,484.0,0.57443,71.0,0.575,110.0,0.5751,38.0
1753547003763,16:23:23.763,A/USDT:USDT,0.57446,484.0,0.57443,71.0,0.575,110.0,0.5751,38.0
1753547003913,16:23:23.913,A/USDT:USDT,0.57446,571.0,0.57443,71.0,0.575,110.0,0.5751,38.0
1753547004063,16:23:24.063,A/USDT:USDT,0.57446,571.0,0.57443,71.0,0.575,110.0,0.5751,38.0
1753547004213,16:23:24.213,A/USDT:USDT,0.57446,658.0,0.57443,71.0,0.575,110.0,0.5751,38.0
1753547004363,16:23:24.363,A/USDT:USDT,0.57446,658.0,0.57443,71.0,0.575,110.0,0.5751,38.0
1753547004513,16:23:24.513,A/USDT:USDT,0.57446,658.0,0.57443,71.0,0.575,110.0,0.5751,38.0
1753547004663,16:23:24.663,A/USDT:USDT,0.57446,658.0,0.57443,71.0,0.575,110.0,0.5751,38.0
1753547005113,16:23:25.113,A/USDT:USDT,0.57446,484.0,0.57443,71.0,0.575,110.0,0.5751,38.0
1753547005264,16:23:25.264,A/USDT:USDT,0.57446,484.0,0.57443,71.0,0.575,110.0,0.5751,38.0
1753547005414,16:23:25.414,A/USDT:USDT,0.57446,484.0,0.57443,71.0,0.575,110.0,0.5751,38.0
1753547005564,16:23:25.564,A/USDT:USDT,0.57446,484.0,0.57443,71.0,0.575,110.0,0.5751,38.0
1753547005714,16:23:25.714,A/USDT:USDT,0.57446,484.0,0.57443,71.0,0.575,110.0,0.5751,38.0
1753547005864,16:23:25.864,A/USDT:USDT,0.57446,484.0,0.57443,71.0,0.575,110.0,0.5751,38.0
1753547006164,16:23:26.164,A/USDT:USDT,0.57446,484.0,0.57443,71.0,0.575,110.0,0.5751,38.0
1753547006314,16:23:26.314,A/USDT:USDT,0.57446,484.0,0.57443,71.0,0.575,110.0,0.5751,38.0
1753547006614,16:23:26.614,A/USDT:USDT,0.57446,484.0,0.57443,71.0,0.575,110.0,0.5751,38.0
1753547006764,16:23:26.764,A/USDT:USDT,0.57446,484.0,0.57443,71.0,0.575,110.0,0.5751,38.0
1753547006915,16:23:26.915,A/USDT:USDT,0.57446,832.0,0.57443,71.0,0.575,110.0,0.5751,38.0
1753547007065,16:23:27.065,A/USDT:USDT,0.57446,484.0,0.57443,71.0,0.575,110.0,0.5751,38.0
1753547007215,16:23:27.215,A/USDT:USDT,0.57447,9037.0,0.57446,484.0,0.575,110.0,0.5751,38.0
1753547007665,16:23:27.665,A/USDT:USDT,0.57447,9037.0,0.57446,484.0,0.575,110.0,0.5751,38.0
1753547007815,16:23:27.815,A/USDT:USDT,0.57447,9037.0,0.57446,484.0,0.575,110.0,0.5751,38.0
1753547007965,16:23:27.965,A/USDT:USDT,0.57447,9037.0,0.57446,484.0,0.575,110.0,0.5751,38.0
1753547008115,16:23:28.115,A/USDT:USDT,0.57447,9037.0,0.57446,484.0,0.575,110.0,0.5751,38.0
1753547008265,16:23:28.265,A/USDT:USDT,0.57447,9037.0,0.57446,484.0,0.575,110.0,0.5751,38.0
1753547008566,16:23:28.566,A/USDT:USDT,0.57447,9037.0,0.57446,484.0,0.575,110.0,0.5751,38.0
1753547008716,16:23:28.716,A/USDT:USDT,0.57447,9037.0,0.57446,484.0,0.575,110.0,0.5751,38.0
1753547009016,16:23:29.016,A/USDT:USDT,0.57447,9037.0,0.57446,484.0,0.575,110.0,0.5751,38.0
1753547009167,16:23:29.167,A/USDT:USDT,0.57447,9037.0,0.57446,484.0,0.575,110.0,0.5751,38.0
1753547009317,16:23:29.317,A/USDT:USDT,0.57447,9037.0,0.57446,484.0,0.575,110.0,0.5751,38.0
1753547009467,16:23:29.467,A/USDT:USDT,0.57447,9124.0,0.57446,484.0,0.575,110.0,0.5751,38.0
1753547009617,16:23:29.617,A/USDT:USDT,0.57447,9037.0,0.57446,174.0,0.575,388.0,0.5751,38.0
1753547009767,16:23:29.767,A/USDT:USDT,0.57447,9037.0,0.57442,1245.0,0.57495,111.0,0.575,278.0
1753547009917,16:23:29.917,A/USDT:USDT,0.57447,9037.0,0.57442,1245.0,0.57495,111.0,0.575,278.0
1753547010067,16:23:30.067,A/USDT:USDT,0.57447,9211.0,0.57442,1245.0,0.57495,111.0,0.575,278.0
1753547010217,16:23:30.217,A/USDT:USDT,0.57447,9211.0,0.57442,1245.0,0.57495,111.0,0.575,278.0
1753547010367,16:23:30.367,A/USDT:USDT,0.57447,9037.0,0.57442,1245.0,0.57495,111.0,0.575,278.0
1753547010517,16:23:30.517,A/USDT:USDT,0.57447,9340.0,0.57442,1245.0,0.57495,111.0,0.575,278.0
1753547010667,16:23:30.667,A/USDT:USDT,0.57447,9253.0,0.57442,1245.0,0.57495,111.0,0.575,278.0
1753547010967,16:23:30.967,A/USDT:USDT,0.57447,9253.0,0.57442,1245.0,0.57495,111.0,0.575,278.0
1753547011118,16:23:31.118,A/USDT:USDT,0.57447,9253.0,0.57442,1245.0,0.57495,111.0,0.575,278.0
1753547011268,16:23:31.268,A/USDT:USDT,0.57447,9253.0,0.57442,1245.0,0.57495,111.0,0.575,278.0
1753547011418,16:23:31.418,A/USDT:USDT,0.57447,9253.0,0.57442,1245.0,0.57495,111.0,0.575,278.0
1753547011568,16:23:31.568,A/USDT:USDT,0.57447,9253.0,0.57442,1245.0,0.57495,111.0,0.575,278.0
1753547011718,16:23:31.718,A/USDT:USDT,0.57447,9253.0,0.57442,1245.0,0.57495,111.0,0.575,278.0
1753547011868,16:23:31.868,A/USDT:USDT,0.57447,9253.0,0.57442,1245.0,0.57495,111.0,0.575,278.0
1753547012018,16:23:32.018,A/USDT:USDT,0.57447,9253.0,0.57442,1245.0,0.57495,111.0,0.575,278.0
1753547012168,16:23:32.168,A/USDT:USDT,0.57447,9253.0,0.57442,1245.0,0.57495,111.0,0.575,278.0
1753547012318,16:23:32.318,A/USDT:USDT,0.57447,9253.0,0.57442,1245.0,0.57495,111.0,0.575,278.0
1753547012468,16:23:32.468,A/USDT:USDT,0.57447,9253.0,0.57442,1245.0,0.57495,111.0,0.575,278.0
1753547012618,16:23:32.618,A/USDT:USDT,0.57447,9253.0,0.57442,1245.0,0.57495,111.0,0.575,278.0
1753547012769,16:23:32.769,A/USDT:USDT,0.57447,9253.0,0.57442,1245.0,0.57495,111.0,0.575,278.0
1753547012919,16:23:32.919,A/USDT:USDT,0.57447,9253.0,0.57442,1245.0,0.57495,111.0,0.575,278.0
1753547013069,16:23:33.069,A/USDT:USDT,0.57447,9340.0,0.57442,1245.0,0.57495,111.0,0.575,278.0
1753547013219,16:23:33.219,A/USDT:USDT,0.57447,9253.0,0.57442,1245.0,0.57495,111.0,0.575,278.0
1753547013519,16:23:33.519,A/USDT:USDT,0.57447,9253.0,0.57442,1245.0,0.57495,111.0,0.5751,38.0
1753547013819,16:23:33.819,A/USDT:USDT,0.57447,9325.0,0.57442,1245.0,0.57495,111.0,0.5751,38.0
1753547013969,16:23:33.969,A/USDT:USDT,0.57447,9325.0,0.57442,1245.0,0.57495,111.0,0.5751,38.0
1753547014119,16:23:34.119,A/USDT:USDT,0.57447,9499.0,0.57442,1245.0,0.57495,111.0,0.5751,38.0
1753547014270,16:23:34.270,A/USDT:USDT,0.57447,9499.0,0.57442,1245.0,0.57495,111.0,0.5751,38.0
1753547014570,16:23:34.570,A/USDT:USDT,0.57447,9325.0,0.57442,1245.0,0.57495,111.0,0.5751,38.0
1753547014720,16:23:34.720,A/USDT:USDT,0.57447,9325.0,0.57442,1245.0,0.57495,111.0,0.5751,38.0
1753547014870,16:23:34.870,A/USDT:USDT,0.57447,9412.0,0.57442,1245.0,0.57495,111.0,0.5751,38.0
1753547015020,16:23:35.020,A/USDT:USDT,0.57447,9412.0,0.57442,1245.0,0.57495,111.0,0.5751,38.0
1753547015170,16:23:35.170,A/USDT:USDT,0.57447,9499.0,0.57442,1245.0,0.57495,111.0,0.5751,38.0
1753547015320,16:23:35.320,A/USDT:USDT,0.57447,9499.0,0.57442,1245.0,0.57495,111.0,0.5751,38.0
1753547015470,16:23:35.470,A/USDT:USDT,0.57447,9499.0,0.57442,1245.0,0.57495,111.0,0.5751,38.0
1753547015620,16:23:35.620,A/USDT:USDT,0.57447,9499.0,0.57442,1245.0,0.57495,111.0,0.5751,38.0
1753547015771,16:23:35.771,A/USDT:USDT,0.57447,9499.0,0.57442,1245.0,0.57495,111.0,0.5751,38.0
1753547016071,16:23:36.071,A/USDT:USDT,0.57447,9499.0,0.57442,1245.0,0.57495,111.0,0.5751,38.0
1753547016221,16:23:36.221,A/USDT:USDT,0.57447,9499.0,0.57442,1245.0,0.57495,111.0,0.5751,38.0
1753547016671,16:23:36.671,A/USDT:USDT,0.57447,9499.0,0.57442,1245.0,0.57495,111.0,0.5751,38.0
1753547016821,16:23:36.821,A/USDT:USDT,0.57447,9499.0,0.57442,1245.0,0.57495,111.0,0.5751,38.0
1753547016971,16:23:36.971,A/USDT:USDT,0.57447,9499.0,0.57442,1245.0,0.57495,111.0,0.5751,38.0
1753547017121,16:23:37.121,A/USDT:USDT,0.57447,9499.0,0.57442,1245.0,0.57495,111.0,0.5751,38.0
1753547017271,16:23:37.271,A/USDT:USDT,0.57447,9499.0,0.57442,1245.0,0.57495,111.0,0.5751,38.0
1753547017422,16:23:37.422,A/USDT:USDT,0.57447,9499.0,0.57442,1245.0,0.57495,111.0,0.5751,38.0
1753547017572,16:23:37.572,A/USDT:USDT,0.57447,9499.0,0.57442,1245.0,0.57495,111.0,0.5751,38.0
1753547017722,16:23:37.722,A/USDT:USDT,0.57447,9499.0,0.57426,31310.0,0.57495,111.0,0.5751,38.0
1753547017872,16:23:37.872,A/USDT:USDT,0.57447,9499.0,0.57426,31310.0,0.57495,111.0,0.5751,38.0
1753547018022,16:23:38.022,A/USDT:USDT,0.57447,9499.0,0.57426,31310.0,0.57495,111.0,0.5751,38.0
1753547018172,16:23:38.172,A/USDT:USDT,0.57447,9499.0,0.57426,31310.0,0.57495,111.0,0.5751,38.0
1753547018322,16:23:38.322,A/USDT:USDT,0.57447,9499.0,0.57426,31310.0,0.57495,111.0,0.5751,38.0
1753547018472,16:23:38.472,A/USDT:USDT,0.57447,9499.0,0.57426,31310.0,0.57495,111.0,0.5751,38.0
1753547018622,16:23:38.622,A/USDT:USDT,0.57447,9499.0,0.57426,31310.0,0.57495,111.0,0.5751,38.0
1753547018772,16:23:38.772,A/USDT:USDT,0.57447,9499.0,0.57426,31310.0,0.57495,111.0,0.5751,38.0
1753547018922,16:23:38.922,A/USDT:USDT,0.57447,9325.0,0.57426,31310.0,0.57495,111.0,0.5751,38.0
1753547019073,16:23:39.073,A/USDT:USDT,0.57447,9412.0,0.57426,31310.0,0.57495,111.0,0.5751,38.0
1753547019223,16:23:39.223,A/USDT:USDT,0.57447,9499.0,0.57426,31310.0,0.57495,111.0,0.5751,38.0
1753547019373,16:23:39.373,A/USDT:USDT,0.57447,9499.0,0.57426,31310.0,0.57495,111.0,0.5751,38.0
1753547019523,16:23:39.523,A/USDT:USDT,0.57447,9499.0,0.57426,31310.0,0.57495,111.0,0.5751,38.0
1753547019673,16:23:39.673,A/USDT:USDT,0.57447,9325.0,0.57426,31310.0,0.57495,111.0,0.5751,38.0
1753547019823,16:23:39.823,A/USDT:USDT,0.57447,9325.0,0.57426,31310.0,0.57495,111.0,0.5751,38.0
1753547019973,16:23:39.973,A/USDT:USDT,0.57447,9325.0,0.57426,31310.0,0.57495,111.0,0.5751,38.0
1753547020123,16:23:40.123,A/USDT:USDT,0.57447,9325.0,0.57426,31310.0,0.57495,111.0,0.5751,38.0
1753547020273,16:23:40.273,A/USDT:USDT,0.57447,9325.0,0.57426,31310.0,0.57495,111.0,0.5751,38.0
1753547020423,16:23:40.423,A/USDT:USDT,0.57447,9325.0,0.57426,31310.0,0.57495,111.0,0.5751,38.0
1753547020574,16:23:40.574,A/USDT:USDT,0.57447,9325.0,0.57426,31310.0,0.57495,111.0,0.5751,38.0
1753547020724,16:23:40.724,A/USDT:USDT,0.57447,9325.0,0.57426,31310.0,0.57495,111.0,0.5751,38.0
1753547020874,16:23:40.874,A/USDT:USDT,0.57447,9325.0,0.57426,31310.0,0.57495,111.0,0.5751,38.0
1753547021024,16:23:41.024,A/USDT:USDT,0.57447,9412.0,0.57426,31310.0,0.57495,111.0,0.5751,38.0
1753547021324,16:23:41.324,A/USDT:USDT,0.57447,9412.0,0.57426,31310.0,0.57495,111.0,0.5751,38.0
1753547021474,16:23:41.474,A/USDT:USDT,0.57447,9412.0,0.57424,1776.0,0.57495,111.0,0.5751,38.0
1753547021624,16:23:41.624,A/USDT:USDT,0.57447,9412.0,0.57424,1776.0,0.57495,111.0,0.5751,38.0
1753547021774,16:23:41.774,A/USDT:USDT,0.57447,9412.0,0.57424,1776.0,0.57495,111.0,0.5751,38.0
1753547021924,16:23:41.924,A/USDT:USDT,0.57447,9412.0,0.57424,1776.0,0.57495,111.0,0.5751,38.0
1753547022225,16:23:42.225,A/USDT:USDT,0.57447,9412.0,0.57424,1776.0,0.57495,111.0,0.5751,38.0
1753547022375,16:23:42.375,A/USDT:USDT,0.57447,9412.0,0.57424,1776.0,0.57495,111.0,0.5751,38.0
1753547022525,16:23:42.525,A/USDT:USDT,0.57447,9412.0,0.57424,1776.0,0.57495,111.0,0.5751,38.0
1753547022675,16:23:42.675,A/USDT:USDT,0.57447,9412.0,0.57424,1776.0,0.57495,111.0,0.5751,38.0
1753547022825,16:23:42.825,A/USDT:USDT,0.57447,9412.0,0.57424,1776.0,0.57495,111.0,0.5751,38.0
1753547022975,16:23:42.975,A/USDT:USDT,0.57447,9412.0,0.57424,1776.0,0.57495,111.0,0.5751,38.0
1753547023125,16:23:43.125,A/USDT:USDT,0.57447,375.0,0.57443,9030.0,0.57495,111.0,0.5751,38.0
1753547023425,16:23:43.425,A/USDT:USDT,0.57447,375.0,0.57443,9030.0,0.57495,111.0,0.5751,38.0
1753547023575,16:23:43.575,A/USDT:USDT,0.57447,375.0,0.57443,9030.0,0.57495,111.0,0.5751,38.0
1753547023726,16:23:43.726,A/USDT:USDT,0.57447,375.0,0.57443,9030.0,0.57495,111.0,0.5751,38.0
1753547023876,16:23:43.876,A/USDT:USDT,0.57447,375.0,0.57443,9030.0,0.57495,111.0,0.5751,38.0
1753547024026,16:23:44.026,A/USDT:USDT,0.57447,375.0,0.57443,9030.0,0.57495,111.0,0.5751,38.0
1753547024176,16:23:44.176,A/USDT:USDT,0.57447,375.0,0.57443,9030.0,0.57495,111.0,0.5751,38.0
1753547024326,16:23:44.326,A/USDT:USDT,0.57447,462.0,0.57443,9030.0,0.57495,111.0,0.5751,38.0
1753547024476,16:23:44.476,A/USDT:USDT,0.57447,462.0,0.57443,9030.0,0.57495,111.0,0.5751,38.0
1753547024626,16:23:44.626,A/USDT:USDT,0.57447,462.0,0.57443,9030.0,0.57495,111.0,0.5751,38.0
1753547024776,16:23:44.776,A/USDT:USDT,0.57447,462.0,0.57443,9030.0,0.57495,111.0,0.5751,38.0
1753547024926,16:23:44.926,A/USDT:USDT,0.57447,462.0,0.57443,9030.0,0.57495,111.0,0.5751,38.0
1753547025076,16:23:45.076,A/USDT:USDT,0.57447,462.0,0.57443,9030.0,0.57495,111.0,0.5751,38.0
1753547025227,16:23:45.227,A/USDT:USDT,0.57447,462.0,0.57443,9030.0,0.57495,111.0,0.5751,38.0
1753547025377,16:23:45.377,A/USDT:USDT,0.57447,462.0,0.57443,9030.0,0.57495,111.0,0.5751,38.0
1753547025527,16:23:45.527,A/USDT:USDT,0.57447,462.0,0.57443,9030.0,0.57495,111.0,0.5751,38.0
1753547025677,16:23:45.677,A/USDT:USDT,0.57447,462.0,0.57443,9030.0,0.57495,111.0,0.5751,38.0
1753547025977,16:23:45.977,A/USDT:USDT,0.57447,462.0,0.57443,9030.0,0.57495,111.0,0.5751,38.0
1753547026277,16:23:46.277,A/USDT:USDT,0.57447,462.0,0.57443,9030.0,0.57495,111.0,0.5751,38.0
1753547026427,16:23:46.427,A/USDT:USDT,0.57447,72.0,0.57443,9030.0,0.57495,111.0,0.5751,38.0
1753547026727,16:23:46.727,A/USDT:USDT,0.57447,159.0,0.57442,71.0,0.57495,111.0,0.5751,38.0
1753547026878,16:23:46.878,A/USDT:USDT,0.57447,159.0,0.57442,71.0,0.57495,111.0,0.5751,38.0
1753547027178,16:23:47.178,A/USDT:USDT,0.57447,246.0,0.57442,71.0,0.57495,111.0,0.5751,38.0
1753547027328,16:23:47.328,A/USDT:USDT,0.57447,246.0,0.57442,71.0,0.57495,111.0,0.5751,38.0
1753547027478,16:23:47.478,A/USDT:USDT,0.57447,246.0,0.57442,71.0,0.57495,111.0,0.5751,38.0
1753547027628,16:23:47.628,A/USDT:USDT,0.57447,246.0,0.57442,71.0,0.57495,111.0,0.5751,38.0
1753547027778,16:23:47.778,A/USDT:USDT,0.57447,246.0,0.57442,71.0,0.57495,111.0,0.5751,38.0
1753547027928,16:23:47.928,A/USDT:USDT,0.57447,246.0,0.57442,71.0,0.57495,111.0,0.5751,38.0
1753547028228,16:23:48.228,A/USDT:USDT,0.57447,246.0,0.57442,71.0,0.57495,111.0,0.5751,38.0
1753547028379,16:23:48.379,A/USDT:USDT,0.57447,246.0,0.57442,71.0,0.57495,111.0,0.5751,38.0
1753547028529,16:23:48.529,A/USDT:USDT,0.57447,246.0,0.57442,71.0,0.57495,111.0,0.5751,38.0
1753547028679,16:23:48.679,A/USDT:USDT,0.57447,246.0,0.57442,71.0,0.57495,111.0,0.5751,38.0
1753547028829,16:23:48.829,A/USDT:USDT,0.57447,246.0,0.57442,71.0,0.57495,111.0,0.5751,38.0
1753547028979,16:23:48.979,A/USDT:USDT,0.57447,246.0,0.57442,71.0,0.57495,111.0,0.5751,38.0
1753547029429,16:23:49.429,A/USDT:USDT,0.57447,246.0,0.57442,71.0,0.57495,111.0,0.5751,38.0
1753547029579,16:23:49.579,A/USDT:USDT,0.57447,246.0,0.57442,71.0,0.57495,111.0,0.5751,38.0
1753547029729,16:23:49.729,A/USDT:USDT,0.57447,246.0,0.57442,71.0,0.57495,111.0,0.5751,38.0
1753547029879,16:23:49.879,A/USDT:USDT,0.57447,246.0,0.57442,71.0,0.57495,111.0,0.5751,38.0
1753547030030,16:23:50.030,A/USDT:USDT,0.57447,246.0,0.57442,71.0,0.57495,111.0,0.5751,38.0
1753547030180,16:23:50.180,A/USDT:USDT,0.57447,246.0,0.57442,71.0,0.57495,111.0,0.5751,38.0
1753547030330,16:23:50.330,A/USDT:USDT,0.57447,246.0,0.57442,71.0,0.57495,111.0,0.5751,38.0
1753547030480,16:23:50.480,A/USDT:USDT,0.57447,246.0,0.57442,71.0,0.57495,111.0,0.5751,38.0
1753547030630,16:23:50.630,A/USDT:USDT,0.57447,246.0,0.57442,71.0,0.57495,111.0,0.5751,38.0
1753547030780,16:23:50.780,A/USDT:USDT,0.57447,246.0,0.57442,71.0,0.57495,111.0,0.5751,38.0
1753547030930,16:23:50.930,A/USDT:USDT,0.57447,246.0,0.57442,71.0,0.57495,111.0,0.5751,38.0
1753547031080,16:23:51.080,A/USDT:USDT,0.57447,420.0,0.57442,71.0,0.57495,111.0,0.5751,38.0
1753547031380,16:23:51.380,A/USDT:USDT,0.57447,681.0,0.57442,71.0,0.57495,111.0,0.5751,38.0
1753547031531,16:23:51.531,A/USDT:USDT,0.57447,681.0,0.57442,71.0,0.57495,111.0,0.5751,38.0
1753547031681,16:23:51.681,A/USDT:USDT,0.57447,681.0,0.57442,71.0,0.57495,111.0,0.5751,38.0
1753547031831,16:23:51.831,A/USDT:USDT,0.57447,681.0,0.57442,71.0,0.57495,111.0,0.5751,38.0
1753547031981,16:23:51.981,A/USDT:USDT,0.57447,681.0,0.57442,71.0,0.57495,111.0,0.5751,38.0
1753547032281,16:23:52.281,A/USDT:USDT,0.57447,681.0,0.57442,71.0,0.57495,111.0,0.5751,38.0
1753547032431,16:23:52.431,A/USDT:USDT,0.57447,681.0,0.57442,71.0,0.57495,111.0,0.5751,38.0
1753547032581,16:23:52.581,A/USDT:USDT,0.57447,681.0,0.57442,71.0,0.57495,111.0,0.5751,38.0
1753547032731,16:23:52.731,A/USDT:USDT,0.57447,681.0,0.57442,71.0,0.57495,111.0,0.5751,38.0
1753547033181,16:23:53.181,A/USDT:USDT,0.57447,681.0,0.57442,71.0,0.57495,111.0,0.5751,38.0
1753547033332,16:23:53.332,A/USDT:USDT,0.57447,681.0,0.57442,71.0,0.57495,111.0,0.5751,38.0
1753547033482,16:23:53.482,A/USDT:USDT,0.57447,681.0,0.57442,71.0,0.57495,111.0,0.5751,38.0
1753547033632,16:23:53.632,A/USDT:USDT,0.57447,681.0,0.57442,71.0,0.57495,111.0,0.5751,38.0
1753547033782,16:23:53.782,A/USDT:USDT,0.57447,681.0,0.57442,71.0,0.57495,111.0,0.5751,38.0
1753547033932,16:23:53.932,A/USDT:USDT,0.57447,681.0,0.57442,71.0,0.57495,111.0,0.57496,9021.0
1753547034082,16:23:54.082,A/USDT:USDT,0.57447,681.0,0.57442,71.0,0.57495,111.0,0.57496,9021.0
1753547034232,16:23:54.232,A/USDT:USDT,0.57447,681.0,0.57442,71.0,0.57495,111.0,0.57496,9021.0
1753547034532,16:23:54.532,A/USDT:USDT,0.57447,681.0,0.57442,71.0,0.57495,111.0,0.57496,9021.0
1753547034682,16:23:54.682,A/USDT:USDT,0.57447,681.0,0.57442,71.0,0.57495,111.0,0.57496,9021.0
1753547034832,16:23:54.832,A/USDT:USDT,0.57447,681.0,0.57442,71.0,0.57495,111.0,0.57496,9021.0
1753547035133,16:23:55.133,A/USDT:USDT,0.57447,681.0,0.57442,71.0,0.57495,111.0,0.57496,9021.0
1753547035283,16:23:55.283,A/USDT:USDT,0.57447,681.0,0.57442,71.0,0.57495,111.0,0.57496,9021.0
1753547035433,16:23:55.433,A/USDT:USDT,0.57447,681.0,0.57442,71.0,0.57495,111.0,0.57496,9021.0
1753547035583,16:23:55.583,A/USDT:USDT,0.57447,681.0,0.57442,71.0,0.57495,111.0,0.57496,9021.0
1753547035733,16:23:55.733,A/USDT:USDT,0.57447,681.0,0.57442,71.0,0.57495,111.0,0.57496,9021.0
1753547035883,16:23:55.883,A/USDT:USDT,0.57447,681.0,0.57442,71.0,0.57495,111.0,0.57496,9021.0
1753547036033,16:23:56.033,A/USDT:USDT,0.57447,681.0,0.57442,71.0,0.57495,111.0,0.57496,9021.0
1753547036183,16:23:56.183,A/USDT:USDT,0.57447,768.0,0.57442,71.0,0.57495,111.0,0.57496,9021.0
1753547036333,16:23:56.333,A/USDT:USDT,0.57447,768.0,0.57442,71.0,0.57495,111.0,0.57496,9021.0
1753547036634,16:23:56.634,A/USDT:USDT,0.57447,768.0,0.57442,71.0,0.57495,111.0,0.57496,9021.0
1753547036784,16:23:56.784,A/USDT:USDT,0.57447,768.0,0.57442,71.0,0.57495,111.0,0.57496,9021.0
1753547037084,16:23:57.084,A/USDT:USDT,0.57447,768.0,0.57442,71.0,0.57495,111.0,0.57496,9021.0
1753547037234,16:23:57.234,A/USDT:USDT,0.57447,768.0,0.57442,71.0,0.57495,111.0,0.57496,9021.0
1753547037534,16:23:57.534,A/USDT:USDT,0.57447,768.0,0.57442,71.0,0.57495,111.0,0.57496,9021.0
1753547037684,16:23:57.684,A/USDT:USDT,0.57447,768.0,0.57442,71.0,0.57495,111.0,0.57496,9021.0
1753547037834,16:23:57.834,A/USDT:USDT,0.57447,768.0,0.57442,71.0,0.57495,111.0,0.57496,9021.0
1753547037984,16:23:57.984,A/USDT:USDT,0.57447,768.0,0.57442,71.0,0.57495,111.0,0.57496,9021.0
1753547038134,16:23:58.134,A/USDT:USDT,0.57447,768.0,0.57442,71.0,0.57495,111.0,0.57496,9021.0
1753547038285,16:23:58.285,A/USDT:USDT,0.57447,768.0,0.57442,71.0,0.57495,111.0,0.57496,9021.0
1753547038435,16:23:58.435,A/USDT:USDT,0.57447,768.0,0.57442,71.0,0.57495,111.0,0.57496,9021.0
1753547038585,16:23:58.585,A/USDT:USDT,0.57447,768.0,0.57442,71.0,0.57495,111.0,0.57496,9021.0
1753547038735,16:23:58.735,A/USDT:USDT,0.57447,768.0,0.57442,71.0,0.57495,111.0,0.57496,9021.0
1753547038885,16:23:58.885,A/USDT:USDT,0.57447,768.0,0.57442,71.0,0.57495,111.0,0.57496,9021.0
1753547039035,16:23:59.035,A/USDT:USDT,0.57447,768.0,0.57442,71.0,0.57495,111.0,0.57496,9021.0
1753547039335,16:23:59.335,A/USDT:USDT,0.57447,768.0,0.57442,71.0,0.57495,111.0,0.57496,9021.0
1753547039485,16:23:59.485,A/USDT:USDT,0.57447,681.0,0.57442,71.0,0.57495,111.0,0.57496,9021.0
1753547039635,16:23:59.635,A/USDT:USDT,0.57447,681.0,0.57442,71.0,0.57495,111.0,0.57496,9021.0
1753547039785,16:23:59.785,A/USDT:USDT,0.57447,768.0,0.57442,71.0,0.57495,111.0,0.57496,9021.0
1753547039936,16:23:59.936,A/USDT:USDT,0.57447,768.0,0.57442,71.0,0.57495,111.0,0.57496,9021.0
1753547040086,16:24:00.086,A/USDT:USDT,0.57447,768.0,0.57442,71.0,0.57495,111.0,0.57496,9021.0
1753547040236,16:24:00.236,A/USDT:USDT,0.57447,768.0,0.57442,71.0,0.57495,111.0,0.57496,9021.0
1753547040386,16:24:00.386,A/USDT:USDT,0.57447,768.0,0.57442,71.0,0.57495,111.0,0.57496,9021.0
1753547040536,16:24:00.536,A/USDT:USDT,0.57447,768.0,0.57442,71.0,0.57495,111.0,0.57496,9021.0
1753547040686,16:24:00.686,A/USDT:USDT,0.57447,768.0,0.57442,71.0,0.57495,111.0,0.57496,9021.0
1753547040836,16:24:00.836,A/USDT:USDT,0.57447,768.0,0.57442,71.0,0.57495,111.0,0.57496,9021.0
1753547040986,16:24:00.986,A/USDT:USDT,0.57447,768.0,0.57442,71.0,0.57495,111.0,0.57496,9021.0
1753547041286,16:24:01.286,A/USDT:USDT,0.57447,72.0,0.57442,71.0,0.57495,111.0,0.57496,9021.0
1753547041437,16:24:01.437,A/USDT:USDT,0.57447,72.0,0.57442,71.0,0.57495,111.0,0.57496,9021.0
1753547041587,16:24:01.587,A/USDT:USDT,0.57447,72.0,0.57442,71.0,0.57495,111.0,0.57496,9021.0
1753547041737,16:24:01.737,A/USDT:USDT,0.57447,72.0,0.57442,71.0,0.57495,111.0,0.57496,9021.0
1753547041887,16:24:01.887,A/USDT:USDT,0.57447,72.0,0.57442,71.0,0.57495,111.0,0.57496,9021.0
1753547042037,16:24:02.037,A/USDT:USDT,0.57447,72.0,0.57442,71.0,0.57495,111.0,0.57496,9021.0
1753547042187,16:24:02.187,A/USDT:USDT,0.57447,72.0,0.57442,71.0,0.57495,111.0,0.57496,9021.0
1753547042337,16:24:02.337,A/USDT:USDT,0.57447,72.0,0.57442,71.0,0.57495,111.0,0.57496,9021.0
1753547042487,16:24:02.487,A/USDT:USDT,0.57447,72.0,0.57442,71.0,0.57495,111.0,0.57496,9021.0
1753547042637,16:24:02.637,A/USDT:USDT,0.57447,72.0,0.57442,71.0,0.57495,111.0,0.57496,9021.0
1753547042787,16:24:02.787,A/USDT:USDT,0.57447,72.0,0.57442,71.0,0.57495,111.0,0.57496,9021.0
1753547043088,16:24:03.088,A/USDT:USDT,0.57447,72.0,0.57442,71.0,0.57495,111.0,0.5751,38.0
1753547043238,16:24:03.238,A/USDT:USDT,0.57447,72.0,0.57442,71.0,0.57494,9012.0,0.57495,111.0
1753547043388,16:24:03.388,A/USDT:USDT,0.57447,72.0,0.57442,71.0,0.57489,111.0,0.57494,9012.0
1753547043688,16:24:03.688,A/USDT:USDT,0.57447,72.0,0.57442,71.0,0.57484,111.0,0.57489,37.0
1753547043838,16:24:03.838,A/USDT:USDT,0.57447,72.0,0.57442,71.0,0.57484,111.0,0.57489,37.0
1753547044138,16:24:04.138,A/USDT:USDT,0.57447,72.0,0.57442,71.0,0.57484,111.0,0.57489,37.0
1753547044288,16:24:04.288,A/USDT:USDT,0.57447,756.0,0.57442,71.0,0.57484,111.0,0.57489,37.0
1753547044438,16:24:04.438,A/USDT:USDT,0.57447,756.0,0.57442,71.0,0.57484,111.0,0.57489,37.0
1753547044588,16:24:04.588,A/USDT:USDT,0.57447,756.0,0.57442,71.0,0.57484,111.0,0.57489,37.0
1753547044739,16:24:04.739,A/USDT:USDT,0.57447,756.0,0.57442,71.0,0.57484,111.0,0.57489,37.0
1753547044889,16:24:04.889,A/USDT:USDT,0.57447,756.0,0.57442,71.0,0.57484,111.0,0.57489,37.0
1753547045039,16:24:05.039,A/USDT:USDT,0.57447,756.0,0.57442,71.0,0.57484,111.0,0.57489,37.0
1753547045189,16:24:05.189,A/USDT:USDT,0.57447,756.0,0.57442,71.0,0.57484,111.0,0.57489,37.0
1753547045339,16:24:05.339,A/USDT:USDT,0.57447,756.0,0.57442,71.0,0.57484,111.0,0.57489,37.0
1753547045489,16:24:05.489,A/USDT:USDT,0.57447,756.0,0.57442,71.0,0.57484,111.0,0.57489,37.0
1753547045639,16:24:05.639,A/USDT:USDT,0.57447,756.0,0.57442,71.0,0.57484,111.0,0.57489,37.0
1753547045789,16:24:05.789,A/USDT:USDT,0.57447,72.0,0.57442,71.0,0.57484,111.0,0.57489,37.0
1753547045939,16:24:05.939,A/USDT:USDT,0.57447,72.0,0.57442,71.0,0.57484,111.0,0.57489,37.0
1753547046089,16:24:06.089,A/USDT:USDT,0.57447,72.0,0.57442,71.0,0.57484,111.0,0.57489,37.0
1753547046240,16:24:06.240,A/USDT:USDT,0.57447,72.0,0.57442,71.0,0.57484,111.0,0.57489,37.0
1753547046390,16:24:06.390,A/USDT:USDT,0.57447,72.0,0.57442,71.0,0.57484,111.0,0.57489,37.0
1753547046540,16:24:06.540,A/USDT:USDT,0.57447,468.0,0.57442,71.0,0.57484,111.0,0.57489,37.0
1753547046690,16:24:06.690,A/USDT:USDT,0.57447,468.0,0.57442,71.0,0.57484,111.0,0.57489,37.0
1753547046840,16:24:06.840,A/USDT:USDT,0.57447,468.0,0.57442,71.0,0.57484,111.0,0.57489,37.0
1753547046990,16:24:06.990,A/USDT:USDT,0.57447,468.0,0.57442,71.0,0.57484,111.0,0.57489,37.0
1753547047140,16:24:07.140,A/USDT:USDT,0.57447,468.0,0.57442,71.0,0.57484,111.0,0.57489,37.0
1753547047290,16:24:07.290,A/USDT:USDT,0.57447,468.0,0.57442,71.0,0.57484,111.0,0.57489,37.0
1753547047440,16:24:07.440,A/USDT:USDT,0.57447,468.0,0.57442,71.0,0.57484,111.0,0.57489,37.0
1753547047590,16:24:07.590,A/USDT:USDT,0.57447,468.0,0.57442,71.0,0.57484,111.0,0.57489,37.0
1753547047740,16:24:07.740,A/USDT:USDT,0.57447,468.0,0.57442,71.0,0.57484,111.0,0.57489,37.0
1753547047891,16:24:07.891,A/USDT:USDT,0.57447,468.0,0.57442,71.0,0.57484,111.0,0.57489,37.0
1753547048041,16:24:08.041,A/USDT:USDT,0.57447,555.0,0.57442,71.0,0.57484,111.0,0.57489,37.0
1753547048191,16:24:08.191,A/USDT:USDT,0.57447,468.0,0.57442,71.0,0.57484,111.0,0.57489,37.0
1753547048341,16:24:08.341,A/USDT:USDT,0.57447,468.0,0.57442,71.0,0.57484,111.0,0.57489,37.0
1753547048491,16:24:08.491,A/USDT:USDT,0.57447,468.0,0.57442,71.0,0.57484,111.0,0.57489,37.0
1753547048641,16:24:08.641,A/USDT:USDT,0.57447,555.0,0.57442,71.0,0.57484,111.0,0.57489,37.0
1753547048791,16:24:08.791,A/USDT:USDT,0.57447,555.0,0.57442,71.0,0.57484,111.0,0.57489,37.0
1753547048941,16:24:08.941,A/USDT:USDT,0.57447,642.0,0.57442,71.0,0.57484,111.0,0.57489,37.0
1753547049091,16:24:09.091,A/USDT:USDT,0.57447,642.0,0.57442,71.0,0.57484,111.0,0.57489,37.0
1753547049241,16:24:09.241,A/USDT:USDT,0.57447,555.0,0.57442,71.0,0.57484,111.0,0.57489,37.0
1753547049392,16:24:09.392,A/USDT:USDT,0.57447,555.0,0.57442,71.0,0.57484,111.0,0.57489,37.0
1753547049542,16:24:09.542,A/USDT:USDT,0.57447,555.0,0.57442,71.0,0.57484,111.0,0.57489,37.0
1753547049692,16:24:09.692,A/USDT:USDT,0.57447,555.0,0.57442,71.0,0.57484,111.0,0.57489,37.0
1753547049842,16:24:09.842,A/USDT:USDT,0.57447,555.0,0.57442,71.0,0.57484,111.0,0.57489,37.0
1753547049992,16:24:09.992,A/USDT:USDT,0.57447,555.0,0.57442,71.0,0.57484,111.0,0.57489,37.0
1753547050142,16:24:10.142,A/USDT:USDT,0.57447,555.0,0.57442,71.0,0.57484,111.0,0.57489,37.0
1753547050292,16:24:10.292,A/USDT:USDT,0.57447,555.0,0.57442,71.0,0.57484,111.0,0.57489,37.0
1753547050442,16:24:10.442,A/USDT:USDT,0.57447,555.0,0.57442,71.0,0.57484,111.0,0.57489,37.0
1753547050892,16:24:10.892,A/USDT:USDT,0.57447,555.0,0.57442,71.0,0.57484,111.0,0.57489,37.0
1753547051043,16:24:11.043,A/USDT:USDT,0.57447,555.0,0.57442,71.0,0.57484,111.0,0.57489,37.0
1753547051193,16:24:11.193,A/USDT:USDT,0.57447,555.0,0.57442,71.0,0.57484,111.0,0.57489,37.0
1753547051343,16:24:11.343,A/USDT:USDT,0.57447,642.0,0.57442,71.0,0.57484,111.0,0.57489,37.0
1753547051493,16:24:11.493,A/USDT:USDT,0.57447,642.0,0.57442,71.0,0.57484,111.0,0.57489,37.0
1753547051643,16:24:11.643,A/USDT:USDT,0.57447,642.0,0.57442,71.0,0.57484,111.0,0.57489,37.0
1753547051793,16:24:11.793,A/USDT:USDT,0.57447,642.0,0.57442,71.0,0.57484,111.0,0.57489,37.0
1753547051943,16:24:11.943,A/USDT:USDT,0.57447,642.0,0.57442,71.0,0.57484,111.0,0.57489,37.0
1753547052093,16:24:12.093,A/USDT:USDT,0.57447,642.0,0.57442,71.0,0.57484,111.0,0.57489,37.0
1753547052393,16:24:12.393,A/USDT:USDT,0.57447,642.0,0.57442,71.0,0.57484,111.0,0.57489,37.0
1753547052544,16:24:12.544,A/USDT:USDT,0.57447,642.0,0.57442,71.0,0.57484,111.0,0.57489,37.0
1753547052694,16:24:12.694,A/USDT:USDT,0.57447,642.0,0.57442,71.0,0.57484,111.0,0.57489,37.0
1753547052844,16:24:12.844,A/USDT:USDT,0.57447,642.0,0.57442,71.0,0.57484,111.0,0.57489,37.0
1753547052994,16:24:12.994,A/USDT:USDT,0.57447,642.0,0.57442,71.0,0.57484,111.0,0.57489,37.0
1753547053144,16:24:13.144,A/USDT:USDT,0.57447,642.0,0.57442,71.0,0.57484,111.0,0.57489,37.0
1753547053294,16:24:13.294,A/USDT:USDT,0.57447,642.0,0.57442,71.0,0.57484,111.0,0.57489,37.0
1753547053444,16:24:13.444,A/USDT:USDT,0.57447,555.0,0.57442,71.0,0.57484,111.0,0.57489,37.0
1753547053594,16:24:13.594,A/USDT:USDT,0.57447,555.0,0.57442,71.0,0.57484,111.0,0.57489,37.0
1753547053744,16:24:13.744,A/USDT:USDT,0.57447,555.0,0.57442,71.0,0.57484,111.0,0.57489,37.0
1753547053894,16:24:13.894,A/USDT:USDT,0.57447,555.0,0.57442,71.0,0.57484,111.0,0.57489,37.0
1753547054044,16:24:14.044,A/USDT:USDT,0.57447,555.0,0.57442,71.0,0.57484,111.0,0.57489,37.0
1753547054194,16:24:14.194,A/USDT:USDT,0.57447,555.0,0.57442,71.0,0.57484,111.0,0.57489,37.0
1753547054345,16:24:14.345,A/USDT:USDT,0.57447,555.0,0.57442,71.0,0.57484,111.0,0.57489,37.0
1753547054495,16:24:14.495,A/USDT:USDT,0.57447,555.0,0.57442,71.0,0.57484,111.0,0.57489,37.0
1753547054645,16:24:14.645,A/USDT:USDT,0.57447,555.0,0.57442,71.0,0.57484,111.0,0.57489,37.0
1753547054795,16:24:14.795,A/USDT:USDT,0.57447,555.0,0.57442,71.0,0.57484,111.0,0.57489,37.0
1753547054945,16:24:14.945,A/USDT:USDT,0.57447,555.0,0.57442,71.0,0.57484,111.0,0.57489,37.0
1753547055095,16:24:15.095,A/USDT:USDT,0.57447,555.0,0.57442,71.0,0.57484,111.0,0.57489,37.0
1753547055245,16:24:15.245,A/USDT:USDT,0.57447,555.0,0.57442,71.0,0.57484,111.0,0.57489,37.0
1753547055395,16:24:15.395,A/USDT:USDT,0.57447,555.0,0.57442,71.0,0.57484,111.0,0.57489,37.0
1753547055545,16:24:15.545,A/USDT:USDT,0.57447,555.0,0.57442,71.0,0.57484,111.0,0.57489,37.0
1753547055695,16:24:15.695,A/USDT:USDT,0.57447,555.0,0.57442,71.0,0.57484,111.0,0.57489,37.0
1753547055845,16:24:15.845,A/USDT:USDT,0.57447,555.0,0.57442,71.0,0.57484,111.0,0.57489,37.0
1753547055996,16:24:15.996,A/USDT:USDT,0.57447,555.0,0.57442,71.0,0.57484,111.0,0.57489,37.0
1753547056146,16:24:16.146,A/USDT:USDT,0.57447,555.0,0.57442,71.0,0.57484,111.0,0.57489,37.0
1753547056296,16:24:16.296,A/USDT:USDT,0.57447,555.0,0.57442,71.0,0.57484,111.0,0.57489,37.0
1753547056596,16:24:16.596,A/USDT:USDT,0.57447,555.0,0.57442,71.0,0.57484,111.0,0.57489,37.0
1753547056746,16:24:16.746,A/USDT:USDT,0.57447,555.0,0.57442,71.0,0.57484,111.0,0.57489,37.0
1753547056896,16:24:16.896,A/USDT:USDT,0.57447,555.0,0.57442,71.0,0.57484,111.0,0.57489,37.0
1753547057196,16:24:17.196,A/USDT:USDT,0.57447,642.0,0.57442,71.0,0.57484,111.0,0.57489,37.0
1753547057346,16:24:17.346,A/USDT:USDT,0.57447,642.0,0.57442,71.0,0.57484,111.0,0.57489,37.0
1753547057497,16:24:17.497,A/USDT:USDT,0.57447,642.0,0.57442,71.0,0.57484,111.0,0.57489,37.0
1753547057647,16:24:17.647,A/USDT:USDT,0.57447,642.0,0.57442,71.0,0.57484,111.0,0.57489,37.0
1753547057797,16:24:17.797,A/USDT:USDT,0.57447,642.0,0.57442,71.0,0.57484,111.0,0.57489,37.0
1753547057947,16:24:17.947,A/USDT:USDT,0.57447,642.0,0.57442,71.0,0.57484,111.0,0.57489,37.0
1753547058097,16:24:18.097,A/USDT:USDT,0.57447,642.0,0.57442,71.0,0.57484,111.0,0.57489,37.0
1753547058247,16:24:18.247,A/USDT:USDT,0.57447,642.0,0.57442,71.0,0.57484,111.0,0.57489,37.0
1753547058397,16:24:18.397,A/USDT:USDT,0.57447,642.0,0.57442,71.0,0.57484,111.0,0.57489,37.0
1753547058547,16:24:18.547,A/USDT:USDT,0.57447,642.0,0.57442,71.0,0.57484,111.0,0.57489,37.0
1753547058697,16:24:18.697,A/USDT:USDT,0.57447,642.0,0.57442,71.0,0.57484,111.0,0.57489,37.0
1753547058847,16:24:18.847,A/USDT:USDT,0.57447,642.0,0.57442,71.0,0.57484,111.0,0.57489,37.0
1753547058997,16:24:18.997,A/USDT:USDT,0.5745,1245.0,0.57447,246.0,0.57484,111.0,0.57495,111.0
1753547059148,16:24:19.148,A/USDT:USDT,0.5745,1245.0,0.57447,159.0,0.57495,111.0,0.57515,31317.0
1753547059298,16:24:19.298,A/USDT:USDT,0.5745,3696.0,0.57447,159.0,0.57495,111.0,0.57515,31317.0
1753547059448,16:24:19.448,A/USDT:USDT,0.5745,1332.0,0.57447,159.0,0.57495,111.0,0.57515,31317.0
1753547059598,16:24:19.598,A/USDT:USDT,0.5745,2034.0,0.57447,159.0,0.57495,111.0,0.57515,31317.0
1753547059748,16:24:19.748,A/USDT:USDT,0.5745,2034.0,0.57447,159.0,0.57495,111.0,0.57515,31317.0
1753547059898,16:24:19.898,A/USDT:USDT,0.5745,2034.0,0.57447,159.0,0.57495,111.0,0.57515,31317.0
1753547060048,16:24:20.048,A/USDT:USDT,0.5745,2034.0,0.57447,159.0,0.57495,111.0,0.57515,31317.0
1753547060198,16:24:20.198,A/USDT:USDT,0.5745,2034.0,0.57447,159.0,0.57495,111.0,0.57515,31317.0
1753547060348,16:24:20.348,A/USDT:USDT,0.5745,2034.0,0.57447,72.0,0.57495,111.0,0.57515,31317.0
1753547060498,16:24:20.498,A/USDT:USDT,0.5745,2034.0,0.57447,72.0,0.57495,111.0,0.57515,31317.0
1753547060648,16:24:20.648,A/USDT:USDT,0.5745,2034.0,0.57447,72.0,0.57495,111.0,0.57515,31317.0
1753547060799,16:24:20.799,A/USDT:USDT,0.5745,2034.0,0.57447,72.0,0.57495,111.0,0.57515,31317.0
1753547060949,16:24:20.949,A/USDT:USDT,0.5745,2034.0,0.57447,72.0,0.57495,111.0,0.57515,31317.0
1753547061249,16:24:21.249,A/USDT:USDT,0.5745,2121.0,0.57447,72.0,0.57495,111.0,0.57515,31317.0
1753547061399,16:24:21.399,A/USDT:USDT,0.5745,2121.0,0.57447,72.0,0.57495,111.0,0.57515,31317.0
1753547061549,16:24:21.549,A/USDT:USDT,0.5745,2121.0,0.57447,72.0,0.57495,111.0,0.57515,31317.0
1753547061699,16:24:21.699,A/USDT:USDT,0.5745,2121.0,0.57447,72.0,0.57495,111.0,0.57515,31317.0
1753547061849,16:24:21.849,A/USDT:USDT,0.5745,2121.0,0.57447,72.0,0.57495,111.0,0.57515,31317.0
1753547061999,16:24:21.999,A/USDT:USDT,0.5745,2121.0,0.57447,72.0,0.57495,111.0,0.57515,31317.0
1753547062299,16:24:22.299,A/USDT:USDT,0.5745,2121.0,0.57447,72.0,0.57495,111.0,0.57515,31317.0
1753547062450,16:24:22.450,A/USDT:USDT,0.5745,2121.0,0.57447,72.0,0.57495,111.0,0.57515,31317.0
1753547062750,16:24:22.750,A/USDT:USDT,0.5745,2121.0,0.57447,72.0,0.57495,111.0,0.57515,31317.0
1753547062900,16:24:22.900,A/USDT:USDT,0.5745,2121.0,0.57447,72.0,0.57495,111.0,0.57515,31317.0
1753547063050,16:24:23.050,A/USDT:USDT,0.5745,2121.0,0.57447,72.0,0.57495,111.0,0.57515,31317.0
1753547063200,16:24:23.200,A/USDT:USDT,0.5745,2121.0,0.57447,72.0,0.57495,111.0,0.57515,31317.0
1753547063350,16:24:23.350,A/USDT:USDT,0.5745,2121.0,0.57447,72.0,0.57495,111.0,0.57515,31317.0
1753547063500,16:24:23.500,A/USDT:USDT,0.5745,2121.0,0.57447,72.0,0.57495,111.0,0.57515,31317.0
1753547063650,16:24:23.650,A/USDT:USDT,0.5745,2121.0,0.57447,72.0,0.57495,111.0,0.57515,31317.0
1753547063800,16:24:23.800,A/USDT:USDT,0.5745,2121.0,0.57447,72.0,0.57495,111.0,0.57515,31317.0
1753547063950,16:24:23.950,A/USDT:USDT,0.5745,2121.0,0.57447,72.0,0.57495,111.0,0.57515,31317.0
1753547064101,16:24:24.101,A/USDT:USDT,0.5745,2121.0,0.57447,72.0,0.57495,111.0,0.57515,31317.0
1753547064251,16:24:24.251,A/USDT:USDT,0.5745,2121.0,0.57447,72.0,0.57495,111.0,0.57515,31317.0
1753547064401,16:24:24.401,A/USDT:USDT,0.5745,2121.0,0.57447,72.0,0.57495,111.0,0.57515,31317.0
1753547064551,16:24:24.551,A/USDT:USDT,0.5745,2121.0,0.57447,72.0,0.57495,111.0,0.57515,31317.0
1753547064701,16:24:24.701,A/USDT:USDT,0.5745,2121.0,0.57447,72.0,0.57495,111.0,0.57515,31317.0
1753547064851,16:24:24.851,A/USDT:USDT,0.5745,2121.0,0.57447,72.0,0.57495,111.0,0.57515,31317.0
1753547065001,16:24:25.001,A/USDT:USDT,0.5745,1887.0,0.57447,72.0,0.57495,111.0,0.57515,31317.0
1753547065151,16:24:25.151,A/USDT:USDT,0.5745,1419.0,0.57442,71.0,0.57495,111.0,0.57515,31317.0
1753547065301,16:24:25.301,A/USDT:USDT,0.5745,1419.0,0.57442,71.0,0.57495,111.0,0.57515,31317.0
1753547065451,16:24:25.451,A/USDT:USDT,0.5745,1419.0,0.57442,71.0,0.57495,111.0,0.57515,31317.0
1753547065602,16:24:25.602,A/USDT:USDT,0.5745,1419.0,0.57442,71.0,0.57495,111.0,0.57515,31317.0
1753547065752,16:24:25.752,A/USDT:USDT,0.5745,2531.0,0.57442,71.0,0.57495,111.0,0.57515,31317.0
1753547065902,16:24:25.902,A/USDT:USDT,0.5745,2531.0,0.57442,71.0,0.57495,111.0,0.57515,31317.0
1753547066052,16:24:26.052,A/USDT:USDT,0.5745,2531.0,0.57442,71.0,0.57495,111.0,0.57514,1776.0
1753547066202,16:24:26.202,A/USDT:USDT,0.5745,2531.0,0.57442,71.0,0.57495,111.0,0.57514,1776.0
1753547066352,16:24:26.352,A/USDT:USDT,0.5745,2531.0,0.57442,71.0,0.57495,111.0,0.57514,1776.0
1753547066502,16:24:26.502,A/USDT:USDT,0.5745,2531.0,0.57442,71.0,0.57495,111.0,0.57514,1776.0
1753547066652,16:24:26.652,A/USDT:USDT,0.5745,2531.0,0.57442,71.0,0.57495,111.0,0.57514,1776.0
1753547066802,16:24:26.802,A/USDT:USDT,0.5745,2531.0,0.57442,71.0,0.57495,111.0,0.57514,1776.0
1753547066952,16:24:26.952,A/USDT:USDT,0.5745,2531.0,0.57442,71.0,0.57495,111.0,0.57514,1776.0
1753547067103,16:24:27.103,A/USDT:USDT,0.5745,2531.0,0.57442,71.0,0.57495,111.0,0.57514,1776.0
1753547067253,16:24:27.253,A/USDT:USDT,0.5745,2531.0,0.57442,71.0,0.57495,111.0,0.57514,1776.0
1753547067403,16:24:27.403,A/USDT:USDT,0.5745,2531.0,0.57442,71.0,0.57495,111.0,0.57514,1776.0
1753547067553,16:24:27.553,A/USDT:USDT,0.5745,2531.0,0.57442,71.0,0.57495,111.0,0.57514,1776.0
1753547067703,16:24:27.703,A/USDT:USDT,0.5745,2531.0,0.57442,71.0,0.57495,111.0,0.57514,1776.0
1753547068153,16:24:28.153,A/USDT:USDT,0.5745,2531.0,0.57442,71.0,0.57495,111.0,0.57514,1776.0
1753547068303,16:24:28.303,A/USDT:USDT,0.5745,2531.0,0.57442,71.0,0.57495,111.0,0.57514,1776.0
1753547068453,16:24:28.453,A/USDT:USDT,0.5745,2531.0,0.57442,71.0,0.57495,111.0,0.57514,1776.0
1753547068603,16:24:28.603,A/USDT:USDT,0.5745,2531.0,0.57442,71.0,0.57495,111.0,0.57514,1776.0
1753547068753,16:24:28.753,A/USDT:USDT,0.5745,2531.0,0.57442,71.0,0.57495,111.0,0.57514,1776.0
1753547069054,16:24:29.054,A/USDT:USDT,0.5745,1419.0,0.57442,71.0,0.57495,111.0,0.57514,1776.0
1753547069204,16:24:29.204,A/USDT:USDT,0.5745,1419.0,0.57442,71.0,0.57495,111.0,0.57514,1776.0
1753547069354,16:24:29.354,A/USDT:USDT,0.5745,1245.0,0.57442,71.0,0.57495,111.0,0.57514,1776.0
1753547069654,16:24:29.654,A/USDT:USDT,0.5745,1332.0,0.57442,71.0,0.57495,111.0,0.57514,1776.0
1753547069804,16:24:29.804,A/USDT:USDT,0.5745,1332.0,0.57442,71.0,0.57495,111.0,0.57514,1776.0
1753547070104,16:24:30.104,A/USDT:USDT,0.5745,1332.0,0.57442,71.0,0.57495,111.0,0.57514,1776.0
1753547070254,16:24:30.254,A/USDT:USDT,0.5745,1419.0,0.57442,71.0,0.57495,111.0,0.57514,1776.0
1753547070405,16:24:30.405,A/USDT:USDT,0.5745,1419.0,0.57442,71.0,0.57495,111.0,0.57514,1776.0
1753547070555,16:24:30.555,A/USDT:USDT,0.5745,1419.0,0.57442,71.0,0.57495,111.0,0.57514,1776.0
1753547070705,16:24:30.705,A/USDT:USDT,0.5745,1419.0,0.57442,71.0,0.57495,111.0,0.57514,1776.0
1753547070855,16:24:30.855,A/USDT:USDT,0.5745,1419.0,0.57442,71.0,0.57495,111.0,0.57514,1776.0
1753547071005,16:24:31.005,A/USDT:USDT,0.5745,1419.0,0.57442,71.0,0.57495,111.0,0.57514,1776.0
1753547071155,16:24:31.155,A/USDT:USDT,0.5745,1419.0,0.57442,71.0,0.57495,111.0,0.57514,1776.0
1753547071305,16:24:31.305,A/USDT:USDT,0.5745,1419.0,0.57442,71.0,0.57495,111.0,0.57514,1776.0
1753547071455,16:24:31.455,A/USDT:USDT,0.5745,1419.0,0.57442,71.0,0.57495,111.0,0.57514,1776.0
1753547071605,16:24:31.605,A/USDT:USDT,0.5745,1419.0,0.57442,71.0,0.57495,111.0,0.57514,1776.0
1753547071755,16:24:31.755,A/USDT:USDT,0.5745,1419.0,0.57442,71.0,0.57495,111.0,0.57514,1776.0
1753547071905,16:24:31.905,A/USDT:USDT,0.5745,1419.0,0.57442,71.0,0.57495,111.0,0.57514,1776.0
1753547072055,16:24:32.055,A/USDT:USDT,0.5745,3435.0,0.57442,71.0,0.57495,111.0,0.57514,1776.0
1753547072206,16:24:32.206,A/USDT:USDT,0.5745,3435.0,0.57442,71.0,0.57495,111.0,0.57514,1776.0
1753547072356,16:24:32.356,A/USDT:USDT,0.5745,3435.0,0.57442,71.0,0.57495,111.0,0.57514,1776.0
1753547072506,16:24:32.506,A/USDT:USDT,0.5745,3435.0,0.57442,71.0,0.57495,111.0,0.57514,1776.0
1753547072656,16:24:32.656,A/USDT:USDT,0.5745,3435.0,0.57442,71.0,0.57495,111.0,0.57514,1776.0
1753547072806,16:24:32.806,A/USDT:USDT,0.5745,3435.0,0.57442,71.0,0.57495,111.0,0.57514,1776.0
1753547072956,16:24:32.956,A/USDT:USDT,0.5745,3435.0,0.57442,71.0,0.57495,111.0,0.57514,1776.0
1753547073106,16:24:33.106,A/USDT:USDT,0.5745,3435.0,0.57442,71.0,0.57495,111.0,0.57514,1776.0
1753547073256,16:24:33.256,A/USDT:USDT,0.5745,1419.0,0.57442,71.0,0.57495,111.0,0.57514,1776.0
1753547073406,16:24:33.406,A/USDT:USDT,0.5745,1419.0,0.57442,71.0,0.57495,111.0,0.57514,1776.0
1753547073556,16:24:33.556,A/USDT:USDT,0.5745,1419.0,0.57442,71.0,0.57495,111.0,0.57514,1776.0
1753547073706,16:24:33.706,A/USDT:USDT,0.5745,1419.0,0.57442,71.0,0.57495,111.0,0.57514,1776.0
1753547073857,16:24:33.857,A/USDT:USDT,0.5745,1419.0,0.57442,71.0,0.57495,111.0,0.57514,1776.0
1753547074007,16:24:34.007,A/USDT:USDT,0.5745,1515.0,0.57442,71.0,0.57495,111.0,0.57514,1776.0
1753547074157,16:24:34.157,A/USDT:USDT,0.5745,1515.0,0.57442,71.0,0.57495,111.0,0.57514,1776.0
1753547074307,16:24:34.307,A/USDT:USDT,0.5745,1515.0,0.57442,71.0,0.57495,111.0,0.57514,1776.0
1753547074457,16:24:34.457,A/USDT:USDT,0.5745,1515.0,0.57442,71.0,0.57495,111.0,0.57514,1776.0
1753547074607,16:24:34.607,A/USDT:USDT,0.5745,1515.0,0.57442,71.0,0.57495,111.0,0.57514,1776.0
1753547074757,16:24:34.757,A/USDT:USDT,0.5745,1515.0,0.57442,71.0,0.57495,111.0,0.57514,1776.0
1753547074907,16:24:34.907,A/USDT:USDT,0.5745,1515.0,0.57442,71.0,0.57495,111.0,0.57514,1776.0
1753547075057,16:24:35.057,A/USDT:USDT,0.5745,1515.0,0.57442,71.0,0.57495,111.0,0.57514,1776.0
1753547075357,16:24:35.357,A/USDT:USDT,0.5745,1515.0,0.57442,71.0,0.57495,111.0,0.57514,1776.0
1753547075657,16:24:35.657,A/USDT:USDT,0.5745,1725.0,0.57442,71.0,0.57495,111.0,0.57516,8995.0
1753547075808,16:24:35.808,A/USDT:USDT,0.5745,1523.0,0.57442,71.0,0.57495,111.0,0.57516,8995.0
1753547075958,16:24:35.958,A/USDT:USDT,0.5745,2079.0,0.57449,13.0,0.57495,111.0,0.57516,8995.0
1753547076108,16:24:36.108,A/USDT:USDT,0.5745,2079.0,0.57449,13.0,0.57495,111.0,0.57516,8995.0
1753547076258,16:24:36.258,A/USDT:USDT,0.5745,2079.0,0.57449,13.0,0.57495,111.0,0.57516,8995.0
1753547076408,16:24:36.408,A/USDT:USDT,0.5745,2725.0,0.57449,13.0,0.57495,111.0,0.57516,8995.0
1753547076708,16:24:36.708,A/USDT:USDT,0.5745,2079.0,0.57449,13.0,0.57495,111.0,0.57516,8995.0
1753547076858,16:24:36.858,A/USDT:USDT,0.5745,2079.0,0.57449,13.0,0.57495,111.0,0.57516,8995.0
1753547077008,16:24:37.008,A/USDT:USDT,0.5745,2079.0,0.57449,13.0,0.57495,111.0,0.57516,8995.0
1753547077309,16:24:37.309,A/USDT:USDT,0.5745,2253.0,0.57449,13.0,0.57495,111.0,0.57516,8995.0
1753547077459,16:24:37.459,A/USDT:USDT,0.5745,2253.0,0.57449,13.0,0.57495,111.0,0.57516,8995.0
1753547077609,16:24:37.609,A/USDT:USDT,0.5745,2253.0,0.57449,13.0,0.57495,111.0,0.57516,8995.0
1753547077759,16:24:37.759,A/USDT:USDT,0.5745,2253.0,0.57449,13.0,0.57495,111.0,0.57516,8995.0
1753547077909,16:24:37.909,A/USDT:USDT,0.5745,2253.0,0.57449,13.0,0.57495,111.0,0.57516,8995.0
1753547078059,16:24:38.059,A/USDT:USDT,0.5745,2253.0,0.57449,13.0,0.57495,111.0,0.57516,8995.0
1753547078209,16:24:38.209,A/USDT:USDT,0.5745,2253.0,0.57449,13.0,0.57495,111.0,0.57527,40304.0
1753547078359,16:24:38.359,A/USDT:USDT,0.5745,3657.0,0.57449,13.0,0.57495,111.0,0.57527,40304.0
1753547078509,16:24:38.509,A/USDT:USDT,0.5745,3657.0,0.57449,13.0,0.57495,111.0,0.57527,40304.0
1753547078659,16:24:38.659,A/USDT:USDT,0.5745,3657.0,0.57449,13.0,0.57495,111.0,0.57527,40304.0
1753547078810,16:24:38.810,A/USDT:USDT,0.5745,3657.0,0.57449,13.0,0.57495,111.0,0.57527,40304.0
1753547078960,16:24:38.960,A/USDT:USDT,0.5745,3657.0,0.57449,13.0,0.57495,111.0,0.57527,40304.0
1753547079110,16:24:39.110,A/USDT:USDT,0.5745,3657.0,0.57449,13.0,0.57495,111.0,0.57527,40304.0
1753547079260,16:24:39.260,A/USDT:USDT,0.5745,3657.0,0.57449,13.0,0.57495,111.0,0.57527,40304.0
1753547079410,16:24:39.410,A/USDT:USDT,0.5745,3657.0,0.57449,13.0,0.57495,111.0,0.57527,40304.0
1753547079710,16:24:39.710,A/USDT:USDT,0.5745,3657.0,0.57449,13.0,0.57495,111.0,0.57527,40304.0
1753547079860,16:24:39.860,A/USDT:USDT,0.5745,3657.0,0.57449,13.0,0.57495,111.0,0.57527,40304.0
1753547080010,16:24:40.010,A/USDT:USDT,0.5745,3657.0,0.57449,13.0,0.57495,111.0,0.57527,40304.0
1753547080160,16:24:40.160,A/USDT:USDT,0.5745,3657.0,0.57449,13.0,0.57495,111.0,0.57527,40304.0
1753547080310,16:24:40.310,A/USDT:USDT,0.5745,3657.0,0.57449,13.0,0.57495,111.0,0.57527,40304.0
1753547080460,16:24:40.460,A/USDT:USDT,0.5745,3657.0,0.57449,13.0,0.57495,111.0,0.57527,40304.0
1753547080611,16:24:40.611,A/USDT:USDT,0.5745,3657.0,0.57442,71.0,0.57495,111.0,0.57527,40304.0
1753547080911,16:24:40.911,A/USDT:USDT,0.5745,3657.0,0.57449,13.0,0.57495,111.0,0.57527,40304.0
1753547081061,16:24:41.061,A/USDT:USDT,0.5745,3657.0,0.57449,13.0,0.57495,111.0,0.57527,40304.0
1753547081211,16:24:41.211,A/USDT:USDT,0.5745,3744.0,0.57449,13.0,0.57495,111.0,0.57527,40304.0
1753547081361,16:24:41.361,A/USDT:USDT,0.57471,1776.0,0.5745,1568.0,0.57527,31310.0,0.57531,117.0
1753547081511,16:24:41.511,A/USDT:USDT,0.57471,96.0,0.5745,3160.0,0.57522,112.0,0.57527,31310.0
1753547081661,16:24:41.661,A/USDT:USDT,0.5745,6290.0,0.57442,71.0,0.57522,112.0,0.57527,31310.0
1753547081811,16:24:41.811,A/USDT:USDT,0.57468,1776.0,0.57451,9093.0,0.57522,112.0,0.57531,117.0
1753547081961,16:24:41.961,A/USDT:USDT,0.57468,1776.0,0.57451,9093.0,0.57522,112.0,0.57531,117.0
1753547082111,16:24:42.111,A/USDT:USDT,0.57468,2211.0,0.57466,71.0,0.57522,112.0,0.57531,117.0
1753547082262,16:24:42.262,A/USDT:USDT,0.57468,2298.0,0.57466,71.0,0.57522,112.0,0.57531,117.0
1753547082412,16:24:42.412,A/USDT:USDT,0.57468,2394.0,0.57466,71.0,0.57522,112.0,0.57531,117.0
1753547082562,16:24:42.562,A/USDT:USDT,0.57468,2394.0,0.57466,71.0,0.57522,112.0,0.57524,71.0
1753547082712,16:24:42.712,A/USDT:USDT,0.57468,2778.0,0.57466,71.0,0.57522,112.0,0.57524,71.0
1753547082862,16:24:42.862,A/USDT:USDT,0.57468,2298.0,0.57466,71.0,0.57522,112.0,0.57524,71.0
1753547083012,16:24:43.012,A/USDT:USDT,0.57468,2648.0,0.57466,71.0,0.57522,112.0,0.57524,71.0
1753547083162,16:24:43.162,A/USDT:USDT,0.57468,2422.0,0.57466,71.0,0.57522,112.0,0.57524,71.0
1753547083312,16:24:43.312,A/USDT:USDT,0.57468,2422.0,0.57466,71.0,0.57522,112.0,0.57524,71.0
1753547083462,16:24:43.462,A/USDT:USDT,0.57468,4150.0,0.57466,71.0,0.57522,112.0,0.57524,71.0
1753547083763,16:24:43.763,A/USDT:USDT,0.57468,2422.0,0.57466,71.0,0.57522,112.0,0.57524,71.0
1753547083913,16:24:43.913,A/USDT:USDT,0.57468,2422.0,0.57466,71.0,0.57522,112.0,0.57524,71.0
1753547084063,16:24:44.063,A/USDT:USDT,0.57468,2422.0,0.57466,71.0,0.57522,112.0,0.57524,71.0
1753547084213,16:24:44.213,A/USDT:USDT,0.57468,2422.0,0.57466,71.0,0.57522,112.0,0.57524,71.0
1753547084363,16:24:44.363,A/USDT:USDT,0.57468,2422.0,0.57466,71.0,0.57522,112.0,0.57524,71.0
1753547084513,16:24:44.513,A/USDT:USDT,0.57468,2902.0,0.57466,71.0,0.57522,112.0,0.57524,71.0
1753547084663,16:24:44.663,A/USDT:USDT,0.57468,2298.0,0.57466,71.0,0.57522,112.0,0.57524,71.0
1753547084813,16:24:44.813,A/USDT:USDT,0.57468,2298.0,0.57466,71.0,0.57522,112.0,0.57524,71.0
1753547084963,16:24:44.963,A/USDT:USDT,0.57468,2414.0,0.57466,71.0,0.57522,112.0,0.57524,71.0
1753547085113,16:24:45.113,A/USDT:USDT,0.57468,2298.0,0.57466,71.0,0.57522,112.0,0.57524,71.0
1753547085263,16:24:45.263,A/USDT:USDT,0.57468,2298.0,0.57466,71.0,0.57522,112.0,0.57524,71.0
1753547085413,16:24:45.413,A/USDT:USDT,0.57468,2832.0,0.57466,71.0,0.57522,112.0,0.57524,71.0
1753547085564,16:24:45.564,A/USDT:USDT,0.57468,5184.0,0.57466,71.0,0.57522,112.0,0.57524,71.0
1753547085714,16:24:45.714,A/USDT:USDT,0.57468,5184.0,0.57466,71.0,0.57522,112.0,0.57524,71.0
1753547085864,16:24:45.864,A/USDT:USDT,0.57468,5184.0,0.57466,71.0,0.57522,112.0,0.57524,71.0
1753547086014,16:24:46.014,A/USDT:USDT,0.57468,5184.0,0.57466,71.0,0.57522,112.0,0.57524,71.0
1753547086164,16:24:46.164,A/USDT:USDT,0.57468,5184.0,0.57466,71.0,0.57522,112.0,0.57524,71.0
1753547086314,16:24:46.314,A/USDT:USDT,0.57468,5184.0,0.57466,71.0,0.57522,112.0,0.57524,71.0
1753547086464,16:24:46.464,A/USDT:USDT,0.57468,5184.0,0.57466,71.0,0.57522,112.0,0.57524,71.0
1753547086614,16:24:46.614,A/USDT:USDT,0.57468,5184.0,0.57466,71.0,0.57522,112.0,0.57524,71.0
1753547086764,16:24:46.764,A/USDT:USDT,0.57468,5184.0,0.57466,71.0,0.57522,112.0,0.57524,71.0
1753547086914,16:24:46.914,A/USDT:USDT,0.57468,5184.0,0.57466,71.0,0.57522,112.0,0.57524,71.0
1753547087065,16:24:47.065,A/USDT:USDT,0.57468,5184.0,0.57466,71.0,0.57522,112.0,0.57524,71.0
1753547087215,16:24:47.215,A/USDT:USDT,0.57469,8992.0,0.57468,5184.0,0.57522,112.0,0.57524,71.0
1753547087365,16:24:47.365,A/USDT:USDT,0.57469,8992.0,0.57468,5184.0,0.57522,112.0,0.57524,71.0
1753547087515,16:24:47.515,A/USDT:USDT,0.57469,8992.0,0.57468,2298.0,0.57522,112.0,0.57524,71.0
1753547087665,16:24:47.665,A/USDT:USDT,0.57469,8992.0,0.57468,2298.0,0.57522,112.0,0.57524,71.0
1753547087815,16:24:47.815,A/USDT:USDT,0.57469,9172.0,0.57468,2298.0,0.57522,112.0,0.57524,71.0
1753547087965,16:24:47.965,A/USDT:USDT,0.57469,9442.0,0.57468,2298.0,0.57522,112.0,0.57524,71.0
1753547088115,16:24:48.115,A/USDT:USDT,0.57469,9442.0,0.57468,2298.0,0.57522,112.0,0.57524,71.0
1753547088265,16:24:48.265,A/USDT:USDT,0.57469,9442.0,0.57468,2298.0,0.57522,112.0,0.57524,71.0
1753547088415,16:24:48.415,A/USDT:USDT,0.57469,9442.0,0.57468,2298.0,0.57522,112.0,0.57524,71.0
1753547088566,16:24:48.566,A/USDT:USDT,0.57469,9442.0,0.57468,2298.0,0.57522,112.0,0.57524,71.0
1753547088716,16:24:48.716,A/USDT:USDT,0.57469,9442.0,0.57468,2298.0,0.57522,112.0,0.57524,71.0
1753547088866,16:24:48.866,A/USDT:USDT,0.57469,9442.0,0.57468,2298.0,0.57522,112.0,0.57524,71.0
1753547089016,16:24:49.016,A/USDT:USDT,0.57469,9442.0,0.57468,2298.0,0.57522,112.0,0.57524,71.0
1753547089166,16:24:49.166,A/USDT:USDT,0.57469,9442.0,0.57468,2298.0,0.57522,112.0,0.57524,71.0
1753547089316,16:24:49.316,A/USDT:USDT,0.57469,9442.0,0.57468,2298.0,0.57522,112.0,0.57524,71.0
1753547089466,16:24:49.466,A/USDT:USDT,0.57469,9442.0,0.57468,2298.0,0.57522,112.0,0.57524,71.0
1753547089616,16:24:49.616,A/USDT:USDT,0.57469,9442.0,0.57468,2298.0,0.57522,112.0,0.57524,71.0
1753547089766,16:24:49.766,A/USDT:USDT,0.57469,9442.0,0.57468,2298.0,0.57522,112.0,0.57524,71.0
1753547089916,16:24:49.916,A/USDT:USDT,0.57469,9442.0,0.57468,2298.0,0.57522,112.0,0.57524,71.0
1753547090066,16:24:50.066,A/USDT:USDT,0.57469,9442.0,0.57468,2298.0,0.57522,112.0,0.57524,71.0
1753547090216,16:24:50.216,A/USDT:USDT,0.57469,9442.0,0.57468,2298.0,0.57522,112.0,0.57524,71.0
1753547090367,16:24:50.367,A/USDT:USDT,0.57469,9442.0,0.57468,2298.0,0.57522,112.0,0.57524,71.0
1753547090517,16:24:50.517,A/USDT:USDT,0.57469,9442.0,0.57468,2298.0,0.57522,112.0,0.57524,71.0
1753547090667,16:24:50.667,A/USDT:USDT,0.57469,9442.0,0.57468,2298.0,0.57522,112.0,0.57524,71.0
1753547090817,16:24:50.817,A/USDT:USDT,0.57469,9442.0,0.57468,2298.0,0.57522,112.0,0.57524,71.0
1753547090967,16:24:50.967,A/USDT:USDT,0.57469,9442.0,0.57468,2298.0,0.57522,112.0,0.57524,71.0
1753547091117,16:24:51.117,A/USDT:USDT,0.57469,9442.0,0.57468,2298.0,0.57522,112.0,0.57524,71.0
1753547091267,16:24:51.267,A/USDT:USDT,0.57469,9442.0,0.57468,2298.0,0.57522,112.0,0.57524,71.0
1753547091417,16:24:51.417,A/USDT:USDT,0.57469,9442.0,0.57468,2298.0,0.57522,112.0,0.57524,71.0
1753547091567,16:24:51.567,A/USDT:USDT,0.57469,9442.0,0.57468,2298.0,0.57522,112.0,0.57524,71.0
1753547091717,16:24:51.717,A/USDT:USDT,0.57469,9442.0,0.57468,2298.0,0.57522,112.0,0.57524,71.0
1753547091868,16:24:51.868,A/USDT:USDT,0.57469,9442.0,0.57468,2298.0,0.57522,112.0,0.57524,71.0
1753547092018,16:24:52.018,A/USDT:USDT,0.57469,9442.0,0.57468,2298.0,0.57522,112.0,0.57524,71.0
1753547092168,16:24:52.168,A/USDT:USDT,0.57469,9442.0,0.57468,2298.0,0.57522,112.0,0.57524,71.0
1753547092318,16:24:52.318,A/USDT:USDT,0.57469,9442.0,0.57468,2298.0,0.57522,112.0,0.57524,71.0
1753547092468,16:24:52.468,A/USDT:USDT,0.57469,9442.0,0.57468,2298.0,0.57522,112.0,0.57524,71.0
1753547092618,16:24:52.618,A/USDT:USDT,0.57469,9442.0,0.57468,2298.0,0.57522,112.0,0.57524,71.0
1753547092918,16:24:52.918,A/USDT:USDT,0.57469,9442.0,0.57468,2298.0,0.57522,112.0,0.57524,71.0
1753547093068,16:24:53.068,A/USDT:USDT,0.57469,9442.0,0.57468,2298.0,0.57522,112.0,0.57524,71.0
1753547093218,16:24:53.218,A/USDT:USDT,0.57469,9442.0,0.57468,2298.0,0.57522,112.0,0.57524,71.0
1753547093368,16:24:53.368,A/USDT:USDT,0.57469,9442.0,0.57468,2298.0,0.57522,112.0,0.57524,71.0
1753547093518,16:24:53.518,A/USDT:USDT,0.57469,9442.0,0.57468,2298.0,0.57522,112.0,0.57524,71.0
1753547093669,16:24:53.669,A/USDT:USDT,0.57469,9442.0,0.57468,2298.0,0.57522,112.0,0.57524,71.0
1753547093819,16:24:53.819,A/USDT:USDT,0.57469,9442.0,0.57468,2298.0,0.57522,112.0,0.57524,71.0
1753547093969,16:24:53.969,A/USDT:USDT,0.57469,9442.0,0.57468,2298.0,0.57522,112.0,0.57524,71.0
1753547094119,16:24:54.119,A/USDT:USDT,0.57469,9442.0,0.57468,2298.0,0.57522,112.0,0.57524,71.0
1753547094269,16:24:54.269,A/USDT:USDT,0.57469,9442.0,0.57468,2298.0,0.57522,112.0,0.57524,71.0
1753547094419,16:24:54.419,A/USDT:USDT,0.57469,9442.0,0.57468,2298.0,0.57522,112.0,0.57524,71.0
1753547094569,16:24:54.569,A/USDT:USDT,0.57469,9442.0,0.57468,2298.0,0.57522,112.0,0.57524,71.0
1753547094719,16:24:54.719,A/USDT:USDT,0.57469,9442.0,0.57468,2298.0,0.57522,112.0,0.57524,71.0
1753547094869,16:24:54.869,A/USDT:USDT,0.57469,9442.0,0.57468,2298.0,0.57522,112.0,0.57524,71.0
1753547095019,16:24:55.019,A/USDT:USDT,0.57469,9442.0,0.57468,2298.0,0.57522,112.0,0.57524,71.0
1753547095170,16:24:55.170,A/USDT:USDT,0.57469,9442.0,0.57468,2298.0,0.57522,112.0,0.57524,71.0
1753547095320,16:24:55.320,A/USDT:USDT,0.57469,9442.0,0.57468,2298.0,0.57522,112.0,0.57524,71.0
1753547095470,16:24:55.470,A/USDT:USDT,0.57469,9442.0,0.57468,2298.0,0.57522,112.0,0.57524,71.0
1753547095620,16:24:55.620,A/USDT:USDT,0.57469,9442.0,0.57468,2298.0,0.57522,112.0,0.57524,71.0
1753547095770,16:24:55.770,A/USDT:USDT,0.57469,9442.0,0.57468,2298.0,0.57522,112.0,0.57524,71.0
1753547095920,16:24:55.920,A/USDT:USDT,0.57469,9442.0,0.57468,2298.0,0.57522,112.0,0.57524,71.0
1753547096070,16:24:56.070,A/USDT:USDT,0.57469,9442.0,0.57468,2298.0,0.57522,112.0,0.57524,71.0
1753547096220,16:24:56.220,A/USDT:USDT,0.57469,9442.0,0.57468,2298.0,0.57522,112.0,0.57524,71.0
1753547096370,16:24:56.370,A/USDT:USDT,0.57469,9442.0,0.57468,2298.0,0.57522,112.0,0.57524,71.0
1753547096520,16:24:56.520,A/USDT:USDT,0.57469,9442.0,0.57468,2298.0,0.57522,112.0,0.57524,71.0
1753547096670,16:24:56.670,A/USDT:USDT,0.57469,9442.0,0.57468,2298.0,0.57522,112.0,0.57524,71.0
1753547096820,16:24:56.820,A/USDT:USDT,0.57469,9442.0,0.57468,2298.0,0.57522,112.0,0.57524,71.0
1753547096971,16:24:56.971,A/USDT:USDT,0.57469,9442.0,0.57468,2298.0,0.57522,112.0,0.57524,71.0
1753547097121,16:24:57.121,A/USDT:USDT,0.57469,9442.0,0.57468,2298.0,0.57522,112.0,0.57524,71.0
1753547097271,16:24:57.271,A/USDT:USDT,0.57469,9442.0,0.57468,2298.0,0.57522,112.0,0.57524,71.0
1753547097421,16:24:57.421,A/USDT:USDT,0.57469,9442.0,0.57468,2298.0,0.57522,112.0,0.57524,71.0
1753547097571,16:24:57.571,A/USDT:USDT,0.57469,9442.0,0.57468,2298.0,0.57522,112.0,0.57524,71.0
1753547097721,16:24:57.721,A/USDT:USDT,0.57469,9442.0,0.57468,2298.0,0.57522,112.0,0.57524,71.0
1753547097871,16:24:57.871,A/USDT:USDT,0.57469,9442.0,0.57468,2298.0,0.57522,112.0,0.57524,71.0
1753547098171,16:24:58.171,A/USDT:USDT,0.57469,9442.0,0.57468,2298.0,0.57522,112.0,0.57524,71.0
1753547098472,16:24:58.472,A/USDT:USDT,0.57469,9442.0,0.57468,2298.0,0.57522,112.0,0.57524,71.0
1753547098622,16:24:58.622,A/USDT:USDT,0.57469,9442.0,0.57468,2298.0,0.57522,112.0,0.57524,71.0
1753547098772,16:24:58.772,A/USDT:USDT,0.57469,9442.0,0.57468,2298.0,0.57522,112.0,0.57524,71.0
1753547098922,16:24:58.922,A/USDT:USDT,0.57469,9442.0,0.57468,2298.0,0.57522,112.0,0.57524,71.0
1753547099072,16:24:59.072,A/USDT:USDT,0.57469,9442.0,0.57468,2298.0,0.57522,112.0,0.57524,71.0
1753547099222,16:24:59.222,A/USDT:USDT,0.57469,9442.0,0.57468,2298.0,0.57522,112.0,0.57524,71.0
1753547099522,16:24:59.522,A/USDT:USDT,0.57469,9442.0,0.57468,2298.0,0.57522,112.0,0.57524,71.0
1753547099672,16:24:59.672,A/USDT:USDT,0.57469,9442.0,0.57468,2298.0,0.57522,112.0,0.57524,71.0
1753547099822,16:24:59.822,A/USDT:USDT,0.57469,9442.0,0.57468,2298.0,0.57522,112.0,0.57524,71.0
1753547099973,16:24:59.973,A/USDT:USDT,0.57469,9442.0,0.57468,2298.0,0.57522,112.0,0.57524,71.0
1753547100123,16:25:00.123,A/USDT:USDT,0.57469,9442.0,0.57468,1776.0,0.57522,112.0,0.57524,71.0
1753547100273,16:25:00.273,A/USDT:USDT,0.57474,174.0,0.57469,9442.0,0.57522,112.0,0.57524,71.0
1753547100423,16:25:00.423,A/USDT:USDT,0.57474,174.0,0.57469,9082.0,0.57522,112.0,0.57524,71.0
1753547100573,16:25:00.573,A/USDT:USDT,0.57474,1416.0,0.57469,9082.0,0.57522,112.0,0.57524,71.0
1753547100723,16:25:00.723,A/USDT:USDT,0.57474,1888.0,0.57469,8992.0,0.57522,112.0,0.57524,71.0
1753547100873,16:25:00.873,A/USDT:USDT,0.57474,1888.0,0.57469,8992.0,0.57522,112.0,0.57524,71.0
1753547101023,16:25:01.023,A/USDT:USDT,0.57474,1888.0,0.57469,8992.0,0.57522,112.0,0.57524,71.0
1753547101174,16:25:01.174,A/USDT:USDT,0.57474,1888.0,0.57469,8992.0,0.57522,112.0,0.57524,71.0
1753547101324,16:25:01.324,A/USDT:USDT,0.57474,1416.0,0.57469,9062.0,0.57522,112.0,0.57524,71.0
1753547101474,16:25:01.474,A/USDT:USDT,0.57469,9062.0,0.57468,1776.0,0.57522,112.0,0.57524,71.0
1753547101624,16:25:01.624,A/USDT:USDT,0.57469,9062.0,0.57468,1776.0,0.57522,112.0,0.57524,71.0
1753547101924,16:25:01.924,A/USDT:USDT,0.57469,11309.0,0.57468,1776.0,0.57522,112.0,0.57524,71.0
1753547102074,16:25:02.074,A/USDT:USDT,0.57469,11309.0,0.57468,1776.0,0.57522,112.0,0.57524,71.0
1753547102224,16:25:02.224,A/USDT:USDT,0.57469,11309.0,0.57468,1776.0,0.57522,112.0,0.57524,71.0
1753547102374,16:25:02.374,A/USDT:USDT,0.57469,11309.0,0.57468,1776.0,0.57522,112.0,0.57524,71.0
1753547102524,16:25:02.524,A/USDT:USDT,0.57469,11309.0,0.57468,1776.0,0.57522,112.0,0.57524,71.0
1753547102674,16:25:02.674,A/USDT:USDT,0.57469,11309.0,0.57468,1776.0,0.57522,112.0,0.57524,71.0
1753547102825,16:25:02.825,A/USDT:USDT,0.57469,11309.0,0.57468,1776.0,0.57522,112.0,0.57524,71.0
1753547102975,16:25:02.975,A/USDT:USDT,0.57469,11309.0,0.57468,1776.0,0.57522,112.0,0.57524,71.0
1753547103125,16:25:03.125,A/USDT:USDT,0.5747,8988.0,0.57469,2317.0,0.57522,112.0,0.57524,71.0
1753547103275,16:25:03.275,A/USDT:USDT,0.5747,8988.0,0.57469,2230.0,0.57522,112.0,0.57524,71.0
1753547103425,16:25:03.425,A/USDT:USDT,0.5747,8988.0,0.57469,70.0,0.57522,112.0,0.57524,71.0
1753547103575,16:25:03.575,A/USDT:USDT,0.5747,8988.0,0.57469,70.0,0.57522,112.0,0.57524,71.0
1753547103725,16:25:03.725,A/USDT:USDT,0.5747,9084.0,0.57469,70.0,0.57522,112.0,0.57524,71.0
1753547103875,16:25:03.875,A/USDT:USDT,0.5747,9555.0,0.57469,70.0,0.57522,112.0,0.57524,71.0
1753547104025,16:25:04.025,A/USDT:USDT,0.5747,9642.0,0.57469,70.0,0.57522,112.0,0.57524,71.0
1753547104175,16:25:04.175,A/USDT:USDT,0.5747,9642.0,0.57469,70.0,0.57522,112.0,0.57524,71.0
1753547104325,16:25:04.325,A/USDT:USDT,0.5747,9642.0,0.57469,70.0,0.57522,112.0,0.57524,71.0
1753547104626,16:25:04.626,A/USDT:USDT,0.5747,9372.0,0.57469,70.0,0.57522,112.0,0.57524,71.0
1753547104926,16:25:04.926,A/USDT:USDT,0.5747,9372.0,0.57469,70.0,0.57522,112.0,0.57524,71.0
1753547105076,16:25:05.076,A/USDT:USDT,0.5747,9372.0,0.57469,70.0,0.57522,112.0,0.57524,71.0
1753547105226,16:25:05.226,A/USDT:USDT,0.5747,9372.0,0.57469,70.0,0.57522,112.0,0.57524,71.0
1753547105376,16:25:05.376,A/USDT:USDT,0.5747,9372.0,0.57469,70.0,0.57522,112.0,0.57524,71.0
1753547105526,16:25:05.526,A/USDT:USDT,0.5747,9372.0,0.57469,70.0,0.57522,112.0,0.57524,71.0
1753547105676,16:25:05.676,A/USDT:USDT,0.5747,9372.0,0.57469,70.0,0.57522,112.0,0.57524,71.0
1753547105826,16:25:05.826,A/USDT:USDT,0.5747,9372.0,0.57469,70.0,0.57522,112.0,0.57524,71.0
1753547105976,16:25:05.976,A/USDT:USDT,0.5747,9372.0,0.57469,70.0,0.57522,112.0,0.57524,71.0
1753547106127,16:25:06.127,A/USDT:USDT,0.5747,9372.0,0.57469,70.0,0.57522,112.0,0.57524,71.0
1753547106277,16:25:06.277,A/USDT:USDT,0.5747,9372.0,0.57469,70.0,0.57522,112.0,0.57524,71.0
1753547106427,16:25:06.427,A/USDT:USDT,0.5747,9292.0,0.5745,1245.0,0.57522,112.0,0.57524,71.0
1753547106727,16:25:06.727,A/USDT:USDT,0.5747,9204.0,0.5745,1245.0,0.57517,111.0,0.57522,536.0
1753547106877,16:25:06.877,A/USDT:USDT,0.5747,9204.0,0.5745,1245.0,0.57517,111.0,0.57522,536.0
1753547107027,16:25:07.027,A/USDT:USDT,0.5747,9204.0,0.5745,1245.0,0.57517,111.0,0.57522,536.0
1753547107177,16:25:07.177,A/USDT:USDT,0.5747,9204.0,0.5745,1245.0,0.57517,111.0,0.57522,536.0
1753547107327,16:25:07.327,A/USDT:USDT,0.5747,9204.0,0.5745,1245.0,0.57517,111.0,0.57522,536.0
1753547107477,16:25:07.477,A/USDT:USDT,0.5747,8988.0,0.5745,1245.0,0.57517,111.0,0.57522,536.0
1753547107628,16:25:07.628,A/USDT:USDT,0.5747,8988.0,0.5745,1245.0,0.57517,111.0,0.57522,536.0
1753547107778,16:25:07.778,A/USDT:USDT,0.5747,8988.0,0.5745,1245.0,0.57517,111.0,0.57522,536.0
1753547107928,16:25:07.928,A/USDT:USDT,0.5747,8988.0,0.5745,1245.0,0.57517,111.0,0.57524,71.0
1753547108078,16:25:08.078,A/USDT:USDT,0.5747,8988.0,0.5745,1245.0,0.57517,111.0,0.57524,71.0
1753547108378,16:25:08.378,A/USDT:USDT,0.5747,8988.0,0.5745,1245.0,0.57517,111.0,0.57524,71.0
1753547108528,16:25:08.528,A/USDT:USDT,0.5747,8988.0,0.5745,1245.0,0.57517,111.0,0.57524,71.0
1753547108678,16:25:08.678,A/USDT:USDT,0.5747,8988.0,0.5745,1245.0,0.57517,111.0,0.57524,71.0
1753547108828,16:25:08.828,A/USDT:USDT,0.5747,8988.0,0.5745,1245.0,0.57517,111.0,0.57524,71.0
1753547108978,16:25:08.978,A/USDT:USDT,0.5747,8988.0,0.5745,1245.0,0.57517,111.0,0.57524,71.0
1753547109129,16:25:09.129,A/USDT:USDT,0.5747,8988.0,0.5745,1245.0,0.57517,111.0,0.57524,71.0
1753547109279,16:25:09.279,A/USDT:USDT,0.5747,8988.0,0.5745,1245.0,0.57517,111.0,0.57524,71.0
1753547109429,16:25:09.429,A/USDT:USDT,0.5747,8988.0,0.5745,1245.0,0.57517,111.0,0.57524,71.0
1753547109579,16:25:09.579,A/USDT:USDT,0.5747,8988.0,0.5745,1245.0,0.57517,111.0,0.57524,71.0
1753547109729,16:25:09.729,A/USDT:USDT,0.5747,8988.0,0.5745,1245.0,0.57517,111.0,0.57524,71.0
1753547109879,16:25:09.879,A/USDT:USDT,0.5747,8988.0,0.5745,1245.0,0.57517,111.0,0.57524,71.0
1753547110029,16:25:10.029,A/USDT:USDT,0.5747,8988.0,0.5745,1245.0,0.57512,112.0,0.57524,71.0
1753547110179,16:25:10.179,A/USDT:USDT,0.5747,8988.0,0.5745,1245.0,0.57512,112.0,0.57524,71.0
1753547110329,16:25:10.329,A/USDT:USDT,0.5747,8988.0,0.5745,1245.0,0.57512,112.0,0.57524,71.0
1753547110479,16:25:10.479,A/USDT:USDT,0.5747,8988.0,0.5745,1245.0,0.57512,112.0,0.57524,71.0
1753547110629,16:25:10.629,A/USDT:USDT,0.5747,8988.0,0.5745,1245.0,0.57512,112.0,0.57524,71.0
1753547110780,16:25:10.780,A/USDT:USDT,0.5747,8988.0,0.5745,1245.0,0.57512,112.0,0.57524,71.0
1753547110930,16:25:10.930,A/USDT:USDT,0.5747,8988.0,0.5745,1245.0,0.57512,112.0,0.57524,71.0
1753547111080,16:25:11.080,A/USDT:USDT,0.5747,8988.0,0.5745,1245.0,0.57512,112.0,0.57524,71.0
1753547111230,16:25:11.230,A/USDT:USDT,0.5747,8988.0,0.5745,1245.0,0.57512,112.0,0.57524,71.0
1753547111380,16:25:11.380,A/USDT:USDT,0.5747,8988.0,0.5745,1245.0,0.57512,112.0,0.57524,71.0
1753547111530,16:25:11.530,A/USDT:USDT,0.5747,8988.0,0.5745,1245.0,0.57512,112.0,0.57524,71.0
1753547111680,16:25:11.680,A/USDT:USDT,0.5747,8988.0,0.5745,1245.0,0.57512,112.0,0.57524,71.0
1753547111830,16:25:11.830,A/USDT:USDT,0.5747,8988.0,0.5745,1245.0,0.57512,112.0,0.57524,71.0
1753547111980,16:25:11.980,A/USDT:USDT,0.5747,8988.0,0.5745,1245.0,0.57512,112.0,0.57524,71.0
1753547112130,16:25:12.130,A/USDT:USDT,0.5747,8988.0,0.5745,1245.0,0.57512,112.0,0.57524,71.0
1753547112280,16:25:12.280,A/USDT:USDT,0.5747,8988.0,0.5745,1245.0,0.57512,112.0,0.57524,71.0
1753547112431,16:25:12.431,A/USDT:USDT,0.5747,8988.0,0.5745,1245.0,0.57512,112.0,0.57524,71.0
1753547112581,16:25:12.581,A/USDT:USDT,0.5747,8988.0,0.5745,1245.0,0.57512,112.0,0.57524,71.0
1753547112731,16:25:12.731,A/USDT:USDT,0.5747,8988.0,0.5745,1245.0,0.57512,112.0,0.57524,71.0
1753547112881,16:25:12.881,A/USDT:USDT,0.5747,8988.0,0.5745,1245.0,0.57512,112.0,0.57524,71.0
1753547113031,16:25:13.031,A/USDT:USDT,0.5747,8988.0,0.5745,1245.0,0.57512,112.0,0.57524,71.0
1753547113181,16:25:13.181,A/USDT:USDT,0.5747,8988.0,0.5745,1245.0,0.57512,112.0,0.57524,71.0
1753547113331,16:25:13.331,A/USDT:USDT,0.5747,8988.0,0.5745,1245.0,0.57512,112.0,0.57524,71.0
1753547113481,16:25:13.481,A/USDT:USDT,0.5747,8988.0,0.5745,1245.0,0.57512,112.0,0.57524,71.0
1753547113631,16:25:13.631,A/USDT:USDT,0.5747,8988.0,0.5745,1245.0,0.57512,112.0,0.57524,71.0
1753547113781,16:25:13.781,A/USDT:USDT,0.5747,8988.0,0.5745,1245.0,0.57512,112.0,0.57524,71.0
1753547113931,16:25:13.931,A/USDT:USDT,0.5747,8988.0,0.5745,1245.0,0.57512,112.0,0.57524,71.0
1753547114082,16:25:14.082,A/USDT:USDT,0.5747,8988.0,0.5745,1245.0,0.57512,112.0,0.57524,71.0
1753547114232,16:25:14.232,A/USDT:USDT,0.5747,8988.0,0.5745,1245.0,0.57512,112.0,0.57524,71.0
1753547114532,16:25:14.532,A/USDT:USDT,0.57464,8989.0,0.5745,1245.0,0.57512,112.0,0.57524,71.0
1753547114682,16:25:14.682,A/USDT:USDT,0.57464,8989.0,0.57462,70.0,0.57512,112.0,0.57524,71.0
1753547114832,16:25:14.832,A/USDT:USDT,0.57464,8989.0,0.57462,70.0,0.57512,112.0,0.57524,71.0
1753547114982,16:25:14.982,A/USDT:USDT,0.57464,8989.0,0.57462,70.0,0.57512,112.0,0.57524,71.0
1753547115132,16:25:15.132,A/USDT:USDT,0.57464,8989.0,0.57462,70.0,0.57512,112.0,0.57524,71.0
1753547115282,16:25:15.282,A/USDT:USDT,0.57464,8989.0,0.57462,70.0,0.57512,112.0,0.57524,71.0
1753547115432,16:25:15.432,A/USDT:USDT,0.57464,8989.0,0.57462,70.0,0.57512,112.0,0.57524,71.0
1753547115583,16:25:15.583,A/USDT:USDT,0.57464,8989.0,0.57462,70.0,0.57512,112.0,0.57524,71.0
1753547115733,16:25:15.733,A/USDT:USDT,0.57464,8989.0,0.57462,70.0,0.57512,112.0,0.57524,71.0
1753547115883,16:25:15.883,A/USDT:USDT,0.57464,9051.0,0.5745,1245.0,0.57512,112.0,0.57524,71.0
1753547116033,16:25:16.033,A/USDT:USDT,0.57464,8989.0,0.5745,1245.0,0.57512,112.0,0.57524,71.0
1753547116183,16:25:16.183,A/USDT:USDT,0.57464,8989.0,0.5745,1245.0,0.57512,112.0,0.57524,71.0
1753547116333,16:25:16.333,A/USDT:USDT,0.57464,8989.0,0.5745,1245.0,0.57512,112.0,0.57524,71.0
1753547116483,16:25:16.483,A/USDT:USDT,0.57464,8989.0,0.5745,1245.0,0.57512,112.0,0.57524,71.0
1753547116633,16:25:16.633,A/USDT:USDT,0.57464,8989.0,0.5745,1245.0,0.57512,112.0,0.57524,71.0
1753547116783,16:25:16.783,A/USDT:USDT,0.57464,8989.0,0.5745,1245.0,0.57512,112.0,0.57524,71.0
1753547116933,16:25:16.933,A/USDT:USDT,0.57464,8989.0,0.5745,1245.0,0.57512,112.0,0.57524,71.0
1753547117084,16:25:17.084,A/USDT:USDT,0.57464,8989.0,0.5745,1245.0,0.57512,112.0,0.57524,71.0
1753547117233,16:25:17.233,A/USDT:USDT,0.57464,8989.0,0.5745,1245.0,0.57512,112.0,0.57524,71.0
1753547117384,16:25:17.384,A/USDT:USDT,0.57464,8989.0,0.5745,1245.0,0.57512,112.0,0.57524,71.0
1753547117533,16:25:17.533,A/USDT:USDT,0.57464,8989.0,0.5745,1245.0,0.57512,112.0,0.57524,71.0
1753547117684,16:25:17.684,A/USDT:USDT,0.57464,8989.0,0.5745,1245.0,0.57512,112.0,0.57524,71.0
1753547117834,16:25:17.834,A/USDT:USDT,0.57464,8989.0,0.5745,1245.0,0.57512,112.0,0.57524,71.0
1753547118134,16:25:18.134,A/USDT:USDT,0.57464,8989.0,0.5745,1245.0,0.57512,112.0,0.57524,71.0
1753547118284,16:25:18.284,A/USDT:USDT,0.57464,8989.0,0.5745,1245.0,0.57512,112.0,0.57524,71.0
1753547118434,16:25:18.434,A/USDT:USDT,0.57464,8989.0,0.5745,1245.0,0.57512,112.0,0.57524,71.0
1753547118584,16:25:18.584,A/USDT:USDT,0.57464,8989.0,0.5745,1245.0,0.57512,112.0,0.57524,71.0
1753547118734,16:25:18.734,A/USDT:USDT,0.57464,8989.0,0.5745,1245.0,0.57512,112.0,0.57524,71.0
1753547118885,16:25:18.885,A/USDT:USDT,0.57464,8989.0,0.5745,1245.0,0.57512,112.0,0.57524,71.0
1753547119035,16:25:19.035,A/USDT:USDT,0.57464,8989.0,0.5745,1245.0,0.57512,112.0,0.57524,71.0
1753547119185,16:25:19.185,A/USDT:USDT,0.57472,144.0,0.57464,8989.0,0.57512,112.0,0.57524,71.0
1753547119335,16:25:19.335,A/USDT:USDT,0.57464,8989.0,0.5745,1245.0,0.57512,112.0,0.57524,71.0
1753547119485,16:25:19.485,A/USDT:USDT,0.57464,9133.0,0.5745,1245.0,0.57512,112.0,0.57524,71.0
1753547119635,16:25:19.635,A/USDT:USDT,0.57464,8989.0,0.5745,1245.0,0.57512,112.0,0.57524,71.0
1753547119785,16:25:19.785,A/USDT:USDT,0.57464,8989.0,0.5745,1245.0,0.57512,112.0,0.57524,71.0
1753547119935,16:25:19.935,A/USDT:USDT,0.57464,8989.0,0.5745,1245.0,0.57512,112.0,0.57524,71.0
1753547120085,16:25:20.085,A/USDT:USDT,0.57464,9277.0,0.5745,1245.0,0.57512,112.0,0.57524,71.0
1753547120235,16:25:20.235,A/USDT:USDT,0.57464,8989.0,0.5745,1245.0,0.57512,112.0,0.57524,71.0
1753547120536,16:25:20.536,A/USDT:USDT,0.57464,8989.0,0.5745,1245.0,0.57512,112.0,0.57524,71.0
1753547120686,16:25:20.686,A/USDT:USDT,0.57464,8989.0,0.5745,1245.0,0.57512,112.0,0.57524,71.0
1753547120836,16:25:20.836,A/USDT:USDT,0.57464,8989.0,0.5745,1245.0,0.57512,112.0,0.57524,71.0
1753547120986,16:25:20.986,A/USDT:USDT,0.57464,8989.0,0.5745,1245.0,0.57512,112.0,0.57524,71.0
1753547121136,16:25:21.136,A/USDT:USDT,0.57464,9133.0,0.5745,1245.0,0.57512,112.0,0.57524,71.0
1753547121286,16:25:21.286,A/USDT:USDT,0.57464,8989.0,0.5745,1245.0,0.57512,112.0,0.57524,71.0
1753547121436,16:25:21.436,A/USDT:USDT,0.57464,8989.0,0.5745,1245.0,0.57512,112.0,0.57524,71.0
1753547121736,16:25:21.736,A/USDT:USDT,0.57464,8989.0,0.5745,1245.0,0.57512,112.0,0.57524,71.0
1753547121886,16:25:21.886,A/USDT:USDT,0.57464,8989.0,0.5745,1245.0,0.57512,112.0,0.57524,71.0
1753547122036,16:25:22.036,A/USDT:USDT,0.57464,8989.0,0.5745,1245.0,0.57512,112.0,0.57524,71.0
1753547122187,16:25:22.187,A/USDT:USDT,0.57464,8989.0,0.5745,1245.0,0.57512,112.0,0.57524,71.0
1753547122337,16:25:22.337,A/USDT:USDT,0.57464,8989.0,0.5745,1245.0,0.57512,112.0,0.57524,71.0
1753547122487,16:25:22.487,A/USDT:USDT,0.57464,8989.0,0.5745,1245.0,0.57512,112.0,0.57524,71.0
1753547122637,16:25:22.637,A/USDT:USDT,0.57464,8989.0,0.5745,1245.0,0.57512,112.0,0.57524,71.0
1753547122787,16:25:22.787,A/USDT:USDT,0.57464,8989.0,0.5745,1245.0,0.57512,112.0,0.57524,71.0
1753547122937,16:25:22.937,A/USDT:USDT,0.57464,8989.0,0.5745,1245.0,0.57512,112.0,0.57524,71.0
1753547123087,16:25:23.087,A/USDT:USDT,0.57464,8989.0,0.5745,1245.0,0.57512,112.0,0.57524,71.0
1753547123237,16:25:23.237,A/USDT:USDT,0.57465,8989.0,0.5745,1245.0,0.57512,112.0,0.57524,71.0
1753547123387,16:25:23.387,A/USDT:USDT,0.57465,8989.0,0.5745,1245.0,0.57512,112.0,0.57524,71.0
1753547123537,16:25:23.537,A/USDT:USDT,0.57465,8989.0,0.5745,1245.0,0.57512,112.0,0.57524,71.0
1753547123687,16:25:23.687,A/USDT:USDT,0.57465,8989.0,0.5745,1245.0,0.57512,112.0,0.57524,71.0
1753547123838,16:25:23.838,A/USDT:USDT,0.57465,8989.0,0.5745,1245.0,0.57512,112.0,0.57524,71.0
