timestamp,time,exchange,symbol,bid1_price,bid1_volume,bid2_price,bid2_volume,ask1_price,ask1_volume,ask2_price,ask2_volume
1753591899222,04:51:39.222,bitmex,ADA/USDT:USDT,0.832,27000.0,0.8319,83000.0,0.8322,405000.0,0.8323,8000.0
1753591899586,04:51:39.586,bitmex,ADA/USDT:USDT,0.8323,27000.0,0.8322,83000.0,0.8324,1000.0,0.8325,88000.0
1753591899635,04:51:39.635,bitmex,ADA/USDT:USDT,0.8323,27000.0,0.8322,83000.0,0.8325,88000.0,0.8326,50000.0
1753591899684,04:51:39.684,bitmex,ADA/USDT:USDT,0.8323,56000.0,0.8322,91000.0,0.8324,27000.0,0.8325,80000.0
1753591899733,04:51:39.733,bitmex,ADA/USDT:USDT,0.8323,56000.0,0.8322,91000.0,0.8324,27000.0,0.8325,80000.0
1753591899882,04:51:39.882,bitmex,ADA/USDT:USDT,0.8325,27000.0,0.8324,27000.0,0.8327,8000.0,0.8328,50000.0
1753591899931,04:51:39.931,bitmex,ADA/USDT:USDT,0.8325,27000.0,0.8324,83000.0,0.8327,8000.0,0.8328,50000.0
1753591899980,04:51:39.980,bitmex,ADA/USDT:USDT,0.8325,27000.0,0.8324,83000.0,0.8327,8000.0,0.8328,50000.0
1753591900029,04:51:40.029,bitmex,ADA/USDT:USDT,0.8325,27000.0,0.8324,83000.0,0.8326,405000.0,0.8327,8000.0
1753591900078,04:51:40.078,bitmex,ADA/USDT:USDT,0.8324,56000.0,0.8321,8000.0,0.8326,405000.0,0.8327,8000.0
1753591900127,04:51:40.127,bitmex,ADA/USDT:USDT,0.8324,56000.0,0.8323,83000.0,0.8326,405000.0,0.8327,8000.0
1753591900176,04:51:40.176,bitmex,ADA/USDT:USDT,0.8323,56000.0,0.8322,71000.0,0.8326,405000.0,0.8327,8000.0
1753591900327,04:51:40.327,bitmex,ADA/USDT:USDT,0.8323,64000.0,0.8322,71000.0,0.8326,405000.0,0.8327,8000.0
1753591900376,04:51:40.376,bitmex,ADA/USDT:USDT,0.8323,64000.0,0.8322,71000.0,0.8326,405000.0,0.8327,8000.0
1753591900441,04:51:40.441,bitmex,ADA/USDT:USDT,0.8323,64000.0,0.8322,71000.0,0.8326,405000.0,0.8327,8000.0
1753591900617,04:51:40.617,bitmex,ADA/USDT:USDT,0.8323,64000.0,0.8322,71000.0,0.8326,405000.0,0.8327,8000.0
1753591900666,04:51:40.666,bitmex,ADA/USDT:USDT,0.8323,64000.0,0.8322,71000.0,0.8326,405000.0,0.8327,8000.0
1753591900715,04:51:40.715,bitmex,ADA/USDT:USDT,0.8323,64000.0,0.8322,71000.0,0.8326,405000.0,0.8327,8000.0
1753591901159,04:51:41.159,bitmex,ADA/USDT:USDT,0.8323,64000.0,0.8322,71000.0,0.8326,405000.0,0.8327,8000.0
1753591901320,04:51:41.320,bitmex,ADA/USDT:USDT,0.8323,64000.0,0.8322,71000.0,0.8326,405000.0,0.8327,8000.0
1753591901370,04:51:41.370,bitmex,ADA/USDT:USDT,0.8323,64000.0,0.8322,71000.0,0.8326,405000.0,0.8327,8000.0
1753591902659,04:51:42.659,bitmex,ADA/USDT:USDT,0.8323,64000.0,0.8322,71000.0,0.8326,405000.0,0.8327,8000.0
1753591902708,04:51:42.708,bitmex,ADA/USDT:USDT,0.8323,64000.0,0.8322,71000.0,0.8326,405000.0,0.8327,8000.0
1753591902830,04:51:42.830,bitmex,ADA/USDT:USDT,0.8325,27000.0,0.8323,64000.0,0.8326,405000.0,0.8327,8000.0
1753591902879,04:51:42.879,bitmex,ADA/USDT:USDT,0.8325,27000.0,0.8324,91000.0,0.8326,405000.0,0.8327,8000.0
1753591902928,04:51:42.928,bitmex,ADA/USDT:USDT,0.8325,27000.0,0.8324,91000.0,0.8326,405000.0,0.8327,8000.0
1753591903043,04:51:43.043,bitmex,ADA/USDT:USDT,0.8325,27000.0,0.8324,83000.0,0.8326,405000.0,0.8327,8000.0
1753591903093,04:51:43.093,bitmex,ADA/USDT:USDT,0.8324,56000.0,0.8323,91000.0,0.8325,27000.0,0.8326,405000.0
1753591903173,04:51:43.173,bitmex,ADA/USDT:USDT,0.8324,56000.0,0.8323,91000.0,0.8326,405000.0,0.8327,8000.0
1753591903222,04:51:43.222,bitmex,ADA/USDT:USDT,0.8324,56000.0,0.8323,91000.0,0.8326,405000.0,0.8327,8000.0
1753591903271,04:51:43.271,bitmex,ADA/USDT:USDT,0.8324,56000.0,0.8323,91000.0,0.8326,405000.0,0.8327,8000.0
1753591903673,04:51:43.673,bitmex,ADA/USDT:USDT,0.8325,27000.0,0.8324,56000.0,0.8326,405000.0,0.8327,8000.0
1753591903722,04:51:43.722,bitmex,ADA/USDT:USDT,0.8325,35000.0,0.8324,64000.0,0.8326,405000.0,0.8328,49000.0
1753591903771,04:51:43.771,bitmex,ADA/USDT:USDT,0.8326,56000.0,0.8325,91000.0,0.8327,27000.0,0.8328,49000.0
1753591903820,04:51:43.820,bitmex,ADA/USDT:USDT,0.8326,56000.0,0.8325,91000.0,0.8327,27000.0,0.8328,49000.0
1753591903869,04:51:43.869,bitmex,ADA/USDT:USDT,0.8326,56000.0,0.8325,91000.0,0.8327,431000.0,0.833,9000.0
1753591904223,04:51:44.223,bitmex,ADA/USDT:USDT,0.8326,56000.0,0.8325,83000.0,0.8327,431000.0,0.833,9000.0
1753591904412,04:51:44.412,bitmex,ADA/USDT:USDT,0.8326,56000.0,0.8325,83000.0,0.8327,431000.0,0.833,9000.0
1753591904588,04:51:44.588,bitmex,ADA/USDT:USDT,0.8326,56000.0,0.8325,83000.0,0.8327,431000.0,0.833,9000.0
1753591904638,04:51:44.638,bitmex,ADA/USDT:USDT,0.8326,56000.0,0.8325,83000.0,0.8327,431000.0,0.833,9000.0
1753591904778,04:51:44.778,bitmex,ADA/USDT:USDT,0.8326,56000.0,0.8325,83000.0,0.8327,431000.0,0.833,9000.0
1753591904827,04:51:44.827,bitmex,ADA/USDT:USDT,0.8326,56000.0,0.8325,83000.0,0.8327,431000.0,0.833,9000.0
1753591905044,04:51:45.044,bitmex,ADA/USDT:USDT,0.8326,56000.0,0.8325,83000.0,0.8327,404000.0,0.833,9000.0
1753591905176,04:51:45.176,bitmex,ADA/USDT:USDT,0.8326,27000.0,0.8325,83000.0,0.8327,404000.0,0.833,9000.0
1753591905225,04:51:45.225,bitmex,ADA/USDT:USDT,0.8325,56000.0,0.8324,91000.0,0.8327,404000.0,0.833,9000.0
1753591905274,04:51:45.274,bitmex,ADA/USDT:USDT,0.8325,56000.0,0.8324,91000.0,0.8327,404000.0,0.833,9000.0
1753591905588,04:51:45.588,bitmex,ADA/USDT:USDT,0.8325,56000.0,0.8324,91000.0,0.8327,404000.0,0.833,9000.0
1753591905638,04:51:45.638,bitmex,ADA/USDT:USDT,0.8325,56000.0,0.8324,91000.0,0.8327,404000.0,0.833,9000.0
1753591905863,04:51:45.863,bitmex,ADA/USDT:USDT,0.8325,56000.0,0.8324,91000.0,0.8327,404000.0,0.833,9000.0
1753591905913,04:51:45.913,bitmex,ADA/USDT:USDT,0.8325,56000.0,0.8324,91000.0,0.8327,404000.0,0.833,9000.0
1753591906539,04:51:46.539,bitmex,ADA/USDT:USDT,0.8325,56000.0,0.8324,91000.0,0.8327,404000.0,0.833,9000.0
1753591906589,04:51:46.589,bitmex,ADA/USDT:USDT,0.8325,56000.0,0.8324,91000.0,0.8327,404000.0,0.833,9000.0
1753591907830,04:51:47.830,bitmex,ADA/USDT:USDT,0.8325,56000.0,0.8324,91000.0,0.8327,404000.0,0.833,9000.0
1753591908605,04:51:48.605,bitmex,ADA/USDT:USDT,0.8325,56000.0,0.8324,91000.0,0.8327,404000.0,0.833,9000.0
1753591908655,04:51:48.655,bitmex,ADA/USDT:USDT,0.8325,56000.0,0.8324,91000.0,0.8327,404000.0,0.833,9000.0
1753591908815,04:51:48.815,bitmex,ADA/USDT:USDT,0.8325,56000.0,0.8324,91000.0,0.8327,404000.0,0.833,9000.0
1753591908865,04:51:48.865,bitmex,ADA/USDT:USDT,0.8325,56000.0,0.8324,91000.0,0.8327,404000.0,0.833,9000.0
1753591909786,04:51:49.786,bitmex,ADA/USDT:USDT,0.8325,56000.0,0.8324,91000.0,0.8327,404000.0,0.833,9000.0
1753591910217,04:51:50.217,bitmex,ADA/USDT:USDT,0.8325,56000.0,0.8324,91000.0,0.8327,404000.0,0.833,9000.0
1753591910267,04:51:50.267,bitmex,ADA/USDT:USDT,0.8325,56000.0,0.8324,91000.0,0.8327,404000.0,0.833,9000.0
1753591910771,04:51:50.771,bitmex,ADA/USDT:USDT,0.8325,56000.0,0.8324,91000.0,0.8327,404000.0,0.833,9000.0
1753591910821,04:51:50.821,bitmex,ADA/USDT:USDT,0.8325,56000.0,0.8324,91000.0,0.8327,404000.0,0.833,9000.0
1753591911758,04:51:51.758,bitmex,ADA/USDT:USDT,0.8325,27000.0,0.8324,91000.0,0.8327,404000.0,0.833,9000.0
1753591911808,04:51:51.808,bitmex,ADA/USDT:USDT,0.8323,56000.0,0.8322,83000.0,0.8326,8000.0,0.8327,404000.0
1753591911857,04:51:51.857,bitmex,ADA/USDT:USDT,0.8323,56000.0,0.8322,83000.0,0.8326,8000.0,0.8327,404000.0
1753591911906,04:51:51.906,bitmex,ADA/USDT:USDT,0.8323,56000.0,0.8322,83000.0,0.8326,8000.0,0.8327,404000.0
1753591911962,04:51:51.962,bitmex,ADA/USDT:USDT,0.8323,64000.0,0.8322,83000.0,0.8326,8000.0,0.8327,404000.0
1753591912012,04:51:52.012,bitmex,ADA/USDT:USDT,0.8325,27000.0,0.8324,83000.0,0.8327,404000.0,0.833,9000.0
1753591912090,04:51:52.090,bitmex,ADA/USDT:USDT,0.8325,27000.0,0.8324,83000.0,0.8327,404000.0,0.833,9000.0
1753591912140,04:51:52.140,bitmex,ADA/USDT:USDT,0.8326,27000.0,0.8325,91000.0,0.8329,8000.0,0.833,9000.0
1753591912189,04:51:52.189,bitmex,ADA/USDT:USDT,0.8326,27000.0,0.8325,91000.0,0.8329,8000.0,0.833,9000.0
1753591912238,04:51:52.238,bitmex,ADA/USDT:USDT,0.8326,27000.0,0.8325,91000.0,0.8327,404000.0,0.8329,8000.0
1753591912409,04:51:52.409,bitmex,ADA/USDT:USDT,0.8326,27000.0,0.8325,91000.0,0.8327,404000.0,0.8329,8000.0
1753591912459,04:51:52.459,bitmex,ADA/USDT:USDT,0.8326,27000.0,0.8325,91000.0,0.8327,404000.0,0.8329,8000.0
1753591912685,04:51:52.685,bitmex,ADA/USDT:USDT,0.8326,27000.0,0.8325,91000.0,0.8327,404000.0,0.8329,8000.0
1753591912735,04:51:52.735,bitmex,ADA/USDT:USDT,0.8326,27000.0,0.8325,91000.0,0.8327,404000.0,0.8329,8000.0
1753591913339,04:51:53.339,bitmex,ADA/USDT:USDT,0.8326,27000.0,0.8325,91000.0,0.8327,404000.0,0.8329,8000.0
1753591913585,04:51:53.585,bitmex,ADA/USDT:USDT,0.8326,27000.0,0.8325,91000.0,0.8327,404000.0,0.8329,8000.0
1753591913635,04:51:53.635,bitmex,ADA/USDT:USDT,0.8326,27000.0,0.8325,91000.0,0.8327,404000.0,0.8329,8000.0
1753591913889,04:51:53.889,bitmex,ADA/USDT:USDT,0.8326,27000.0,0.8325,91000.0,0.8327,404000.0,0.8329,8000.0
1753591914369,04:51:54.369,bitmex,ADA/USDT:USDT,0.8326,27000.0,0.8325,91000.0,0.8327,404000.0,0.8329,8000.0
1753591914634,04:51:54.634,bitmex,ADA/USDT:USDT,0.8326,27000.0,0.8325,91000.0,0.8327,404000.0,0.8329,8000.0
1753591914700,04:51:54.700,bitmex,ADA/USDT:USDT,0.8326,27000.0,0.8325,91000.0,0.8327,404000.0,0.8329,8000.0
1753591914749,04:51:54.749,bitmex,ADA/USDT:USDT,0.8326,27000.0,0.8325,91000.0,0.8327,404000.0,0.8329,8000.0
1753591914814,04:51:54.814,bitmex,ADA/USDT:USDT,0.8326,27000.0,0.8325,83000.0,0.8327,404000.0,0.8329,8000.0
1753591914864,04:51:54.864,bitmex,ADA/USDT:USDT,0.8325,56000.0,0.8324,83000.0,0.8326,27000.0,0.8327,404000.0
1753591915726,04:51:55.726,bitmex,ADA/USDT:USDT,0.8325,56000.0,0.8324,83000.0,0.8326,27000.0,0.8327,404000.0
1753591916043,04:51:56.043,bitmex,ADA/USDT:USDT,0.8325,27000.0,0.8324,83000.0,0.8326,27000.0,0.8327,404000.0
1753591916092,04:51:56.092,bitmex,ADA/USDT:USDT,0.8324,56000.0,0.8323,79000.0,0.8326,27000.0,0.8327,404000.0
1753591916141,04:51:56.141,bitmex,ADA/USDT:USDT,0.8324,56000.0,0.8323,79000.0,0.8326,27000.0,0.8327,404000.0
1753591916377,04:51:56.377,bitmex,ADA/USDT:USDT,0.8324,56000.0,0.8323,79000.0,0.8326,27000.0,0.8327,404000.0
1753591916486,04:51:56.486,bitmex,ADA/USDT:USDT,0.8324,56000.0,0.8323,79000.0,0.8326,27000.0,0.8327,404000.0
1753591916536,04:51:56.536,bitmex,ADA/USDT:USDT,0.8324,56000.0,0.8323,79000.0,0.8326,27000.0,0.8327,404000.0
1753591916644,04:51:56.644,bitmex,ADA/USDT:USDT,0.8324,56000.0,0.8323,79000.0,0.8326,27000.0,0.8327,404000.0
1753591916693,04:51:56.693,bitmex,ADA/USDT:USDT,0.8324,56000.0,0.8323,79000.0,0.8326,27000.0,0.8327,404000.0
1753591916742,04:51:56.742,bitmex,ADA/USDT:USDT,0.8324,56000.0,0.8323,79000.0,0.8326,35000.0,0.8327,404000.0
1753591916852,04:51:56.852,bitmex,ADA/USDT:USDT,0.8324,56000.0,0.8323,79000.0,0.8326,35000.0,0.8327,404000.0
1753591917010,04:51:57.010,bitmex,ADA/USDT:USDT,0.8324,56000.0,0.8323,79000.0,0.8326,35000.0,0.8327,404000.0
1753591917187,04:51:57.187,bitmex,ADA/USDT:USDT,0.8324,56000.0,0.8323,79000.0,0.8326,35000.0,0.8327,404000.0
1753591917236,04:51:57.236,bitmex,ADA/USDT:USDT,0.8324,56000.0,0.8323,79000.0,0.8326,35000.0,0.8327,404000.0
1753591917741,04:51:57.741,bitmex,ADA/USDT:USDT,0.8324,56000.0,0.8323,79000.0,0.8326,35000.0,0.8327,404000.0
1753591917790,04:51:57.790,bitmex,ADA/USDT:USDT,0.8324,56000.0,0.8323,79000.0,0.8326,35000.0,0.8327,404000.0
1753591918080,04:51:58.080,bitmex,ADA/USDT:USDT,0.8324,56000.0,0.8323,79000.0,0.8326,27000.0,0.8327,404000.0
1753591918417,04:51:58.417,bitmex,ADA/USDT:USDT,0.8324,56000.0,0.8323,79000.0,0.8326,27000.0,0.8327,404000.0
1753591918467,04:51:58.467,bitmex,ADA/USDT:USDT,0.8324,56000.0,0.8323,79000.0,0.8326,27000.0,0.8327,404000.0
1753591919062,04:51:59.062,bitmex,ADA/USDT:USDT,0.8324,56000.0,0.8323,79000.0,0.8326,35000.0,0.8327,404000.0
1753591920431,04:52:00.431,bitmex,ADA/USDT:USDT,0.8324,56000.0,0.8323,71000.0,0.8326,35000.0,0.8327,404000.0
1753591920480,04:52:00.480,bitmex,ADA/USDT:USDT,0.8323,56000.0,0.8322,83000.0,0.8326,35000.0,0.8327,404000.0
1753591920529,04:52:00.529,bitmex,ADA/USDT:USDT,0.8323,56000.0,0.8322,83000.0,0.8325,8000.0,0.8326,35000.0
1753591920578,04:52:00.578,bitmex,ADA/USDT:USDT,0.8323,56000.0,0.8322,83000.0,0.8325,8000.0,0.8326,35000.0
1753591920751,04:52:00.751,bitmex,ADA/USDT:USDT,0.8323,56000.0,0.8322,83000.0,0.8325,8000.0,0.8326,35000.0
1753591920801,04:52:00.801,bitmex,ADA/USDT:USDT,0.8323,56000.0,0.8322,83000.0,0.8325,8000.0,0.8326,35000.0
1753591920942,04:52:00.942,bitmex,ADA/USDT:USDT,0.8323,56000.0,0.8322,83000.0,0.8325,8000.0,0.8326,35000.0
1753591921190,04:52:01.190,bitmex,ADA/USDT:USDT,0.8323,56000.0,0.8322,83000.0,0.8326,35000.0,0.8327,404000.0
1753591921240,04:52:01.240,bitmex,ADA/USDT:USDT,0.8324,27000.0,0.8323,56000.0,0.8326,35000.0,0.8327,404000.0
1753591921289,04:52:01.289,bitmex,ADA/USDT:USDT,0.8324,27000.0,0.8323,56000.0,0.8326,35000.0,0.8327,404000.0
1753591921338,04:52:01.338,bitmex,ADA/USDT:USDT,0.8324,27000.0,0.8323,56000.0,0.8326,35000.0,0.8327,404000.0
1753591921499,04:52:01.499,bitmex,ADA/USDT:USDT,0.8324,27000.0,0.8323,56000.0,0.8326,35000.0,0.8327,404000.0
1753591921548,04:52:01.548,bitmex,ADA/USDT:USDT,0.8325,27000.0,0.8324,91000.0,0.8327,404000.0,0.8328,50000.0
1753591921598,04:52:01.598,bitmex,ADA/USDT:USDT,0.8325,27000.0,0.8324,91000.0,0.8327,404000.0,0.8328,49000.0
1753591921651,04:52:01.651,bitmex,ADA/USDT:USDT,0.8326,27000.0,0.8325,91000.0,0.8327,404000.0,0.8328,49000.0
1753591921702,04:52:01.702,bitmex,ADA/USDT:USDT,0.8326,27000.0,0.8325,91000.0,0.8327,404000.0,0.8328,8000.0
1753591921809,04:52:01.809,bitmex,ADA/USDT:USDT,0.8326,27000.0,0.8325,91000.0,0.8327,404000.0,0.833,58000.0
1753591921860,04:52:01.860,bitmex,ADA/USDT:USDT,0.8326,27000.0,0.8325,91000.0,0.8327,404000.0,0.8329,8000.0
1753591921910,04:52:01.910,bitmex,ADA/USDT:USDT,0.8326,27000.0,0.8325,91000.0,0.8327,404000.0,0.8329,8000.0
1753591921968,04:52:01.968,bitmex,ADA/USDT:USDT,0.8326,27000.0,0.8325,91000.0,0.8329,8000.0,0.833,58000.0
1753591922017,04:52:02.017,bitmex,ADA/USDT:USDT,0.8327,27000.0,0.8326,83000.0,0.8329,8000.0,0.833,58000.0
1753591922066,04:52:02.066,bitmex,ADA/USDT:USDT,0.8327,27000.0,0.8326,83000.0,0.8328,404000.0,0.8329,8000.0
1753591922116,04:52:02.116,bitmex,ADA/USDT:USDT,0.8327,27000.0,0.8326,83000.0,0.8328,404000.0,0.8329,8000.0
1753591922165,04:52:02.165,bitmex,ADA/USDT:USDT,0.8327,27000.0,0.8326,83000.0,0.8328,404000.0,0.8329,8000.0
1753591922214,04:52:02.214,bitmex,ADA/USDT:USDT,0.8327,27000.0,0.8326,83000.0,0.8328,404000.0,0.8329,8000.0
1753591922263,04:52:02.263,bitmex,ADA/USDT:USDT,0.8326,56000.0,0.8325,8000.0,0.8328,404000.0,0.8329,8000.0
1753591922312,04:52:02.312,bitmex,ADA/USDT:USDT,0.8326,56000.0,0.8325,83000.0,0.8328,404000.0,0.8329,8000.0
1753591922361,04:52:02.361,bitmex,ADA/USDT:USDT,0.8325,56000.0,0.8324,8000.0,0.8328,404000.0,0.8329,8000.0
1753591922410,04:52:02.410,bitmex,ADA/USDT:USDT,0.8325,56000.0,0.8324,91000.0,0.8328,404000.0,0.8329,8000.0
1753591922459,04:52:02.459,bitmex,ADA/USDT:USDT,0.8325,56000.0,0.8324,91000.0,0.8328,404000.0,0.8329,8000.0
1753591922508,04:52:02.508,bitmex,ADA/USDT:USDT,0.8325,56000.0,0.8324,91000.0,0.8327,8000.0,0.8328,404000.0
1753591922580,04:52:02.580,bitmex,ADA/USDT:USDT,0.8325,56000.0,0.8324,91000.0,0.8328,404000.0,0.8329,8000.0
1753591922991,04:52:02.991,bitmex,ADA/USDT:USDT,0.8325,56000.0,0.8324,91000.0,0.8328,404000.0,0.8329,8000.0
1753591923041,04:52:03.041,bitmex,ADA/USDT:USDT,0.8325,56000.0,0.8324,91000.0,0.8328,404000.0,0.8329,8000.0
1753591923090,04:52:03.090,bitmex,ADA/USDT:USDT,0.8325,56000.0,0.8324,91000.0,0.8328,404000.0,0.8329,8000.0
1753591923217,04:52:03.217,bitmex,ADA/USDT:USDT,0.8325,56000.0,0.8324,91000.0,0.8328,404000.0,0.8329,8000.0
1753591923267,04:52:03.267,bitmex,ADA/USDT:USDT,0.8325,56000.0,0.8324,91000.0,0.8328,404000.0,0.8329,8000.0
1753591923330,04:52:03.330,bitmex,ADA/USDT:USDT,0.8325,56000.0,0.8324,91000.0,0.8328,404000.0,0.8329,8000.0
1753591923380,04:52:03.380,bitmex,ADA/USDT:USDT,0.8325,56000.0,0.8324,91000.0,0.8328,404000.0,0.8329,8000.0
1753591923507,04:52:03.507,bitmex,ADA/USDT:USDT,0.8325,56000.0,0.8324,91000.0,0.8328,404000.0,0.8329,8000.0
1753591923626,04:52:03.626,bitmex,ADA/USDT:USDT,0.8325,56000.0,0.8324,91000.0,0.8328,404000.0,0.8329,8000.0
1753591923737,04:52:03.737,bitmex,ADA/USDT:USDT,0.8325,56000.0,0.8324,91000.0,0.8328,404000.0,0.8329,8000.0
1753591923786,04:52:03.786,bitmex,ADA/USDT:USDT,0.8325,56000.0,0.8324,91000.0,0.8328,404000.0,0.8329,8000.0
1753591924030,04:52:04.030,bitmex,ADA/USDT:USDT,0.8325,56000.0,0.8324,91000.0,0.8328,404000.0,0.8329,8000.0
1753591924201,04:52:04.201,bitmex,ADA/USDT:USDT,0.8325,64000.0,0.8324,91000.0,0.8328,404000.0,0.8329,8000.0
1753591924250,04:52:04.250,bitmex,ADA/USDT:USDT,0.8326,8000.0,0.8325,64000.0,0.8328,404000.0,0.8329,8000.0
1753591924299,04:52:04.299,bitmex,ADA/USDT:USDT,0.8327,27000.0,0.8326,91000.0,0.8328,404000.0,0.8329,8000.0
1753591924348,04:52:04.348,bitmex,ADA/USDT:USDT,0.8327,27000.0,0.8326,91000.0,0.8328,404000.0,0.8329,8000.0
1753591924397,04:52:04.397,bitmex,ADA/USDT:USDT,0.8327,27000.0,0.8326,91000.0,0.8328,404000.0,0.8329,8000.0
1753591924446,04:52:04.446,bitmex,ADA/USDT:USDT,0.8326,56000.0,0.8325,91000.0,0.8327,27000.0,0.8328,404000.0
1753591924495,04:52:04.495,bitmex,ADA/USDT:USDT,0.8326,56000.0,0.8325,91000.0,0.8328,404000.0,0.8329,8000.0
1753591924622,04:52:04.622,bitmex,ADA/USDT:USDT,0.8326,56000.0,0.8325,91000.0,0.8329,8000.0,0.833,58000.0
1753591924671,04:52:04.671,bitmex,ADA/USDT:USDT,0.8327,27000.0,0.8326,56000.0,0.8329,8000.0,0.833,58000.0
1753591924720,04:52:04.720,bitmex,ADA/USDT:USDT,0.8327,27000.0,0.8326,56000.0,0.8329,8000.0,0.833,58000.0
1753591924769,04:52:04.769,bitmex,ADA/USDT:USDT,0.8327,27000.0,0.8326,56000.0,0.8328,404000.0,0.8329,8000.0
1753591924897,04:52:04.897,bitmex,ADA/USDT:USDT,0.8327,27000.0,0.8326,56000.0,0.8328,404000.0,0.8329,8000.0
1753591925162,04:52:05.162,bitmex,ADA/USDT:USDT,0.8327,27000.0,0.8326,56000.0,0.8328,404000.0,0.8329,8000.0
1753591925338,04:52:05.338,bitmex,ADA/USDT:USDT,0.8327,27000.0,0.8326,56000.0,0.8328,404000.0,0.8329,8000.0
1753591925504,04:52:05.504,bitmex,ADA/USDT:USDT,0.8327,27000.0,0.8326,56000.0,0.8328,404000.0,0.8329,8000.0
1753591925553,04:52:05.553,bitmex,ADA/USDT:USDT,0.8327,27000.0,0.8326,56000.0,0.8328,404000.0,0.8329,8000.0
1753591925602,04:52:05.602,bitmex,ADA/USDT:USDT,0.8327,27000.0,0.8326,56000.0,0.8328,404000.0,0.8329,8000.0
1753591926041,04:52:06.041,bitmex,ADA/USDT:USDT,0.8326,56000.0,0.8325,8000.0,0.8328,404000.0,0.8329,8000.0
1753591926090,04:52:06.090,bitmex,ADA/USDT:USDT,0.8326,56000.0,0.8325,8000.0,0.8328,404000.0,0.8329,8000.0
1753591926139,04:52:06.139,bitmex,ADA/USDT:USDT,0.8326,56000.0,0.8325,91000.0,0.8328,404000.0,0.8329,8000.0
1753591926188,04:52:06.188,bitmex,ADA/USDT:USDT,0.8326,56000.0,0.8325,91000.0,0.8328,404000.0,0.8329,8000.0
1753591926237,04:52:06.237,bitmex,ADA/USDT:USDT,0.8326,56000.0,0.8325,91000.0,0.8328,404000.0,0.8329,8000.0
1753591926588,04:52:06.588,bitmex,ADA/USDT:USDT,0.8326,56000.0,0.8325,91000.0,0.8328,404000.0,0.8329,8000.0
1753591926637,04:52:06.637,bitmex,ADA/USDT:USDT,0.8326,56000.0,0.8325,91000.0,0.8328,404000.0,0.8329,8000.0
1753591926686,04:52:06.686,bitmex,ADA/USDT:USDT,0.8326,56000.0,0.8325,91000.0,0.8328,404000.0,0.8329,8000.0
1753591926942,04:52:06.942,bitmex,ADA/USDT:USDT,0.8326,56000.0,0.8325,91000.0,0.8328,404000.0,0.8329,8000.0
1753591926997,04:52:06.997,bitmex,ADA/USDT:USDT,0.8327,27000.0,0.8326,56000.0,0.8328,404000.0,0.8329,8000.0
1753591927047,04:52:07.047,bitmex,ADA/USDT:USDT,0.8327,27000.0,0.8326,56000.0,0.8328,404000.0,0.8329,8000.0
1753591927096,04:52:07.096,bitmex,ADA/USDT:USDT,0.8327,27000.0,0.8326,56000.0,0.8328,404000.0,0.8329,8000.0
1753591927437,04:52:07.437,bitmex,ADA/USDT:USDT,0.8327,27000.0,0.8326,56000.0,0.8328,404000.0,0.8329,8000.0
1753591927487,04:52:07.487,bitmex,ADA/USDT:USDT,0.8326,56000.0,0.8325,8000.0,0.8327,27000.0,0.8328,404000.0
1753591927536,04:52:07.536,bitmex,ADA/USDT:USDT,0.8326,56000.0,0.8325,91000.0,0.8327,27000.0,0.8328,404000.0
1753591927872,04:52:07.872,bitmex,ADA/USDT:USDT,0.8326,56000.0,0.8325,91000.0,0.8328,404000.0,0.8329,8000.0
1753591927922,04:52:07.922,bitmex,ADA/USDT:USDT,0.8327,27000.0,0.8326,56000.0,0.8328,404000.0,0.8329,8000.0
1753591927971,04:52:07.971,bitmex,ADA/USDT:USDT,0.8327,27000.0,0.8326,56000.0,0.8328,404000.0,0.8329,8000.0
1753591928021,04:52:08.021,bitmex,ADA/USDT:USDT,0.8327,27000.0,0.8326,56000.0,0.8328,404000.0,0.8329,8000.0
1753591928070,04:52:08.070,bitmex,ADA/USDT:USDT,0.8327,27000.0,0.8326,56000.0,0.8328,404000.0,0.8329,8000.0
1753591928237,04:52:08.237,bitmex,ADA/USDT:USDT,0.8327,27000.0,0.8326,56000.0,0.8328,404000.0,0.8329,8000.0
1753591928287,04:52:08.287,bitmex,ADA/USDT:USDT,0.8327,27000.0,0.8326,56000.0,0.8328,404000.0,0.8329,8000.0
1753591928379,04:52:08.379,bitmex,ADA/USDT:USDT,0.8327,27000.0,0.8326,56000.0,0.8328,404000.0,0.8329,8000.0
1753591929053,04:52:09.053,bitmex,ADA/USDT:USDT,0.8327,27000.0,0.8326,56000.0,0.8328,404000.0,0.8329,8000.0
1753591929102,04:52:09.102,bitmex,ADA/USDT:USDT,0.8327,35000.0,0.8326,56000.0,0.8328,404000.0,0.833,57000.0
1753591929151,04:52:09.151,bitmex,ADA/USDT:USDT,0.8327,35000.0,0.8326,56000.0,0.8328,404000.0,0.833,57000.0
1753591929225,04:52:09.225,bitmex,ADA/USDT:USDT,0.8327,35000.0,0.8326,56000.0,0.8328,404000.0,0.833,57000.0
1753591929275,04:52:09.275,bitmex,ADA/USDT:USDT,0.8327,35000.0,0.8326,56000.0,0.8328,404000.0,0.833,57000.0
1753591929324,04:52:09.324,bitmex,ADA/USDT:USDT,0.8327,35000.0,0.8326,56000.0,0.8328,404000.0,0.833,57000.0
1753591929405,04:52:09.405,bitmex,ADA/USDT:USDT,0.8327,27000.0,0.8326,56000.0,0.8328,404000.0,0.833,57000.0
1753591929454,04:52:09.454,bitmex,ADA/USDT:USDT,0.8327,27000.0,0.8326,56000.0,0.8328,404000.0,0.833,57000.0
1753591929503,04:52:09.503,bitmex,ADA/USDT:USDT,0.8327,27000.0,0.8326,56000.0,0.8328,404000.0,0.8329,8000.0
1753591929572,04:52:09.572,bitmex,ADA/USDT:USDT,0.8327,27000.0,0.8326,56000.0,0.8328,404000.0,0.833,57000.0
1753591929783,04:52:09.783,bitmex,ADA/USDT:USDT,0.8327,27000.0,0.8326,56000.0,0.8328,404000.0,0.8329,8000.0
1753591929866,04:52:09.866,bitmex,ADA/USDT:USDT,0.8327,27000.0,0.8326,56000.0,0.8328,404000.0,0.833,57000.0
1753591929915,04:52:09.915,bitmex,ADA/USDT:USDT,0.8327,27000.0,0.8326,56000.0,0.8328,404000.0,0.833,8000.0
1753591929988,04:52:09.988,bitmex,ADA/USDT:USDT,0.8327,27000.0,0.8326,56000.0,0.8328,404000.0,0.833,8000.0
1753591930988,04:52:10.988,bitmex,ADA/USDT:USDT,0.8327,27000.0,0.8326,56000.0,0.8328,404000.0,0.833,8000.0
1753591931037,04:52:11.037,bitmex,ADA/USDT:USDT,0.8327,27000.0,0.8326,56000.0,0.8328,404000.0,0.833,8000.0
1753591931120,04:52:11.120,bitmex,ADA/USDT:USDT,0.8327,35000.0,0.8326,56000.0,0.8328,404000.0,0.833,8000.0
1753591931217,04:52:11.217,bitmex,ADA/USDT:USDT,0.8327,27000.0,0.8326,56000.0,0.8328,404000.0,0.833,8000.0
1753591931635,04:52:11.635,bitmex,ADA/USDT:USDT,0.8327,27000.0,0.8326,56000.0,0.8328,404000.0,0.833,8000.0
1753591931849,04:52:11.849,bitmex,ADA/USDT:USDT,0.8326,56000.0,0.8324,8000.0,0.8328,404000.0,0.833,8000.0
1753591931899,04:52:11.899,bitmex,ADA/USDT:USDT,0.8326,56000.0,0.8325,84000.0,0.8328,404000.0,0.833,8000.0
1753591931948,04:52:11.948,bitmex,ADA/USDT:USDT,0.8327,27000.0,0.8326,56000.0,0.8328,404000.0,0.833,8000.0
1753591931997,04:52:11.997,bitmex,ADA/USDT:USDT,0.8327,27000.0,0.8326,64000.0,0.8328,404000.0,0.833,8000.0
1753591932046,04:52:12.046,bitmex,ADA/USDT:USDT,0.8327,27000.0,0.8326,64000.0,0.8328,404000.0,0.833,8000.0
1753591932099,04:52:12.099,bitmex,ADA/USDT:USDT,0.8327,27000.0,0.8326,64000.0,0.8328,404000.0,0.833,8000.0
1753591932148,04:52:12.148,bitmex,ADA/USDT:USDT,0.8327,27000.0,0.8326,56000.0,0.8328,404000.0,0.833,8000.0
1753591932818,04:52:12.818,bitmex,ADA/USDT:USDT,0.8327,27000.0,0.8326,56000.0,0.8328,404000.0,0.833,8000.0
1753591932868,04:52:12.868,bitmex,ADA/USDT:USDT,0.8327,27000.0,0.8326,56000.0,0.8328,404000.0,0.833,8000.0
1753591934302,04:52:14.302,bitmex,ADA/USDT:USDT,0.8327,27000.0,0.8326,56000.0,0.8328,404000.0,0.833,8000.0
1753591934470,04:52:14.470,bitmex,ADA/USDT:USDT,0.8327,27000.0,0.8326,56000.0,0.8328,404000.0,0.833,8000.0
1753591934613,04:52:14.613,bitmex,ADA/USDT:USDT,0.8327,27000.0,0.8326,56000.0,0.8328,404000.0,0.833,8000.0
1753591934822,04:52:14.822,bitmex,ADA/USDT:USDT,0.8327,27000.0,0.8326,56000.0,0.8328,404000.0,0.833,8000.0
1753591935006,04:52:15.006,bitmex,ADA/USDT:USDT,0.8327,27000.0,0.8326,56000.0,0.8328,404000.0,0.833,8000.0
1753591935055,04:52:15.055,bitmex,ADA/USDT:USDT,0.8327,27000.0,0.8326,56000.0,0.8328,404000.0,0.833,8000.0
1753591935132,04:52:15.132,bitmex,ADA/USDT:USDT,0.8327,27000.0,0.8326,56000.0,0.8328,404000.0,0.833,8000.0
1753591935246,04:52:15.246,bitmex,ADA/USDT:USDT,0.8327,27000.0,0.8326,56000.0,0.8328,404000.0,0.833,8000.0
1753591935296,04:52:15.296,bitmex,ADA/USDT:USDT,0.8327,27000.0,0.8326,56000.0,0.833,8000.0,0.8332,58000.0
1753591935345,04:52:15.345,bitmex,ADA/USDT:USDT,0.8327,27000.0,0.8326,56000.0,0.833,8000.0,0.8332,58000.0
1753591935394,04:52:15.394,bitmex,ADA/USDT:USDT,0.8327,27000.0,0.8326,56000.0,0.8329,404000.0,0.833,8000.0
1753591935607,04:52:15.607,bitmex,ADA/USDT:USDT,0.8327,27000.0,0.8326,56000.0,0.8329,404000.0,0.833,8000.0
1753591935656,04:52:15.656,bitmex,ADA/USDT:USDT,0.8327,27000.0,0.8326,56000.0,0.8329,404000.0,0.833,8000.0
1753591936410,04:52:16.410,bitmex,ADA/USDT:USDT,0.8327,27000.0,0.8326,56000.0,0.8329,404000.0,0.833,8000.0
1753591936679,04:52:16.679,bitmex,ADA/USDT:USDT,0.8327,27000.0,0.8326,56000.0,0.8329,404000.0,0.833,8000.0
1753591936905,04:52:16.905,bitmex,ADA/USDT:USDT,0.8327,27000.0,0.8326,56000.0,0.8329,404000.0,0.833,8000.0
1753591936954,04:52:16.954,bitmex,ADA/USDT:USDT,0.8327,27000.0,0.8326,56000.0,0.8329,404000.0,0.833,8000.0
1753591937483,04:52:17.483,bitmex,ADA/USDT:USDT,0.8327,27000.0,0.8326,56000.0,0.8329,404000.0,0.833,8000.0
1753591937532,04:52:17.532,bitmex,ADA/USDT:USDT,0.8327,27000.0,0.8326,56000.0,0.8329,404000.0,0.833,8000.0
1753591937618,04:52:17.618,bitmex,ADA/USDT:USDT,0.8327,27000.0,0.8326,56000.0,0.8329,404000.0,0.833,8000.0
1753591937667,04:52:17.667,bitmex,ADA/USDT:USDT,0.8327,27000.0,0.8326,56000.0,0.8329,404000.0,0.833,8000.0
1753591938126,04:52:18.126,bitmex,ADA/USDT:USDT,0.8327,27000.0,0.8326,56000.0,0.8329,404000.0,0.833,8000.0
1753591938176,04:52:18.176,bitmex,ADA/USDT:USDT,0.8327,27000.0,0.8326,56000.0,0.8329,404000.0,0.833,8000.0
1753591938786,04:52:18.786,bitmex,ADA/USDT:USDT,0.8327,27000.0,0.8326,56000.0,0.8329,404000.0,0.833,8000.0
1753591938835,04:52:18.835,bitmex,ADA/USDT:USDT,0.8327,27000.0,0.8326,56000.0,0.8329,404000.0,0.833,8000.0
1753591939193,04:52:19.193,bitmex,ADA/USDT:USDT,0.8327,27000.0,0.8326,56000.0,0.8329,404000.0,0.833,8000.0
1753591939242,04:52:19.242,bitmex,ADA/USDT:USDT,0.8327,27000.0,0.8326,56000.0,0.8329,404000.0,0.833,8000.0
1753591939806,04:52:19.806,bitmex,ADA/USDT:USDT,0.8327,27000.0,0.8326,56000.0,0.8329,404000.0,0.833,8000.0
1753591939856,04:52:19.856,bitmex,ADA/USDT:USDT,0.8327,27000.0,0.8326,56000.0,0.8329,404000.0,0.833,8000.0
1753591940739,04:52:20.739,bitmex,ADA/USDT:USDT,0.8327,27000.0,0.8326,56000.0,0.8329,404000.0,0.833,8000.0
1753591940788,04:52:20.788,bitmex,ADA/USDT:USDT,0.8328,27000.0,0.8327,84000.0,0.8329,404000.0,0.833,8000.0
1753591940873,04:52:20.873,bitmex,ADA/USDT:USDT,0.8328,27000.0,0.8327,84000.0,0.8329,404000.0,0.833,8000.0
1753591941087,04:52:21.087,bitmex,ADA/USDT:USDT,0.8328,27000.0,0.8327,84000.0,0.8329,404000.0,0.833,8000.0
1753591941138,04:52:21.138,bitmex,ADA/USDT:USDT,0.8328,27000.0,0.8327,84000.0,0.8329,404000.0,0.833,8000.0
1753591941187,04:52:21.187,bitmex,ADA/USDT:USDT,0.8328,27000.0,0.8327,84000.0,0.8329,404000.0,0.833,8000.0
1753591941507,04:52:21.507,bitmex,ADA/USDT:USDT,0.8328,27000.0,0.8327,84000.0,0.8329,404000.0,0.833,8000.0
1753591941739,04:52:21.739,bitmex,ADA/USDT:USDT,0.8328,27000.0,0.8327,84000.0,0.8329,404000.0,0.833,8000.0
1753591942024,04:52:22.024,bitmex,ADA/USDT:USDT,0.8328,27000.0,0.8327,84000.0,0.8329,404000.0,0.833,8000.0
1753591942418,04:52:22.418,bitmex,ADA/USDT:USDT,0.8328,27000.0,0.8327,84000.0,0.8329,404000.0,0.833,8000.0
1753591942468,04:52:22.468,bitmex,ADA/USDT:USDT,0.8328,27000.0,0.8327,84000.0,0.8329,404000.0,0.833,8000.0
1753591942787,04:52:22.787,bitmex,ADA/USDT:USDT,0.8328,27000.0,0.8327,84000.0,0.8329,404000.0,0.833,8000.0
1753591943174,04:52:23.174,bitmex,ADA/USDT:USDT,0.8328,27000.0,0.8327,84000.0,0.8329,404000.0,0.833,8000.0
1753591943223,04:52:23.223,bitmex,ADA/USDT:USDT,0.8328,35000.0,0.8327,84000.0,0.8329,404000.0,0.8331,8000.0
1753591943272,04:52:23.272,bitmex,ADA/USDT:USDT,0.8328,35000.0,0.8327,84000.0,0.8329,404000.0,0.8331,8000.0
1753591943321,04:52:23.321,bitmex,ADA/USDT:USDT,0.8328,35000.0,0.8327,84000.0,0.8329,404000.0,0.8331,8000.0
1753591943370,04:52:23.370,bitmex,ADA/USDT:USDT,0.8328,35000.0,0.8327,84000.0,0.8329,404000.0,0.8331,8000.0
1753591943419,04:52:23.419,bitmex,ADA/USDT:USDT,0.8328,35000.0,0.8327,84000.0,0.8329,404000.0,0.8332,57000.0
1753591943505,04:52:23.505,bitmex,ADA/USDT:USDT,0.8328,35000.0,0.8327,84000.0,0.8329,404000.0,0.8331,8000.0
1753591943572,04:52:23.572,bitmex,ADA/USDT:USDT,0.8328,27000.0,0.8327,84000.0,0.8329,404000.0,0.8331,8000.0
1753591943622,04:52:23.622,bitmex,ADA/USDT:USDT,0.8328,27000.0,0.8327,84000.0,0.8329,404000.0,0.8331,8000.0
1753591943757,04:52:23.757,bitmex,ADA/USDT:USDT,0.8328,27000.0,0.8327,84000.0,0.8329,404000.0,0.8331,8000.0
1753591943937,04:52:23.937,bitmex,ADA/USDT:USDT,0.8328,27000.0,0.8327,84000.0,0.8329,404000.0,0.8331,8000.0
1753591944011,04:52:24.011,bitmex,ADA/USDT:USDT,0.8328,27000.0,0.8327,84000.0,0.8329,404000.0,0.8331,8000.0
1753591944090,04:52:24.090,bitmex,ADA/USDT:USDT,0.8328,27000.0,0.8327,84000.0,0.8329,404000.0,0.8331,8000.0
1753591944140,04:52:24.140,bitmex,ADA/USDT:USDT,0.8328,27000.0,0.8327,84000.0,0.8329,404000.0,0.8331,8000.0
1753591944960,04:52:24.960,bitmex,ADA/USDT:USDT,0.8328,35000.0,0.8327,84000.0,0.8329,404000.0,0.8331,8000.0
1753591945009,04:52:25.009,bitmex,ADA/USDT:USDT,0.8329,56000.0,0.8328,35000.0,0.833,40000.0,0.8332,8000.0
1753591945058,04:52:25.058,bitmex,ADA/USDT:USDT,0.8329,56000.0,0.8328,35000.0,0.833,40000.0,0.8332,8000.0
1753591945107,04:52:25.107,bitmex,ADA/USDT:USDT,0.8329,56000.0,0.8328,35000.0,0.833,40000.0,0.8332,8000.0
1753591945156,04:52:25.156,bitmex,ADA/USDT:USDT,0.8329,56000.0,0.8328,35000.0,0.833,444000.0,0.8332,8000.0
1753591945205,04:52:25.205,bitmex,ADA/USDT:USDT,0.8329,56000.0,0.8328,35000.0,0.833,444000.0,0.8332,8000.0
1753591945254,04:52:25.254,bitmex,ADA/USDT:USDT,0.8329,56000.0,0.8328,35000.0,0.833,444000.0,0.8332,8000.0
1753591945342,04:52:25.342,bitmex,ADA/USDT:USDT,0.8329,56000.0,0.8328,35000.0,0.833,444000.0,0.8332,8000.0
1753591945426,04:52:25.426,bitmex,ADA/USDT:USDT,0.8329,56000.0,0.8328,35000.0,0.833,444000.0,0.8332,8000.0
1753591945521,04:52:25.521,bitmex,ADA/USDT:USDT,0.8329,56000.0,0.8328,35000.0,0.833,444000.0,0.8332,8000.0
1753591945571,04:52:25.571,bitmex,ADA/USDT:USDT,0.8329,56000.0,0.8328,35000.0,0.833,444000.0,0.8332,8000.0
1753591945695,04:52:25.695,bitmex,ADA/USDT:USDT,0.8329,56000.0,0.8328,35000.0,0.833,444000.0,0.8332,8000.0
1753591946533,04:52:26.533,bitmex,ADA/USDT:USDT,0.8329,56000.0,0.8328,27000.0,0.833,444000.0,0.8332,8000.0
1753591946583,04:52:26.583,bitmex,ADA/USDT:USDT,0.8326,27000.0,0.8325,8000.0,0.8329,8000.0,0.833,444000.0
1753591946632,04:52:26.632,bitmex,ADA/USDT:USDT,0.8326,35000.0,0.8325,92000.0,0.8329,8000.0,0.833,404000.0
1753591946788,04:52:26.788,bitmex,ADA/USDT:USDT,0.8326,35000.0,0.8325,92000.0,0.8329,8000.0,0.833,404000.0
1753591947004,04:52:27.004,bitmex,ADA/USDT:USDT,0.8326,35000.0,0.8325,92000.0,0.8329,8000.0,0.833,404000.0
1753591947439,04:52:27.439,bitmex,ADA/USDT:USDT,0.8326,35000.0,0.8325,92000.0,0.8329,8000.0,0.833,404000.0
1753591947701,04:52:27.701,bitmex,ADA/USDT:USDT,0.8326,35000.0,0.8325,92000.0,0.8329,8000.0,0.833,404000.0
1753591948090,04:52:28.090,bitmex,ADA/USDT:USDT,0.8326,35000.0,0.8325,92000.0,0.8329,8000.0,0.833,404000.0
1753591948139,04:52:28.139,bitmex,ADA/USDT:USDT,0.8326,35000.0,0.8325,92000.0,0.8329,8000.0,0.833,404000.0
1753591948350,04:52:28.350,bitmex,ADA/USDT:USDT,0.8326,35000.0,0.8325,92000.0,0.8329,8000.0,0.833,404000.0
1753591948618,04:52:28.618,bitmex,ADA/USDT:USDT,0.8326,35000.0,0.8325,92000.0,0.8329,8000.0,0.833,404000.0
1753591948667,04:52:28.667,bitmex,ADA/USDT:USDT,0.8326,35000.0,0.8325,92000.0,0.8329,8000.0,0.833,404000.0
1753591949138,04:52:29.138,bitmex,ADA/USDT:USDT,0.8326,35000.0,0.8325,92000.0,0.8329,8000.0,0.833,404000.0
1753591949187,04:52:29.187,bitmex,ADA/USDT:USDT,0.8326,35000.0,0.8325,92000.0,0.8329,8000.0,0.833,404000.0
1753591949236,04:52:29.236,bitmex,ADA/USDT:USDT,0.8326,27000.0,0.8325,92000.0,0.8329,8000.0,0.833,404000.0
1753591949858,04:52:29.858,bitmex,ADA/USDT:USDT,0.8326,27000.0,0.8325,92000.0,0.8329,8000.0,0.833,404000.0
1753591949907,04:52:29.907,bitmex,ADA/USDT:USDT,0.8326,27000.0,0.8325,84000.0,0.8329,8000.0,0.833,404000.0
1753591949956,04:52:29.956,bitmex,ADA/USDT:USDT,0.8326,27000.0,0.8325,84000.0,0.8329,8000.0,0.833,404000.0
1753591950006,04:52:30.006,bitmex,ADA/USDT:USDT,0.8323,8000.0,0.8322,147000.0,0.8329,8000.0,0.833,404000.0
1753591950056,04:52:30.056,bitmex,ADA/USDT:USDT,0.8323,8000.0,0.8322,147000.0,0.8329,8000.0,0.833,405000.0
1753591950105,04:52:30.105,bitmex,ADA/USDT:USDT,0.8323,8000.0,0.8322,147000.0,0.8329,8000.0,0.833,405000.0
1753591950154,04:52:30.154,bitmex,ADA/USDT:USDT,0.8323,8000.0,0.8322,147000.0,0.8329,8000.0,0.833,405000.0
1753591950276,04:52:30.276,bitmex,ADA/USDT:USDT,0.8323,8000.0,0.8322,147000.0,0.8329,8000.0,0.833,1000.0
1753591950546,04:52:30.546,bitmex,ADA/USDT:USDT,0.8326,27000.0,0.8325,92000.0,0.8327,404000.0,0.8329,8000.0
1753591950822,04:52:30.822,bitmex,ADA/USDT:USDT,0.8326,27000.0,0.8325,92000.0,0.8327,404000.0,0.8329,8000.0
1753591951059,04:52:31.059,bitmex,ADA/USDT:USDT,0.8326,27000.0,0.8325,84000.0,0.8327,404000.0,0.8329,8000.0
1753591951124,04:52:31.124,bitmex,ADA/USDT:USDT,0.8326,27000.0,0.8325,84000.0,0.8327,404000.0,0.8329,8000.0
1753591951173,04:52:31.173,bitmex,ADA/USDT:USDT,0.8326,27000.0,0.8325,84000.0,0.8327,404000.0,0.8329,8000.0
1753591951247,04:52:31.247,bitmex,ADA/USDT:USDT,0.8326,27000.0,0.8325,84000.0,0.8327,404000.0,0.8329,8000.0
1753591951296,04:52:31.296,bitmex,ADA/USDT:USDT,0.8325,56000.0,0.8324,92000.0,0.8327,404000.0,0.8329,8000.0
1753591951375,04:52:31.375,bitmex,ADA/USDT:USDT,0.8325,56000.0,0.8324,92000.0,0.8327,404000.0,0.8329,8000.0
1753591951667,04:52:31.667,bitmex,ADA/USDT:USDT,0.8325,56000.0,0.8324,92000.0,0.8327,404000.0,0.8329,8000.0
1753591951825,04:52:31.825,bitmex,ADA/USDT:USDT,0.8326,27000.0,0.8325,56000.0,0.8327,404000.0,0.8329,8000.0
1753591951874,04:52:31.874,bitmex,ADA/USDT:USDT,0.8326,27000.0,0.8325,56000.0,0.8327,404000.0,0.8329,8000.0
1753591951923,04:52:31.923,bitmex,ADA/USDT:USDT,0.8326,27000.0,0.8325,56000.0,0.8327,404000.0,0.8329,8000.0
1753591951972,04:52:31.972,bitmex,ADA/USDT:USDT,0.8326,27000.0,0.8325,56000.0,0.8327,404000.0,0.8329,8000.0
1753591952021,04:52:32.021,bitmex,ADA/USDT:USDT,0.8326,27000.0,0.8325,56000.0,0.8327,404000.0,0.8329,8000.0
1753591952099,04:52:32.099,bitmex,ADA/USDT:USDT,0.8326,27000.0,0.8325,56000.0,0.8327,404000.0,0.8329,8000.0
1753591952148,04:52:32.148,bitmex,ADA/USDT:USDT,0.8326,27000.0,0.8325,56000.0,0.8327,404000.0,0.8329,8000.0
1753591952455,04:52:32.455,bitmex,ADA/USDT:USDT,0.8326,27000.0,0.8325,56000.0,0.8327,404000.0,0.8329,8000.0
1753591952505,04:52:32.505,bitmex,ADA/USDT:USDT,0.8326,27000.0,0.8325,56000.0,0.8327,404000.0,0.8329,8000.0
1753591952701,04:52:32.701,bitmex,ADA/USDT:USDT,0.8325,56000.0,0.8323,8000.0,0.8327,404000.0,0.8329,8000.0
1753591952750,04:52:32.750,bitmex,ADA/USDT:USDT,0.8325,56000.0,0.8324,84000.0,0.8327,404000.0,0.8329,8000.0
1753591952839,04:52:32.839,bitmex,ADA/USDT:USDT,0.8325,56000.0,0.8324,84000.0,0.8327,404000.0,0.8329,8000.0
1753591953418,04:52:33.418,bitmex,ADA/USDT:USDT,0.8325,56000.0,0.8324,84000.0,0.8327,404000.0,0.8329,8000.0
1753591953468,04:52:33.468,bitmex,ADA/USDT:USDT,0.8325,56000.0,0.8324,84000.0,0.8327,404000.0,0.8329,8000.0
1753591954188,04:52:34.188,bitmex,ADA/USDT:USDT,0.8325,56000.0,0.8324,84000.0,0.8327,404000.0,0.8329,8000.0
1753591954238,04:52:34.238,bitmex,ADA/USDT:USDT,0.8325,56000.0,0.8324,84000.0,0.8327,404000.0,0.8329,8000.0
1753591954588,04:52:34.588,bitmex,ADA/USDT:USDT,0.8325,56000.0,0.8324,84000.0,0.8327,404000.0,0.8329,8000.0
1753591954638,04:52:34.638,bitmex,ADA/USDT:USDT,0.8325,56000.0,0.8324,84000.0,0.8327,404000.0,0.8329,8000.0
1753591955037,04:52:35.037,bitmex,ADA/USDT:USDT,0.8325,56000.0,0.8324,84000.0,0.8327,404000.0,0.8329,8000.0
1753591955087,04:52:35.087,bitmex,ADA/USDT:USDT,0.8326,27000.0,0.8325,56000.0,0.8327,404000.0,0.8329,8000.0
1753591955136,04:52:35.136,bitmex,ADA/USDT:USDT,0.8326,27000.0,0.8325,56000.0,0.8327,404000.0,0.8329,8000.0
1753591955268,04:52:35.268,bitmex,ADA/USDT:USDT,0.8326,27000.0,0.8325,56000.0,0.8327,404000.0,0.8329,8000.0
1753591955579,04:52:35.579,bitmex,ADA/USDT:USDT,0.8326,27000.0,0.8325,56000.0,0.8327,404000.0,0.8329,8000.0
1753591955629,04:52:35.629,bitmex,ADA/USDT:USDT,0.8326,27000.0,0.8325,56000.0,0.8327,404000.0,0.8329,8000.0
1753591955940,04:52:35.940,bitmex,ADA/USDT:USDT,0.8326,27000.0,0.8325,56000.0,0.8327,404000.0,0.8329,8000.0
1753591955989,04:52:35.989,bitmex,ADA/USDT:USDT,0.8326,27000.0,0.8325,56000.0,0.8327,404000.0,0.8329,8000.0
1753591956989,04:52:36.989,bitmex,ADA/USDT:USDT,0.8326,27000.0,0.8325,56000.0,0.8327,404000.0,0.8329,8000.0
1753591957038,04:52:37.038,bitmex,ADA/USDT:USDT,0.8326,27000.0,0.8325,56000.0,0.8327,404000.0,0.8329,8000.0
1753591957147,04:52:37.147,bitmex,ADA/USDT:USDT,0.8326,27000.0,0.8325,56000.0,0.8327,404000.0,0.8329,8000.0
1753591958219,04:52:38.219,bitmex,ADA/USDT:USDT,0.8326,27000.0,0.8325,56000.0,0.8327,404000.0,0.8329,8000.0
1753591958269,04:52:38.269,bitmex,ADA/USDT:USDT,0.8326,27000.0,0.8325,56000.0,0.8327,404000.0,0.8329,8000.0
1753591958322,04:52:38.322,bitmex,ADA/USDT:USDT,0.8325,56000.0,0.8323,8000.0,0.8326,27000.0,0.8327,404000.0
1753591958371,04:52:38.371,bitmex,ADA/USDT:USDT,0.8326,27000.0,0.8325,56000.0,0.8327,404000.0,0.8329,8000.0
1753591958521,04:52:38.521,bitmex,ADA/USDT:USDT,0.8326,27000.0,0.8325,56000.0,0.8327,404000.0,0.8329,8000.0
1753591958571,04:52:38.571,bitmex,ADA/USDT:USDT,0.8326,27000.0,0.8325,56000.0,0.8327,404000.0,0.8329,8000.0
1753591959738,04:52:39.738,bitmex,ADA/USDT:USDT,0.8326,27000.0,0.8325,56000.0,0.8327,404000.0,0.8329,8000.0
1753591959788,04:52:39.788,bitmex,ADA/USDT:USDT,0.8326,35000.0,0.8325,56000.0,0.8327,404000.0,0.833,8000.0
1753591959839,04:52:39.839,bitmex,ADA/USDT:USDT,0.8328,27000.0,0.8327,84000.0,0.833,8000.0,0.8331,50000.0
1753591959888,04:52:39.888,bitmex,ADA/USDT:USDT,0.8328,27000.0,0.8327,84000.0,0.8329,404000.0,0.833,8000.0
1753591959937,04:52:39.937,bitmex,ADA/USDT:USDT,0.8328,27000.0,0.8327,84000.0,0.8329,404000.0,0.833,8000.0
1753591959989,04:52:39.989,bitmex,ADA/USDT:USDT,0.8328,27000.0,0.8327,84000.0,0.8329,404000.0,0.833,8000.0
1753591960039,04:52:40.039,bitmex,ADA/USDT:USDT,0.8328,27000.0,0.8327,84000.0,0.8329,404000.0,0.833,8000.0
1753591960088,04:52:40.088,bitmex,ADA/USDT:USDT,0.8328,27000.0,0.8327,84000.0,0.8329,404000.0,0.833,8000.0
1753591960137,04:52:40.137,bitmex,ADA/USDT:USDT,0.8328,27000.0,0.8327,84000.0,0.8329,404000.0,0.833,8000.0
1753591960577,04:52:40.577,bitmex,ADA/USDT:USDT,0.8328,27000.0,0.8327,84000.0,0.8329,404000.0,0.833,8000.0
1753591960841,04:52:40.841,bitmex,ADA/USDT:USDT,0.8328,27000.0,0.8327,84000.0,0.8329,404000.0,0.833,8000.0
1753591961238,04:52:41.238,bitmex,ADA/USDT:USDT,0.8328,27000.0,0.8327,84000.0,0.8329,404000.0,0.833,8000.0
1753591961288,04:52:41.288,bitmex,ADA/USDT:USDT,0.8327,56000.0,0.8322,8000.0,0.8328,27000.0,0.8329,404000.0
1753591961337,04:52:41.337,bitmex,ADA/USDT:USDT,0.8327,56000.0,0.8326,84000.0,0.8328,27000.0,0.8329,404000.0
1753591961386,04:52:41.386,bitmex,ADA/USDT:USDT,0.8326,56000.0,0.8325,84000.0,0.8328,27000.0,0.8329,404000.0
1753591961585,04:52:41.585,bitmex,ADA/USDT:USDT,0.8326,56000.0,0.8325,84000.0,0.8328,27000.0,0.8329,404000.0
1753591961634,04:52:41.634,bitmex,ADA/USDT:USDT,0.8326,56000.0,0.8325,84000.0,0.8328,35000.0,0.8329,404000.0
1753591961723,04:52:41.723,bitmex,ADA/USDT:USDT,0.8326,56000.0,0.8325,84000.0,0.8328,27000.0,0.8329,404000.0
1753591961981,04:52:41.981,bitmex,ADA/USDT:USDT,0.8326,56000.0,0.8325,84000.0,0.8328,27000.0,0.8329,404000.0
1753591962030,04:52:42.030,bitmex,ADA/USDT:USDT,0.8327,27000.0,0.8326,56000.0,0.8329,404000.0,0.833,8000.0
1753591962360,04:52:42.360,bitmex,ADA/USDT:USDT,0.8327,27000.0,0.8326,56000.0,0.8329,404000.0,0.833,8000.0
1753591962537,04:52:42.537,bitmex,ADA/USDT:USDT,0.8327,27000.0,0.8326,56000.0,0.8329,404000.0,0.833,8000.0
1753591962586,04:52:42.586,bitmex,ADA/USDT:USDT,0.8327,27000.0,0.8326,56000.0,0.8329,404000.0,0.833,8000.0
1753591963019,04:52:43.019,bitmex,ADA/USDT:USDT,0.8327,27000.0,0.8326,56000.0,0.8329,404000.0,0.833,8000.0
1753591963069,04:52:43.069,bitmex,ADA/USDT:USDT,0.8327,27000.0,0.8326,56000.0,0.8329,404000.0,0.833,8000.0
1753591963239,04:52:43.239,bitmex,ADA/USDT:USDT,0.8327,27000.0,0.8326,56000.0,0.8329,404000.0,0.833,8000.0
1753591963289,04:52:43.289,bitmex,ADA/USDT:USDT,0.8327,27000.0,0.8326,56000.0,0.8329,404000.0,0.833,8000.0
1753591963937,04:52:43.937,bitmex,ADA/USDT:USDT,0.8327,27000.0,0.8326,56000.0,0.8329,404000.0,0.833,8000.0
1753591963987,04:52:43.987,bitmex,ADA/USDT:USDT,0.8327,27000.0,0.8326,56000.0,0.8329,404000.0,0.833,8000.0
1753591964260,04:52:44.260,bitmex,ADA/USDT:USDT,0.8327,27000.0,0.8326,56000.0,0.8329,404000.0,0.833,8000.0
1753591965349,04:52:45.349,bitmex,ADA/USDT:USDT,0.8328,27000.0,0.8327,27000.0,0.8329,404000.0,0.833,8000.0
1753591965399,04:52:45.399,bitmex,ADA/USDT:USDT,0.8328,27000.0,0.8327,92000.0,0.8329,404000.0,0.833,8000.0
1753591965448,04:52:45.448,bitmex,ADA/USDT:USDT,0.8328,27000.0,0.8327,92000.0,0.8329,404000.0,0.833,8000.0
1753591966288,04:52:46.288,bitmex,ADA/USDT:USDT,0.8328,27000.0,0.8327,92000.0,0.8329,404000.0,0.833,8000.0
1753591966337,04:52:46.337,bitmex,ADA/USDT:USDT,0.8328,27000.0,0.8327,92000.0,0.8329,404000.0,0.833,8000.0
1753591967263,04:52:47.263,bitmex,ADA/USDT:USDT,0.8328,27000.0,0.8327,92000.0,0.8329,404000.0,0.833,8000.0
1753591967312,04:52:47.312,bitmex,ADA/USDT:USDT,0.8328,27000.0,0.8327,92000.0,0.8329,404000.0,0.833,8000.0
1753591967367,04:52:47.367,bitmex,ADA/USDT:USDT,0.8328,27000.0,0.8327,92000.0,0.8329,404000.0,0.833,8000.0
1753591967819,04:52:47.819,bitmex,ADA/USDT:USDT,0.8328,27000.0,0.8327,92000.0,0.8329,404000.0,0.833,8000.0
1753591967869,04:52:47.869,bitmex,ADA/USDT:USDT,0.8328,27000.0,0.8327,92000.0,0.8329,404000.0,0.833,8000.0
1753591968066,04:52:48.066,bitmex,ADA/USDT:USDT,0.8328,27000.0,0.8327,92000.0,0.8329,404000.0,0.833,8000.0
1753591968115,04:52:48.115,bitmex,ADA/USDT:USDT,0.8328,27000.0,0.8327,92000.0,0.8329,404000.0,0.833,8000.0
1753591968164,04:52:48.164,bitmex,ADA/USDT:USDT,0.8328,27000.0,0.8327,92000.0,0.8329,404000.0,0.8331,49000.0
1753591968291,04:52:48.291,bitmex,ADA/USDT:USDT,0.8328,27000.0,0.8327,92000.0,0.8329,404000.0,0.833,8000.0
1753591968353,04:52:48.353,bitmex,ADA/USDT:USDT,0.8328,27000.0,0.8327,92000.0,0.8329,404000.0,0.833,8000.0
1753591968402,04:52:48.402,bitmex,ADA/USDT:USDT,0.8328,27000.0,0.8327,92000.0,0.8329,404000.0,0.833,8000.0
1753591968487,04:52:48.487,bitmex,ADA/USDT:USDT,0.8328,27000.0,0.8327,92000.0,0.8329,404000.0,0.8331,49000.0
1753591968557,04:52:48.557,bitmex,ADA/USDT:USDT,0.8328,35000.0,0.8327,92000.0,0.8329,404000.0,0.8331,49000.0
1753591968606,04:52:48.606,bitmex,ADA/USDT:USDT,0.8328,35000.0,0.8327,92000.0,0.8329,404000.0,0.8331,49000.0
1753591968664,04:52:48.664,bitmex,ADA/USDT:USDT,0.8328,35000.0,0.8327,92000.0,0.8329,404000.0,0.8331,49000.0
1753591968965,04:52:48.965,bitmex,ADA/USDT:USDT,0.8328,35000.0,0.8327,92000.0,0.8329,404000.0,0.8331,49000.0
1753591969014,04:52:49.014,bitmex,ADA/USDT:USDT,0.8328,35000.0,0.8327,92000.0,0.8329,404000.0,0.8331,49000.0
1753591969089,04:52:49.089,bitmex,ADA/USDT:USDT,0.8328,35000.0,0.8327,92000.0,0.8329,404000.0,0.8331,49000.0
1753591969178,04:52:49.178,bitmex,ADA/USDT:USDT,0.8328,35000.0,0.8327,92000.0,0.8329,404000.0,0.8333,8000.0
1753591969227,04:52:49.227,bitmex,ADA/USDT:USDT,0.8328,35000.0,0.8327,92000.0,0.8329,404000.0,0.8333,8000.0
1753591969543,04:52:49.543,bitmex,ADA/USDT:USDT,0.8328,35000.0,0.8327,92000.0,0.8329,404000.0,0.8333,8000.0
1753591969831,04:52:49.831,bitmex,ADA/USDT:USDT,0.8328,35000.0,0.8327,92000.0,0.8329,404000.0,0.8333,8000.0
1753591969880,04:52:49.880,bitmex,ADA/USDT:USDT,0.8328,35000.0,0.8327,92000.0,0.8329,404000.0,0.8333,8000.0
1753591970088,04:52:50.088,bitmex,ADA/USDT:USDT,0.8328,35000.0,0.8327,92000.0,0.8329,404000.0,0.8333,8000.0
1753591970137,04:52:50.137,bitmex,ADA/USDT:USDT,0.8328,35000.0,0.8327,92000.0,0.8329,404000.0,0.8333,8000.0
1753591970318,04:52:50.318,bitmex,ADA/USDT:USDT,0.8328,35000.0,0.8327,92000.0,0.8329,404000.0,0.8333,8000.0
1753591970367,04:52:50.367,bitmex,ADA/USDT:USDT,0.8328,35000.0,0.8327,92000.0,0.8329,404000.0,0.8333,8000.0
1753591971136,04:52:51.136,bitmex,ADA/USDT:USDT,0.8328,35000.0,0.8327,92000.0,0.8329,404000.0,0.8333,8000.0
1753591971185,04:52:51.185,bitmex,ADA/USDT:USDT,0.8328,35000.0,0.8327,92000.0,0.8329,404000.0,0.8333,8000.0
1753591972491,04:52:52.491,bitmex,ADA/USDT:USDT,0.8328,35000.0,0.8327,92000.0,0.8329,404000.0,0.8333,8000.0
1753591972541,04:52:52.541,bitmex,ADA/USDT:USDT,0.8328,35000.0,0.8327,92000.0,0.8329,404000.0,0.8333,8000.0
1753591972619,04:52:52.619,bitmex,ADA/USDT:USDT,0.8328,35000.0,0.8327,92000.0,0.8329,404000.0,0.8333,8000.0
1753591972668,04:52:52.668,bitmex,ADA/USDT:USDT,0.8328,35000.0,0.8327,92000.0,0.8329,404000.0,0.8333,8000.0
1753591972717,04:52:52.717,bitmex,ADA/USDT:USDT,0.8328,35000.0,0.8327,92000.0,0.8329,404000.0,0.8333,8000.0
1753591973041,04:52:53.041,bitmex,ADA/USDT:USDT,0.8328,35000.0,0.8327,92000.0,0.8329,404000.0,0.8333,8000.0
1753591973090,04:52:53.090,bitmex,ADA/USDT:USDT,0.8328,35000.0,0.8327,92000.0,0.8329,404000.0,0.8333,8000.0
1753591973140,04:52:53.140,bitmex,ADA/USDT:USDT,0.8328,35000.0,0.8327,92000.0,0.8333,8000.0,0.8334,353000.0
1753591973140,04:52:53.140,bitmex,ADA/USDT:USDT,0.833,27000.0,0.8329,35000.0,0.8331,27000.0,0.8332,40000.0
1753591973189,04:52:53.189,bitmex,ADA/USDT:USDT,0.8331,27000.0,0.833,27000.0,0.8332,40000.0,0.8333,8000.0
1753591973238,04:52:53.238,bitmex,ADA/USDT:USDT,0.833,56000.0,0.8329,92000.0,0.8331,27000.0,0.8332,40000.0
1753591973288,04:52:53.288,bitmex,ADA/USDT:USDT,0.8329,56000.0,0.8328,8000.0,0.8331,27000.0,0.8332,40000.0
1753591973337,04:52:53.337,bitmex,ADA/USDT:USDT,0.8329,56000.0,0.8328,8000.0,0.8331,27000.0,0.8332,444000.0
1753591973533,04:52:53.533,bitmex,ADA/USDT:USDT,0.8329,56000.0,0.8328,8000.0,0.8331,27000.0,0.8332,444000.0
1753591973691,04:52:53.691,bitmex,ADA/USDT:USDT,0.833,27000.0,0.8329,56000.0,0.8331,27000.0,0.8332,444000.0
1753591973740,04:52:53.740,bitmex,ADA/USDT:USDT,0.833,27000.0,0.8329,56000.0,0.8331,27000.0,0.8332,444000.0
1753591973809,04:52:53.809,bitmex,ADA/USDT:USDT,0.833,27000.0,0.8329,56000.0,0.8331,27000.0,0.8332,444000.0
1753591973912,04:52:53.912,bitmex,ADA/USDT:USDT,0.833,27000.0,0.8329,56000.0,0.8331,27000.0,0.8332,444000.0
1753591974072,04:52:54.072,bitmex,ADA/USDT:USDT,0.833,27000.0,0.8329,56000.0,0.8331,27000.0,0.8332,40000.0
1753591974122,04:52:54.122,bitmex,ADA/USDT:USDT,0.8331,27000.0,0.833,84000.0,0.8332,40000.0,0.8333,8000.0
1753591974171,04:52:54.171,bitmex,ADA/USDT:USDT,0.8331,27000.0,0.833,84000.0,0.8332,40000.0,0.8333,8000.0
1753591974220,04:52:54.220,bitmex,ADA/USDT:USDT,0.8331,27000.0,0.833,84000.0,0.8332,444000.0,0.8333,8000.0
1753591974269,04:52:54.269,bitmex,ADA/USDT:USDT,0.8331,27000.0,0.833,84000.0,0.8332,444000.0,0.8333,8000.0
1753591974318,04:52:54.318,bitmex,ADA/USDT:USDT,0.8331,27000.0,0.833,84000.0,0.8332,444000.0,0.8333,8000.0
1753591974367,04:52:54.367,bitmex,ADA/USDT:USDT,0.8331,27000.0,0.833,84000.0,0.8332,444000.0,0.8333,8000.0
1753591974452,04:52:54.452,bitmex,ADA/USDT:USDT,0.8331,27000.0,0.833,84000.0,0.8332,444000.0,0.8333,8000.0
1753591974502,04:52:54.502,bitmex,ADA/USDT:USDT,0.8331,27000.0,0.833,84000.0,0.8332,444000.0,0.8333,8000.0
1753591974938,04:52:54.938,bitmex,ADA/USDT:USDT,0.8331,27000.0,0.833,84000.0,0.8332,444000.0,0.8333,8000.0
1753591975501,04:52:55.501,bitmex,ADA/USDT:USDT,0.8331,27000.0,0.833,84000.0,0.8332,444000.0,0.8333,8000.0
1753591975630,04:52:55.630,bitmex,ADA/USDT:USDT,0.833,84000.0,0.8328,8000.0,0.8331,27000.0,0.8332,444000.0
1753591975680,04:52:55.680,bitmex,ADA/USDT:USDT,0.833,56000.0,0.8329,84000.0,0.8331,27000.0,0.8332,444000.0
1753591975765,04:52:55.765,bitmex,ADA/USDT:USDT,0.833,56000.0,0.8329,84000.0,0.8331,27000.0,0.8332,444000.0
1753591975815,04:52:55.815,bitmex,ADA/USDT:USDT,0.833,56000.0,0.8329,84000.0,0.8331,27000.0,0.8332,444000.0
1753591975864,04:52:55.864,bitmex,ADA/USDT:USDT,0.833,56000.0,0.8329,84000.0,0.8331,27000.0,0.8332,444000.0
1753591976070,04:52:56.070,bitmex,ADA/USDT:USDT,0.833,56000.0,0.8329,84000.0,0.8331,27000.0,0.8332,444000.0
1753591976119,04:52:56.119,bitmex,ADA/USDT:USDT,0.833,56000.0,0.8329,84000.0,0.8331,27000.0,0.8332,444000.0
1753591977088,04:52:57.088,bitmex,ADA/USDT:USDT,0.833,56000.0,0.8329,84000.0,0.8331,27000.0,0.8332,444000.0
1753591977494,04:52:57.494,bitmex,ADA/USDT:USDT,0.833,56000.0,0.8329,84000.0,0.8331,27000.0,0.8332,444000.0
1753591977762,04:52:57.762,bitmex,ADA/USDT:USDT,0.833,56000.0,0.8329,84000.0,0.8331,27000.0,0.8332,444000.0
1753591977811,04:52:57.811,bitmex,ADA/USDT:USDT,0.833,56000.0,0.8329,84000.0,0.8331,27000.0,0.8332,444000.0
1753591978087,04:52:58.087,bitmex,ADA/USDT:USDT,0.833,56000.0,0.8329,84000.0,0.8331,27000.0,0.8332,444000.0
1753591978136,04:52:58.136,bitmex,ADA/USDT:USDT,0.833,56000.0,0.8329,84000.0,0.8331,27000.0,0.8332,444000.0
1753591978185,04:52:58.185,bitmex,ADA/USDT:USDT,0.8331,27000.0,0.833,56000.0,0.8332,444000.0,0.8333,8000.0
1753591978234,04:52:58.234,bitmex,ADA/USDT:USDT,0.8331,27000.0,0.833,56000.0,0.8332,444000.0,0.8333,8000.0
1753591978419,04:52:58.419,bitmex,ADA/USDT:USDT,0.8331,27000.0,0.833,56000.0,0.8332,444000.0,0.8333,8000.0
1753591978469,04:52:58.469,bitmex,ADA/USDT:USDT,0.8331,27000.0,0.833,56000.0,0.8332,444000.0,0.8333,8000.0
1753591978937,04:52:58.937,bitmex,ADA/USDT:USDT,0.8331,27000.0,0.833,56000.0,0.8332,444000.0,0.8333,8000.0
1753591978986,04:52:58.986,bitmex,ADA/USDT:USDT,0.8331,27000.0,0.833,56000.0,0.8332,444000.0,0.8333,8000.0
1753591979071,04:52:59.071,bitmex,ADA/USDT:USDT,0.8331,27000.0,0.833,56000.0,0.8332,444000.0,0.8333,8000.0
1753591979243,04:52:59.243,bitmex,ADA/USDT:USDT,0.8331,27000.0,0.833,56000.0,0.8332,444000.0,0.8333,8000.0
1753591979292,04:52:59.292,bitmex,ADA/USDT:USDT,0.8331,27000.0,0.833,56000.0,0.8332,444000.0,0.8333,8000.0
1753591979354,04:52:59.354,bitmex,ADA/USDT:USDT,0.8331,27000.0,0.833,56000.0,0.8332,444000.0,0.8333,8000.0
1753591979403,04:52:59.403,bitmex,ADA/USDT:USDT,0.833,56000.0,0.8329,84000.0,0.8331,27000.0,0.8332,444000.0
1753591979452,04:52:59.452,bitmex,ADA/USDT:USDT,0.8331,27000.0,0.833,56000.0,0.8332,444000.0,0.8333,8000.0
1753591979503,04:52:59.503,bitmex,ADA/USDT:USDT,0.8331,27000.0,0.833,56000.0,0.8332,444000.0,0.8333,8000.0
1753591979553,04:52:59.553,bitmex,ADA/USDT:USDT,0.8331,27000.0,0.833,56000.0,0.8332,444000.0,0.8333,8000.0
1753591979602,04:52:59.602,bitmex,ADA/USDT:USDT,0.8331,27000.0,0.833,56000.0,0.8332,444000.0,0.8333,8000.0
1753591979651,04:52:59.651,bitmex,ADA/USDT:USDT,0.8331,27000.0,0.833,56000.0,0.8332,444000.0,0.8333,8000.0
1753591979700,04:52:59.700,bitmex,ADA/USDT:USDT,0.8331,27000.0,0.833,56000.0,0.8332,404000.0,0.8334,57000.0
1753591979798,04:52:59.798,bitmex,ADA/USDT:USDT,0.8331,27000.0,0.833,56000.0,0.8332,404000.0,0.8334,57000.0
1753591979944,04:52:59.944,bitmex,ADA/USDT:USDT,0.8331,27000.0,0.833,56000.0,0.8332,404000.0,0.8334,57000.0
1753591980127,04:53:00.127,bitmex,ADA/USDT:USDT,0.8331,27000.0,0.833,56000.0,0.8332,404000.0,0.8333,8000.0
1753591980209,04:53:00.209,bitmex,ADA/USDT:USDT,0.8331,27000.0,0.833,56000.0,0.8333,8000.0,0.8334,57000.0
1753591980259,04:53:00.259,bitmex,ADA/USDT:USDT,0.8333,27000.0,0.8332,84000.0,0.8336,8000.0,0.8337,58000.0
1753591980309,04:53:00.309,bitmex,ADA/USDT:USDT,0.8333,27000.0,0.8332,84000.0,0.8336,8000.0,0.8337,58000.0
1753591980358,04:53:00.358,bitmex,ADA/USDT:USDT,0.8333,27000.0,0.8332,84000.0,0.8336,8000.0,0.8337,57000.0
1753591980407,04:53:00.407,bitmex,ADA/USDT:USDT,0.8333,27000.0,0.8332,84000.0,0.8335,404000.0,0.8336,8000.0
1753591980456,04:53:00.456,bitmex,ADA/USDT:USDT,0.8333,27000.0,0.8332,84000.0,0.8335,404000.0,0.8336,8000.0
1753591980554,04:53:00.554,bitmex,ADA/USDT:USDT,0.8333,27000.0,0.8332,84000.0,0.8335,404000.0,0.8336,8000.0
1753591980604,04:53:00.604,bitmex,ADA/USDT:USDT,0.8333,27000.0,0.8332,84000.0,0.8335,404000.0,0.8336,8000.0
1753591981526,04:53:01.526,bitmex,ADA/USDT:USDT,0.8333,27000.0,0.8332,84000.0,0.8335,404000.0,0.8336,8000.0
1753591981625,04:53:01.625,bitmex,ADA/USDT:USDT,0.8334,27000.0,0.8333,27000.0,0.8335,404000.0,0.8336,8000.0
1753591981674,04:53:01.674,bitmex,ADA/USDT:USDT,0.8334,27000.0,0.8333,84000.0,0.8335,404000.0,0.8336,8000.0
1753591981756,04:53:01.756,bitmex,ADA/USDT:USDT,0.8333,84000.0,0.8327,8000.0,0.8335,404000.0,0.8336,8000.0
1753591981806,04:53:01.806,bitmex,ADA/USDT:USDT,0.8333,56000.0,0.8332,84000.0,0.8334,8000.0,0.8335,404000.0
1753591981855,04:53:01.855,bitmex,ADA/USDT:USDT,0.8332,84000.0,0.8327,8000.0,0.8334,8000.0,0.8335,404000.0
1753591981904,04:53:01.904,bitmex,ADA/USDT:USDT,0.8332,56000.0,0.8327,8000.0,0.8334,8000.0,0.8335,404000.0
1753591981953,04:53:01.953,bitmex,ADA/USDT:USDT,0.8332,56000.0,0.8331,84000.0,0.8334,8000.0,0.8335,404000.0
1753591982052,04:53:02.052,bitmex,ADA/USDT:USDT,0.8332,56000.0,0.8331,84000.0,0.8335,404000.0,0.8336,8000.0
1753591982102,04:53:02.102,bitmex,ADA/USDT:USDT,0.8333,84000.0,0.8332,56000.0,0.8334,27000.0,0.8335,404000.0
1753591982151,04:53:02.151,bitmex,ADA/USDT:USDT,0.8333,56000.0,0.8332,56000.0,0.8334,27000.0,0.8335,404000.0
1753591982200,04:53:02.200,bitmex,ADA/USDT:USDT,0.8333,56000.0,0.8332,56000.0,0.8334,27000.0,0.8335,404000.0
1753591982336,04:53:02.336,bitmex,ADA/USDT:USDT,0.8333,56000.0,0.8332,56000.0,0.8334,27000.0,0.8335,404000.0
1753591982432,04:53:02.432,bitmex,ADA/USDT:USDT,0.8333,56000.0,0.8332,56000.0,0.8335,404000.0,0.8336,8000.0
1753591982481,04:53:02.481,bitmex,ADA/USDT:USDT,0.8334,27000.0,0.8333,56000.0,0.8335,404000.0,0.8336,8000.0
1753591982530,04:53:02.530,bitmex,ADA/USDT:USDT,0.8334,27000.0,0.8333,56000.0,0.8335,404000.0,0.8336,8000.0
1753591982579,04:53:02.579,bitmex,ADA/USDT:USDT,0.8335,27000.0,0.8334,84000.0,0.8337,8000.0,0.8338,1000.0
1753591982628,04:53:02.628,bitmex,ADA/USDT:USDT,0.8335,27000.0,0.8334,84000.0,0.8337,8000.0,0.8338,1000.0
1753591982677,04:53:02.677,bitmex,ADA/USDT:USDT,0.8334,56000.0,0.8333,84000.0,0.8335,27000.0,0.8336,404000.0
1753591982726,04:53:02.726,bitmex,ADA/USDT:USDT,0.8334,56000.0,0.8333,84000.0,0.8335,27000.0,0.8336,404000.0
1753591982775,04:53:02.775,bitmex,ADA/USDT:USDT,0.8334,56000.0,0.8333,84000.0,0.8335,27000.0,0.8336,404000.0
1753591983135,04:53:03.135,bitmex,ADA/USDT:USDT,0.8334,56000.0,0.8333,84000.0,0.8335,27000.0,0.8336,404000.0
1753591983184,04:53:03.184,bitmex,ADA/USDT:USDT,0.8334,56000.0,0.8333,84000.0,0.8335,27000.0,0.8336,404000.0
1753591983233,04:53:03.233,bitmex,ADA/USDT:USDT,0.8334,56000.0,0.8333,84000.0,0.8335,27000.0,0.8336,404000.0
1753591983493,04:53:03.493,bitmex,ADA/USDT:USDT,0.8334,29000.0,0.8333,84000.0,0.8335,27000.0,0.8336,404000.0
1753591983542,04:53:03.542,bitmex,ADA/USDT:USDT,0.8332,27000.0,0.8331,92000.0,0.8335,8000.0,0.8336,404000.0
1753591983591,04:53:03.591,bitmex,ADA/USDT:USDT,0.8332,27000.0,0.8331,84000.0,0.8335,8000.0,0.8336,404000.0
1753591983640,04:53:03.640,bitmex,ADA/USDT:USDT,0.8332,27000.0,0.8331,84000.0,0.8335,8000.0,0.8336,404000.0
1753591983691,04:53:03.691,bitmex,ADA/USDT:USDT,0.8332,27000.0,0.8331,84000.0,0.8335,8000.0,0.8336,404000.0
1753591983741,04:53:03.741,bitmex,ADA/USDT:USDT,0.8332,27000.0,0.8331,84000.0,0.8335,8000.0,0.8336,404000.0
1753591983841,04:53:03.841,bitmex,ADA/USDT:USDT,0.8332,27000.0,0.8331,84000.0,0.8335,8000.0,0.8336,404000.0
1753591984266,04:53:04.266,bitmex,ADA/USDT:USDT,0.8332,27000.0,0.8331,84000.0,0.8335,8000.0,0.8336,404000.0
1753591984318,04:53:04.318,bitmex,ADA/USDT:USDT,0.8332,27000.0,0.8331,84000.0,0.8335,8000.0,0.8336,404000.0
1753591984368,04:53:04.368,bitmex,ADA/USDT:USDT,0.8332,27000.0,0.8331,84000.0,0.8335,8000.0,0.8336,404000.0
1753591984652,04:53:04.652,bitmex,ADA/USDT:USDT,0.8332,27000.0,0.8331,84000.0,0.8335,8000.0,0.8336,404000.0
1753591984702,04:53:04.702,bitmex,ADA/USDT:USDT,0.8332,27000.0,0.8331,84000.0,0.8335,8000.0,0.8336,404000.0
1753591984890,04:53:04.890,bitmex,ADA/USDT:USDT,0.8332,27000.0,0.8331,84000.0,0.8335,8000.0,0.8336,404000.0
1753591985086,04:53:05.086,bitmex,ADA/USDT:USDT,0.8332,27000.0,0.8331,84000.0,0.8335,8000.0,0.8336,404000.0
1753591985135,04:53:05.135,bitmex,ADA/USDT:USDT,0.8332,27000.0,0.8331,84000.0,0.8335,8000.0,0.8336,404000.0
1753591985491,04:53:05.491,bitmex,ADA/USDT:USDT,0.8332,27000.0,0.8331,84000.0,0.8335,8000.0,0.8336,404000.0
1753591985541,04:53:05.541,bitmex,ADA/USDT:USDT,0.8332,27000.0,0.8331,84000.0,0.8335,8000.0,0.8336,404000.0
1753591985664,04:53:05.664,bitmex,ADA/USDT:USDT,0.8332,27000.0,0.8331,84000.0,0.8335,8000.0,0.8336,404000.0
1753591986028,04:53:06.028,bitmex,ADA/USDT:USDT,0.8331,84000.0,0.8329,8000.0,0.8335,8000.0,0.8336,404000.0
1753591986077,04:53:06.077,bitmex,ADA/USDT:USDT,0.8331,56000.0,0.833,84000.0,0.8335,8000.0,0.8336,404000.0
1753591986305,04:53:06.305,bitmex,ADA/USDT:USDT,0.8331,56000.0,0.833,84000.0,0.8335,8000.0,0.8336,404000.0
1753591986438,04:53:06.438,bitmex,ADA/USDT:USDT,0.8331,56000.0,0.833,84000.0,0.8335,8000.0,0.8336,404000.0
1753591986521,04:53:06.521,bitmex,ADA/USDT:USDT,0.8331,56000.0,0.833,84000.0,0.8335,8000.0,0.8336,404000.0
1753591986570,04:53:06.570,bitmex,ADA/USDT:USDT,0.8331,56000.0,0.833,84000.0,0.8335,8000.0,0.8336,405000.0
1753591986619,04:53:06.619,bitmex,ADA/USDT:USDT,0.833,56000.0,0.8329,92000.0,0.8333,404000.0,0.8335,8000.0
1753591986668,04:53:06.668,bitmex,ADA/USDT:USDT,0.833,56000.0,0.8329,92000.0,0.8332,8000.0,0.8333,404000.0
1753591986717,04:53:06.717,bitmex,ADA/USDT:USDT,0.833,56000.0,0.8329,92000.0,0.8332,8000.0,0.8333,404000.0
1753591986822,04:53:06.822,bitmex,ADA/USDT:USDT,0.833,56000.0,0.8329,92000.0,0.8332,8000.0,0.8333,404000.0
1753591986871,04:53:06.871,bitmex,ADA/USDT:USDT,0.833,56000.0,0.8329,92000.0,0.8332,8000.0,0.8333,404000.0
1753591986921,04:53:06.921,bitmex,ADA/USDT:USDT,0.833,56000.0,0.8329,92000.0,0.8332,8000.0,0.8333,404000.0
1753591986970,04:53:06.970,bitmex,ADA/USDT:USDT,0.8329,56000.0,0.8328,8000.0,0.8332,8000.0,0.8333,404000.0
1753591987019,04:53:07.019,bitmex,ADA/USDT:USDT,0.8329,56000.0,0.8328,8000.0,0.8332,8000.0,0.8333,404000.0
1753591987144,04:53:07.144,bitmex,ADA/USDT:USDT,0.8329,56000.0,0.8328,8000.0,0.8332,8000.0,0.8333,404000.0
1753591987193,04:53:07.193,bitmex,ADA/USDT:USDT,0.8329,56000.0,0.8328,8000.0,0.8332,8000.0,0.8333,404000.0
1753591987254,04:53:07.254,bitmex,ADA/USDT:USDT,0.8329,56000.0,0.8328,8000.0,0.8332,8000.0,0.8333,404000.0
1753591987322,04:53:07.322,bitmex,ADA/USDT:USDT,0.8329,56000.0,0.8327,92000.0,0.8332,8000.0,0.8333,404000.0
1753591987371,04:53:07.371,bitmex,ADA/USDT:USDT,0.8329,56000.0,0.8327,92000.0,0.8332,8000.0,0.8333,404000.0
1753591987420,04:53:07.420,bitmex,ADA/USDT:USDT,0.8329,56000.0,0.8328,8000.0,0.8332,8000.0,0.8333,404000.0
1753591987469,04:53:07.469,bitmex,ADA/USDT:USDT,0.8329,56000.0,0.8328,8000.0,0.8332,8000.0,0.8333,404000.0
1753591987530,04:53:07.530,bitmex,ADA/USDT:USDT,0.8329,56000.0,0.8328,8000.0,0.8332,8000.0,0.8333,404000.0
1753591987843,04:53:07.843,bitmex,ADA/USDT:USDT,0.8329,56000.0,0.8328,8000.0,0.8332,8000.0,0.8333,404000.0
1753591987893,04:53:07.893,bitmex,ADA/USDT:USDT,0.8329,56000.0,0.8328,8000.0,0.8332,8000.0,0.8333,404000.0
1753591988020,04:53:08.020,bitmex,ADA/USDT:USDT,0.8329,56000.0,0.8328,8000.0,0.8332,8000.0,0.8333,404000.0
1753591988069,04:53:08.069,bitmex,ADA/USDT:USDT,0.8329,56000.0,0.8328,8000.0,0.8332,8000.0,0.8333,404000.0
1753591988118,04:53:08.118,bitmex,ADA/USDT:USDT,0.8329,56000.0,0.8328,8000.0,0.8332,8000.0,0.8333,404000.0
1753591988381,04:53:08.381,bitmex,ADA/USDT:USDT,0.8329,56000.0,0.8328,8000.0,0.8332,8000.0,0.8333,404000.0
1753591988587,04:53:08.587,bitmex,ADA/USDT:USDT,0.8329,56000.0,0.8328,8000.0,0.8332,8000.0,0.8333,404000.0
1753591988636,04:53:08.636,bitmex,ADA/USDT:USDT,0.8329,56000.0,0.8328,8000.0,0.8332,8000.0,0.8333,404000.0
1753591988814,04:53:08.814,bitmex,ADA/USDT:USDT,0.8329,56000.0,0.8328,8000.0,0.8332,8000.0,0.8333,404000.0
1753591988864,04:53:08.864,bitmex,ADA/USDT:USDT,0.8329,56000.0,0.8328,8000.0,0.8332,8000.0,0.8333,404000.0
1753591989084,04:53:09.084,bitmex,ADA/USDT:USDT,0.8329,56000.0,0.8328,8000.0,0.8332,8000.0,0.8333,404000.0
1753591989134,04:53:09.134,bitmex,ADA/USDT:USDT,0.8329,56000.0,0.8328,8000.0,0.8332,8000.0,0.8333,404000.0
1753591989782,04:53:09.782,bitmex,ADA/USDT:USDT,0.8329,56000.0,0.8328,8000.0,0.8332,8000.0,0.8333,404000.0
1753591989832,04:53:09.832,bitmex,ADA/USDT:USDT,0.8329,56000.0,0.8328,8000.0,0.8332,8000.0,0.8333,404000.0
1753591989881,04:53:09.881,bitmex,ADA/USDT:USDT,0.8329,56000.0,0.8328,8000.0,0.8332,8000.0,0.8333,404000.0
1753591989930,04:53:09.930,bitmex,ADA/USDT:USDT,0.8329,56000.0,0.8328,8000.0,0.8332,8000.0,0.8333,404000.0
1753591989979,04:53:09.979,bitmex,ADA/USDT:USDT,0.8329,56000.0,0.8328,8000.0,0.8332,8000.0,0.8333,404000.0
1753591990468,04:53:10.468,bitmex,ADA/USDT:USDT,0.8329,56000.0,0.8328,8000.0,0.8332,8000.0,0.8333,404000.0
1753591990518,04:53:10.518,bitmex,ADA/USDT:USDT,0.8329,56000.0,0.8328,8000.0,0.8332,8000.0,0.8333,404000.0
1753591991053,04:53:11.053,bitmex,ADA/USDT:USDT,0.833,27000.0,0.8329,56000.0,0.8332,8000.0,0.8333,404000.0
1753591991107,04:53:11.107,bitmex,ADA/USDT:USDT,0.833,27000.0,0.8329,56000.0,0.8332,8000.0,0.8333,404000.0
1753591991315,04:53:11.315,bitmex,ADA/USDT:USDT,0.833,27000.0,0.8329,56000.0,0.8332,8000.0,0.8333,404000.0
1753591991364,04:53:11.364,bitmex,ADA/USDT:USDT,0.833,27000.0,0.8329,56000.0,0.8332,8000.0,0.8333,404000.0
1753591991479,04:53:11.479,bitmex,ADA/USDT:USDT,0.833,27000.0,0.8329,56000.0,0.8332,8000.0,0.8333,404000.0
1753591991528,04:53:11.528,bitmex,ADA/USDT:USDT,0.833,27000.0,0.8329,56000.0,0.8332,8000.0,0.8333,404000.0
1753591991577,04:53:11.577,bitmex,ADA/USDT:USDT,0.833,27000.0,0.8329,56000.0,0.8332,8000.0,0.8333,404000.0
1753591991626,04:53:11.626,bitmex,ADA/USDT:USDT,0.833,27000.0,0.8329,56000.0,0.8332,8000.0,0.8333,404000.0
1753591991822,04:53:11.822,bitmex,ADA/USDT:USDT,0.8329,56000.0,0.8328,8000.0,0.8332,8000.0,0.8333,404000.0
1753591991871,04:53:11.871,bitmex,ADA/USDT:USDT,0.8329,56000.0,0.8328,8000.0,0.8332,8000.0,0.8333,404000.0
1753591991920,04:53:11.920,bitmex,ADA/USDT:USDT,0.8329,56000.0,0.8328,8000.0,0.8332,8000.0,0.8333,404000.0
1753591992398,04:53:12.398,bitmex,ADA/USDT:USDT,0.8329,56000.0,0.8327,92000.0,0.8332,8000.0,0.8333,404000.0
1753591992447,04:53:12.447,bitmex,ADA/USDT:USDT,0.8327,92000.0,0.8325,8000.0,0.8332,8000.0,0.8333,404000.0
1753591992496,04:53:12.496,bitmex,ADA/USDT:USDT,0.8327,64000.0,0.8325,8000.0,0.8332,8000.0,0.8333,404000.0
1753591992545,04:53:12.545,bitmex,ADA/USDT:USDT,0.8328,8000.0,0.8327,64000.0,0.8332,8000.0,0.8333,404000.0
1753591992594,04:53:12.594,bitmex,ADA/USDT:USDT,0.8328,27000.0,0.8327,64000.0,0.8332,8000.0,0.8333,404000.0
1753591992643,04:53:12.643,bitmex,ADA/USDT:USDT,0.8328,27000.0,0.8327,64000.0,0.8332,8000.0,0.8333,404000.0
1753591992692,04:53:12.692,bitmex,ADA/USDT:USDT,0.8328,27000.0,0.8327,64000.0,0.8332,8000.0,0.8333,404000.0
1753591992741,04:53:12.741,bitmex,ADA/USDT:USDT,0.8328,27000.0,0.8327,64000.0,0.8332,8000.0,0.8333,404000.0
1753591992790,04:53:12.790,bitmex,ADA/USDT:USDT,0.8328,27000.0,0.8327,64000.0,0.8332,8000.0,0.8333,404000.0
1753591992839,04:53:12.839,bitmex,ADA/USDT:USDT,0.8327,56000.0,0.8324,8000.0,0.8332,8000.0,0.8333,404000.0
1753591992889,04:53:12.889,bitmex,ADA/USDT:USDT,0.8327,56000.0,0.8326,84000.0,0.8332,8000.0,0.8333,404000.0
1753591992964,04:53:12.964,bitmex,ADA/USDT:USDT,0.8328,27000.0,0.8327,56000.0,0.8332,8000.0,0.8333,404000.0
1753591993041,04:53:13.041,bitmex,ADA/USDT:USDT,0.8328,27000.0,0.8327,56000.0,0.8332,8000.0,0.8333,404000.0
1753591993090,04:53:13.090,bitmex,ADA/USDT:USDT,0.8328,27000.0,0.8327,56000.0,0.8332,8000.0,0.8333,404000.0
1753591993153,04:53:13.153,bitmex,ADA/USDT:USDT,0.8328,35000.0,0.8327,56000.0,0.8332,8000.0,0.8333,404000.0
1753591993202,04:53:13.202,bitmex,ADA/USDT:USDT,0.8328,35000.0,0.8327,56000.0,0.8332,8000.0,0.8333,404000.0
1753591993415,04:53:13.415,bitmex,ADA/USDT:USDT,0.8328,27000.0,0.8327,56000.0,0.8332,8000.0,0.8333,404000.0
1753591993640,04:53:13.640,bitmex,ADA/USDT:USDT,0.8328,27000.0,0.8327,56000.0,0.8332,8000.0,0.8333,404000.0
1753591993883,04:53:13.883,bitmex,ADA/USDT:USDT,0.8327,56000.0,0.8324,8000.0,0.8332,8000.0,0.8333,404000.0
1753591993932,04:53:13.932,bitmex,ADA/USDT:USDT,0.8327,56000.0,0.8326,84000.0,0.8332,8000.0,0.8333,49000.0
1753591994079,04:53:14.079,bitmex,ADA/USDT:USDT,0.8327,56000.0,0.8326,84000.0,0.833,404000.0,0.8332,8000.0
1753591994406,04:53:14.406,bitmex,ADA/USDT:USDT,0.8327,56000.0,0.8326,84000.0,0.833,404000.0,0.8332,8000.0
1753591994591,04:53:14.591,bitmex,ADA/USDT:USDT,0.8327,56000.0,0.8326,84000.0,0.833,404000.0,0.8332,9000.0
1753591994641,04:53:14.641,bitmex,ADA/USDT:USDT,0.8327,56000.0,0.8326,84000.0,0.833,404000.0,0.8332,9000.0
1753591995034,04:53:15.034,bitmex,ADA/USDT:USDT,0.8327,56000.0,0.8326,84000.0,0.833,404000.0,0.8332,9000.0
1753591995308,04:53:15.308,bitmex,ADA/USDT:USDT,0.8327,56000.0,0.8326,84000.0,0.833,404000.0,0.8332,9000.0
1753591995431,04:53:15.431,bitmex,ADA/USDT:USDT,0.8327,56000.0,0.8326,84000.0,0.833,404000.0,0.8332,9000.0
1753591995626,04:53:15.626,bitmex,ADA/USDT:USDT,0.8327,56000.0,0.8326,84000.0,0.8329,8000.0,0.833,404000.0
1753591995676,04:53:15.676,bitmex,ADA/USDT:USDT,0.8327,56000.0,0.8326,84000.0,0.833,404000.0,0.8332,9000.0
1753591995725,04:53:15.725,bitmex,ADA/USDT:USDT,0.8327,56000.0,0.8326,84000.0,0.833,404000.0,0.8332,9000.0
1753591996260,04:53:16.260,bitmex,ADA/USDT:USDT,0.8327,56000.0,0.8326,84000.0,0.833,404000.0,0.8332,9000.0
1753591996345,04:53:16.345,bitmex,ADA/USDT:USDT,0.8327,56000.0,0.8326,84000.0,0.833,404000.0,0.8332,9000.0
1753591996394,04:53:16.394,bitmex,ADA/USDT:USDT,0.8327,56000.0,0.8326,84000.0,0.833,404000.0,0.8332,9000.0
1753591997620,04:53:17.620,bitmex,ADA/USDT:USDT,0.8327,56000.0,0.8326,84000.0,0.833,404000.0,0.8332,9000.0
1753591997670,04:53:17.670,bitmex,ADA/USDT:USDT,0.8327,56000.0,0.8326,84000.0,0.833,404000.0,0.8332,9000.0
1753591997719,04:53:17.719,bitmex,ADA/USDT:USDT,0.8327,56000.0,0.8326,84000.0,0.8329,8000.0,0.833,404000.0
1753591997768,04:53:17.768,bitmex,ADA/USDT:USDT,0.8327,56000.0,0.8326,84000.0,0.8329,8000.0,0.833,404000.0
1753591997817,04:53:17.817,bitmex,ADA/USDT:USDT,0.8327,56000.0,0.8326,84000.0,0.8329,8000.0,0.833,404000.0
1753591997879,04:53:17.879,bitmex,ADA/USDT:USDT,0.8327,56000.0,0.8326,84000.0,0.833,404000.0,0.8332,9000.0
1753591997928,04:53:17.928,bitmex,ADA/USDT:USDT,0.8328,27000.0,0.8327,56000.0,0.833,404000.0,0.8332,9000.0
1753591997977,04:53:17.977,bitmex,ADA/USDT:USDT,0.8328,27000.0,0.8327,56000.0,0.833,404000.0,0.8332,9000.0
1753591998026,04:53:18.026,bitmex,ADA/USDT:USDT,0.8328,27000.0,0.8327,56000.0,0.833,404000.0,0.8332,9000.0
1753591998232,04:53:18.232,bitmex,ADA/USDT:USDT,0.8328,27000.0,0.8327,56000.0,0.833,404000.0,0.8332,9000.0
1753591998281,04:53:18.281,bitmex,ADA/USDT:USDT,0.8328,27000.0,0.8327,56000.0,0.833,404000.0,0.8332,9000.0
1753591998377,04:53:18.377,bitmex,ADA/USDT:USDT,0.8328,27000.0,0.8327,56000.0,0.8329,8000.0,0.833,404000.0
1753591998723,04:53:18.723,bitmex,ADA/USDT:USDT,0.8328,27000.0,0.8327,56000.0,0.833,404000.0,0.8332,9000.0
1753591998772,04:53:18.772,bitmex,ADA/USDT:USDT,0.8328,27000.0,0.8327,56000.0,0.833,404000.0,0.8332,9000.0
1753591998939,04:53:18.939,bitmex,ADA/USDT:USDT,0.8327,56000.0,0.8323,8000.0,0.833,404000.0,0.8332,9000.0
1753591998991,04:53:18.991,bitmex,ADA/USDT:USDT,0.8327,56000.0,0.8326,84000.0,0.833,404000.0,0.8332,9000.0
1753591999041,04:53:19.041,bitmex,ADA/USDT:USDT,0.8328,27000.0,0.8327,56000.0,0.833,404000.0,0.8332,9000.0
1753591999090,04:53:19.090,bitmex,ADA/USDT:USDT,0.8328,27000.0,0.8327,56000.0,0.833,404000.0,0.8332,9000.0
1753591999300,04:53:19.300,bitmex,ADA/USDT:USDT,0.8328,27000.0,0.8327,56000.0,0.833,404000.0,0.8332,9000.0
1753591999349,04:53:19.349,bitmex,ADA/USDT:USDT,0.8329,27000.0,0.8328,27000.0,0.833,404000.0,0.8332,8000.0
1753591999398,04:53:19.398,bitmex,ADA/USDT:USDT,0.8329,27000.0,0.8328,27000.0,0.833,404000.0,0.8332,8000.0
1753591999447,04:53:19.447,bitmex,ADA/USDT:USDT,0.8329,27000.0,0.8328,27000.0,0.833,404000.0,0.8332,8000.0
1753591999562,04:53:19.562,bitmex,ADA/USDT:USDT,0.8329,27000.0,0.8328,27000.0,0.833,404000.0,0.8332,8000.0
1753591999633,04:53:19.633,bitmex,ADA/USDT:USDT,0.8329,27000.0,0.8328,27000.0,0.833,404000.0,0.8332,8000.0
1753591999683,04:53:19.683,bitmex,ADA/USDT:USDT,0.8329,27000.0,0.8328,27000.0,0.833,404000.0,0.8332,8000.0
1753592000008,04:53:20.008,bitmex,ADA/USDT:USDT,0.8329,27000.0,0.8328,27000.0,0.833,404000.0,0.8332,8000.0
1753592000058,04:53:20.058,bitmex,ADA/USDT:USDT,0.8329,27000.0,0.8328,27000.0,0.833,404000.0,0.8332,8000.0
1753592000107,04:53:20.107,bitmex,ADA/USDT:USDT,0.8329,27000.0,0.8328,27000.0,0.833,404000.0,0.8332,8000.0
1753592000312,04:53:20.312,bitmex,ADA/USDT:USDT,0.8329,27000.0,0.8328,27000.0,0.833,404000.0,0.8332,8000.0
1753592000636,04:53:20.636,bitmex,ADA/USDT:USDT,0.8329,27000.0,0.8328,27000.0,0.833,404000.0,0.8332,8000.0
1753592000686,04:53:20.686,bitmex,ADA/USDT:USDT,0.8329,27000.0,0.8328,27000.0,0.833,404000.0,0.8332,8000.0
1753592001253,04:53:21.253,bitmex,ADA/USDT:USDT,0.8329,27000.0,0.8328,27000.0,0.833,404000.0,0.8332,8000.0
1753592001302,04:53:21.302,bitmex,ADA/USDT:USDT,0.8329,27000.0,0.8328,27000.0,0.833,404000.0,0.8332,8000.0
1753592001610,04:53:21.610,bitmex,ADA/USDT:USDT,0.8329,27000.0,0.8328,27000.0,0.833,404000.0,0.8332,8000.0
1753592001659,04:53:21.659,bitmex,ADA/USDT:USDT,0.8329,27000.0,0.8328,27000.0,0.833,404000.0,0.8332,8000.0
1753592001835,04:53:21.835,bitmex,ADA/USDT:USDT,0.8329,27000.0,0.8328,27000.0,0.833,404000.0,0.8332,8000.0
1753592001884,04:53:21.884,bitmex,ADA/USDT:USDT,0.8329,27000.0,0.8328,27000.0,0.833,404000.0,0.8332,8000.0
1753592001933,04:53:21.933,bitmex,ADA/USDT:USDT,0.8329,27000.0,0.8328,27000.0,0.833,404000.0,0.8332,8000.0
1753592002420,04:53:22.420,bitmex,ADA/USDT:USDT,0.8329,27000.0,0.8328,27000.0,0.833,404000.0,0.8332,8000.0
1753592002470,04:53:22.470,bitmex,ADA/USDT:USDT,0.8329,27000.0,0.8328,27000.0,0.833,404000.0,0.8332,8000.0
1753592002971,04:53:22.971,bitmex,ADA/USDT:USDT,0.8329,27000.0,0.8328,27000.0,0.833,404000.0,0.8332,8000.0
1753592003021,04:53:23.021,bitmex,ADA/USDT:USDT,0.8329,27000.0,0.8328,27000.0,0.833,404000.0,0.8332,8000.0
1753592003557,04:53:23.557,bitmex,ADA/USDT:USDT,0.8329,27000.0,0.8328,27000.0,0.833,404000.0,0.8332,8000.0
1753592003607,04:53:23.607,bitmex,ADA/USDT:USDT,0.8331,27000.0,0.833,85000.0,0.8333,57000.0,0.8335,9000.0
1753592003656,04:53:23.656,bitmex,ADA/USDT:USDT,0.8331,27000.0,0.833,85000.0,0.8333,8000.0,0.8335,9000.0
1753592003705,04:53:23.705,bitmex,ADA/USDT:USDT,0.8331,27000.0,0.833,85000.0,0.8333,8000.0,0.8335,9000.0
1753592003790,04:53:23.790,bitmex,ADA/USDT:USDT,0.8331,27000.0,0.833,85000.0,0.8332,404000.0,0.8333,8000.0
1753592003840,04:53:23.840,bitmex,ADA/USDT:USDT,0.8331,27000.0,0.833,85000.0,0.8332,404000.0,0.8333,8000.0
1753592004108,04:53:24.108,bitmex,ADA/USDT:USDT,0.833,85000.0,0.8329,8000.0,0.8332,404000.0,0.8333,8000.0
1753592004158,04:53:24.158,bitmex,ADA/USDT:USDT,0.8329,56000.0,0.8328,8000.0,0.8332,404000.0,0.8333,8000.0
1753592004285,04:53:24.285,bitmex,ADA/USDT:USDT,0.8329,56000.0,0.8328,8000.0,0.8332,404000.0,0.8333,8000.0
1753592004335,04:53:24.335,bitmex,ADA/USDT:USDT,0.8329,56000.0,0.8328,8000.0,0.8332,404000.0,0.8333,8000.0
1753592004569,04:53:24.569,bitmex,ADA/USDT:USDT,0.8329,56000.0,0.8328,8000.0,0.8332,404000.0,0.8333,8000.0
1753592004648,04:53:24.648,bitmex,ADA/USDT:USDT,0.833,27000.0,0.8329,56000.0,0.8332,404000.0,0.8333,8000.0
1753592004697,04:53:24.697,bitmex,ADA/USDT:USDT,0.833,27000.0,0.8329,56000.0,0.8332,404000.0,0.8333,8000.0
1753592004746,04:53:24.746,bitmex,ADA/USDT:USDT,0.833,27000.0,0.8329,56000.0,0.8332,404000.0,0.8333,8000.0
1753592004795,04:53:24.795,bitmex,ADA/USDT:USDT,0.833,27000.0,0.8329,56000.0,0.8332,404000.0,0.8333,8000.0
1753592004846,04:53:24.846,bitmex,ADA/USDT:USDT,0.833,27000.0,0.8329,56000.0,0.8332,404000.0,0.8333,8000.0
1753592005738,04:53:25.738,bitmex,ADA/USDT:USDT,0.833,27000.0,0.8329,56000.0,0.8332,404000.0,0.8333,8000.0
1753592005788,04:53:25.788,bitmex,ADA/USDT:USDT,0.833,27000.0,0.8329,56000.0,0.8332,404000.0,0.8333,8000.0
1753592005857,04:53:25.857,bitmex,ADA/USDT:USDT,0.833,27000.0,0.8329,56000.0,0.8332,404000.0,0.8333,8000.0
1753592006440,04:53:26.440,bitmex,ADA/USDT:USDT,0.833,27000.0,0.8329,56000.0,0.8332,404000.0,0.8333,8000.0
1753592007125,04:53:27.125,bitmex,ADA/USDT:USDT,0.833,27000.0,0.8329,56000.0,0.8332,404000.0,0.8333,8000.0
1753592007224,04:53:27.224,bitmex,ADA/USDT:USDT,0.833,27000.0,0.8329,56000.0,0.8332,404000.0,0.8333,8000.0
1753592007274,04:53:27.274,bitmex,ADA/USDT:USDT,0.833,27000.0,0.8329,56000.0,0.8332,404000.0,0.8333,8000.0
1753592007783,04:53:27.783,bitmex,ADA/USDT:USDT,0.833,27000.0,0.8329,56000.0,0.8332,404000.0,0.8333,8000.0
1753592008011,04:53:28.011,bitmex,ADA/USDT:USDT,0.833,27000.0,0.8329,56000.0,0.8332,404000.0,0.8333,8000.0
1753592008060,04:53:28.060,bitmex,ADA/USDT:USDT,0.833,27000.0,0.8329,56000.0,0.8332,404000.0,0.8333,8000.0
1753592008892,04:53:28.892,bitmex,ADA/USDT:USDT,0.833,27000.0,0.8329,56000.0,0.8332,404000.0,0.8333,8000.0
1753592008942,04:53:28.942,bitmex,ADA/USDT:USDT,0.833,27000.0,0.8329,56000.0,0.8332,404000.0,0.8333,8000.0
1753592009011,04:53:29.011,bitmex,ADA/USDT:USDT,0.833,27000.0,0.8329,56000.0,0.8331,8000.0,0.8332,404000.0
1753592009060,04:53:29.060,bitmex,ADA/USDT:USDT,0.8329,56000.0,0.8328,8000.0,0.8332,404000.0,0.8333,8000.0
1753592009109,04:53:29.109,bitmex,ADA/USDT:USDT,0.8329,56000.0,0.8328,8000.0,0.8332,404000.0,0.8333,8000.0
1753592009224,04:53:29.224,bitmex,ADA/USDT:USDT,0.8329,56000.0,0.8328,8000.0,0.8331,8000.0,0.8332,404000.0
1753592009300,04:53:29.300,bitmex,ADA/USDT:USDT,0.8329,56000.0,0.8328,8000.0,0.8331,8000.0,0.8332,404000.0
1753592009349,04:53:29.349,bitmex,ADA/USDT:USDT,0.8329,56000.0,0.8328,8000.0,0.8331,8000.0,0.8332,404000.0
1753592009470,04:53:29.470,bitmex,ADA/USDT:USDT,0.8329,56000.0,0.8328,8000.0,0.8332,404000.0,0.8333,8000.0
1753592009636,04:53:29.636,bitmex,ADA/USDT:USDT,0.8329,56000.0,0.8328,8000.0,0.8332,404000.0,0.8333,8000.0
1753592009686,04:53:29.686,bitmex,ADA/USDT:USDT,0.8329,56000.0,0.8328,8000.0,0.8332,404000.0,0.8333,8000.0
1753592010160,04:53:30.160,bitmex,ADA/USDT:USDT,0.8329,56000.0,0.8328,8000.0,0.8332,404000.0,0.8333,8000.0
1753592010587,04:53:30.587,bitmex,ADA/USDT:USDT,0.8329,56000.0,0.8328,8000.0,0.8332,404000.0,0.8333,8000.0
1753592010637,04:53:30.637,bitmex,ADA/USDT:USDT,0.8329,56000.0,0.8328,8000.0,0.8332,404000.0,0.8333,8000.0
1753592011436,04:53:31.436,bitmex,ADA/USDT:USDT,0.8329,56000.0,0.8328,8000.0,0.8332,404000.0,0.8333,8000.0
1753592011486,04:53:31.486,bitmex,ADA/USDT:USDT,0.8329,56000.0,0.8328,8000.0,0.8332,404000.0,0.8333,8000.0
1753592012021,04:53:32.021,bitmex,ADA/USDT:USDT,0.8329,56000.0,0.8328,8000.0,0.8332,404000.0,0.8333,8000.0
1753592012071,04:53:32.071,bitmex,ADA/USDT:USDT,0.833,27000.0,0.8329,56000.0,0.8333,8000.0,0.8335,413000.0
1753592012120,04:53:32.120,bitmex,ADA/USDT:USDT,0.833,27000.0,0.8329,56000.0,0.8333,8000.0,0.8335,413000.0
1753592012169,04:53:32.169,bitmex,ADA/USDT:USDT,0.833,27000.0,0.8329,56000.0,0.8333,8000.0,0.8335,413000.0
1753592012255,04:53:32.255,bitmex,ADA/USDT:USDT,0.833,27000.0,0.8329,56000.0,0.8333,8000.0,0.8335,413000.0
1753592012305,04:53:32.305,bitmex,ADA/USDT:USDT,0.833,27000.0,0.8329,56000.0,0.8333,8000.0,0.8335,413000.0
1753592012354,04:53:32.354,bitmex,ADA/USDT:USDT,0.833,27000.0,0.8329,56000.0,0.8333,8000.0,0.8335,413000.0
1753592012403,04:53:32.403,bitmex,ADA/USDT:USDT,0.833,27000.0,0.8329,56000.0,0.8333,8000.0,0.8335,413000.0
1753592012452,04:53:32.452,bitmex,ADA/USDT:USDT,0.833,27000.0,0.8329,56000.0,0.8333,8000.0,0.8335,413000.0
1753592012608,04:53:32.608,bitmex,ADA/USDT:USDT,0.833,27000.0,0.8329,56000.0,0.8333,8000.0,0.8335,413000.0
1753592012937,04:53:32.937,bitmex,ADA/USDT:USDT,0.8331,27000.0,0.833,27000.0,0.8332,404000.0,0.8333,8000.0
1753592012986,04:53:32.986,bitmex,ADA/USDT:USDT,0.8331,27000.0,0.833,85000.0,0.8332,404000.0,0.8333,8000.0
1753592013391,04:53:33.391,bitmex,ADA/USDT:USDT,0.8331,27000.0,0.833,85000.0,0.8332,404000.0,0.8333,8000.0
1753592013720,04:53:33.720,bitmex,ADA/USDT:USDT,0.8331,27000.0,0.833,85000.0,0.8332,404000.0,0.8333,8000.0
1753592013770,04:53:33.770,bitmex,ADA/USDT:USDT,0.8331,27000.0,0.833,85000.0,0.8332,404000.0,0.8333,8000.0
1753592014675,04:53:34.675,bitmex,ADA/USDT:USDT,0.8331,27000.0,0.833,85000.0,0.8332,404000.0,0.8333,8000.0
1753592014724,04:53:34.724,bitmex,ADA/USDT:USDT,0.8331,27000.0,0.833,85000.0,0.8332,404000.0,0.8333,8000.0
1753592014773,04:53:34.773,bitmex,ADA/USDT:USDT,0.8331,27000.0,0.833,85000.0,0.8332,404000.0,0.8333,8000.0
1753592014822,04:53:34.822,bitmex,ADA/USDT:USDT,0.8331,27000.0,0.833,85000.0,0.8332,404000.0,0.8333,8000.0
1753592014871,04:53:34.871,bitmex,ADA/USDT:USDT,0.8331,27000.0,0.833,85000.0,0.8332,404000.0,0.8333,8000.0
1753592015037,04:53:35.037,bitmex,ADA/USDT:USDT,0.8331,27000.0,0.833,85000.0,0.8332,404000.0,0.8333,8000.0
1753592015671,04:53:35.671,bitmex,ADA/USDT:USDT,0.8331,27000.0,0.833,85000.0,0.8332,404000.0,0.8333,8000.0
1753592015733,04:53:35.733,bitmex,ADA/USDT:USDT,0.8331,27000.0,0.833,85000.0,0.8332,404000.0,0.8333,8000.0
1753592016352,04:53:36.352,bitmex,ADA/USDT:USDT,0.8331,27000.0,0.833,85000.0,0.8332,404000.0,0.8333,8000.0
1753592016401,04:53:36.401,bitmex,ADA/USDT:USDT,0.8331,27000.0,0.833,85000.0,0.8332,404000.0,0.8333,8000.0
1753592016820,04:53:36.820,bitmex,ADA/USDT:USDT,0.8331,27000.0,0.833,85000.0,0.8332,404000.0,0.8333,8000.0
1753592016869,04:53:36.869,bitmex,ADA/USDT:USDT,0.8331,27000.0,0.833,85000.0,0.8332,404000.0,0.8333,8000.0
1753592017590,04:53:37.590,bitmex,ADA/USDT:USDT,0.833,85000.0,0.8327,8000.0,0.8332,404000.0,0.8333,8000.0
1753592017639,04:53:37.639,bitmex,ADA/USDT:USDT,0.833,56000.0,0.8327,8000.0,0.8332,404000.0,0.8333,8000.0
1753592017688,04:53:37.688,bitmex,ADA/USDT:USDT,0.833,56000.0,0.8329,85000.0,0.8332,404000.0,0.8333,8000.0
1753592018126,04:53:38.126,bitmex,ADA/USDT:USDT,0.833,56000.0,0.8329,85000.0,0.8332,404000.0,0.8333,8000.0
1753592018785,04:53:38.785,bitmex,ADA/USDT:USDT,0.833,56000.0,0.8329,85000.0,0.8332,404000.0,0.8333,8000.0
1753592019393,04:53:39.393,bitmex,ADA/USDT:USDT,0.833,56000.0,0.8329,85000.0,0.8332,404000.0,0.8333,8000.0
1753592020141,04:53:40.141,bitmex,ADA/USDT:USDT,0.8331,27000.0,0.833,56000.0,0.8332,404000.0,0.8333,8000.0
1753592020191,04:53:40.191,bitmex,ADA/USDT:USDT,0.8331,27000.0,0.833,56000.0,0.8332,404000.0,0.8333,8000.0
1753592020448,04:53:40.448,bitmex,ADA/USDT:USDT,0.8331,27000.0,0.833,56000.0,0.8332,404000.0,0.8333,8000.0
1753592020502,04:53:40.502,bitmex,ADA/USDT:USDT,0.8331,35000.0,0.833,56000.0,0.8332,404000.0,0.8335,8000.0
1753592020552,04:53:40.552,bitmex,ADA/USDT:USDT,0.8331,35000.0,0.833,56000.0,0.8332,404000.0,0.8335,8000.0
1753592020601,04:53:40.601,bitmex,ADA/USDT:USDT,0.8331,27000.0,0.833,56000.0,0.8332,404000.0,0.8335,8000.0
1753592020650,04:53:40.650,bitmex,ADA/USDT:USDT,0.8331,27000.0,0.833,56000.0,0.8332,404000.0,0.8335,8000.0
1753592020715,04:53:40.715,bitmex,ADA/USDT:USDT,0.8331,27000.0,0.833,56000.0,0.8332,404000.0,0.8335,8000.0
1753592021005,04:53:41.005,bitmex,ADA/USDT:USDT,0.8331,27000.0,0.833,56000.0,0.8332,404000.0,0.8335,8000.0
1753592021169,04:53:41.169,bitmex,ADA/USDT:USDT,0.833,56000.0,0.8327,8000.0,0.8332,404000.0,0.8335,8000.0
1753592021218,04:53:41.218,bitmex,ADA/USDT:USDT,0.833,56000.0,0.8329,85000.0,0.8332,404000.0,0.8335,8000.0
1753592021505,04:53:41.505,bitmex,ADA/USDT:USDT,0.8331,27000.0,0.833,56000.0,0.8332,404000.0,0.8335,8000.0
1753592021555,04:53:41.555,bitmex,ADA/USDT:USDT,0.8331,27000.0,0.833,56000.0,0.8332,404000.0,0.8335,8000.0
1753592021604,04:53:41.604,bitmex,ADA/USDT:USDT,0.8331,27000.0,0.833,56000.0,0.8332,404000.0,0.8335,8000.0
1753592021653,04:53:41.653,bitmex,ADA/USDT:USDT,0.8331,27000.0,0.833,56000.0,0.8332,404000.0,0.8335,8000.0
1753592022038,04:53:42.038,bitmex,ADA/USDT:USDT,0.8331,27000.0,0.833,56000.0,0.8332,404000.0,0.8335,8000.0
1753592022088,04:53:42.088,bitmex,ADA/USDT:USDT,0.8331,27000.0,0.833,56000.0,0.8335,8000.0,0.8336,58000.0
1753592022142,04:53:42.142,bitmex,ADA/USDT:USDT,0.8331,27000.0,0.833,56000.0,0.8334,404000.0,0.8335,8000.0
1753592022191,04:53:42.191,bitmex,ADA/USDT:USDT,0.8331,27000.0,0.833,56000.0,0.8333,8000.0,0.8334,404000.0
1753592022341,04:53:42.341,bitmex,ADA/USDT:USDT,0.8331,27000.0,0.833,56000.0,0.8333,8000.0,0.8334,404000.0
1753592022391,04:53:42.391,bitmex,ADA/USDT:USDT,0.8331,27000.0,0.833,56000.0,0.8333,8000.0,0.8334,404000.0
1753592022942,04:53:42.942,bitmex,ADA/USDT:USDT,0.8331,27000.0,0.833,56000.0,0.8334,404000.0,0.8335,8000.0
1753592022991,04:53:42.991,bitmex,ADA/USDT:USDT,0.8332,27000.0,0.8331,85000.0,0.8334,404000.0,0.8335,8000.0
1753592023040,04:53:43.040,bitmex,ADA/USDT:USDT,0.8332,27000.0,0.8331,85000.0,0.8334,404000.0,0.8335,8000.0
1753592023536,04:53:43.536,bitmex,ADA/USDT:USDT,0.8332,27000.0,0.8331,85000.0,0.8334,404000.0,0.8335,8000.0
1753592023586,04:53:43.586,bitmex,ADA/USDT:USDT,0.8332,27000.0,0.8331,85000.0,0.8334,404000.0,0.8335,8000.0
1753592024046,04:53:44.046,bitmex,ADA/USDT:USDT,0.8331,85000.0,0.8327,8000.0,0.8334,404000.0,0.8335,8000.0
1753592024096,04:53:44.096,bitmex,ADA/USDT:USDT,0.8331,56000.0,0.833,85000.0,0.8334,404000.0,0.8335,8000.0
1753592024145,04:53:44.145,bitmex,ADA/USDT:USDT,0.8331,56000.0,0.833,85000.0,0.8334,404000.0,0.8335,8000.0
1753592024363,04:53:44.363,bitmex,ADA/USDT:USDT,0.8331,56000.0,0.833,85000.0,0.8334,404000.0,0.8335,8000.0
1753592024899,04:53:44.899,bitmex,ADA/USDT:USDT,0.8331,56000.0,0.833,85000.0,0.8334,404000.0,0.8335,8000.0
1753592025205,04:53:45.205,bitmex,ADA/USDT:USDT,0.8331,56000.0,0.833,85000.0,0.8334,404000.0,0.8335,8000.0
1753592025254,04:53:45.254,bitmex,ADA/USDT:USDT,0.8331,56000.0,0.833,85000.0,0.8334,404000.0,0.8335,8000.0
1753592025371,04:53:45.371,bitmex,ADA/USDT:USDT,0.8331,56000.0,0.833,85000.0,0.8334,404000.0,0.8335,8000.0
1753592025599,04:53:45.599,bitmex,ADA/USDT:USDT,0.8331,56000.0,0.833,85000.0,0.8334,404000.0,0.8335,8000.0
1753592025648,04:53:45.648,bitmex,ADA/USDT:USDT,0.8331,56000.0,0.833,85000.0,0.8334,404000.0,0.8335,8000.0
1753592025697,04:53:45.697,bitmex,ADA/USDT:USDT,0.8332,27000.0,0.8331,56000.0,0.8334,404000.0,0.8335,8000.0
1753592025986,04:53:45.986,bitmex,ADA/USDT:USDT,0.8332,27000.0,0.8331,56000.0,0.8334,404000.0,0.8335,8000.0
1753592026036,04:53:46.036,bitmex,ADA/USDT:USDT,0.8332,27000.0,0.8331,56000.0,0.8334,404000.0,0.8335,8000.0
1753592026429,04:53:46.429,bitmex,ADA/USDT:USDT,0.8332,27000.0,0.8331,56000.0,0.8334,404000.0,0.8335,8000.0
1753592026478,04:53:46.478,bitmex,ADA/USDT:USDT,0.8332,27000.0,0.8331,56000.0,0.8334,404000.0,0.8335,8000.0
1753592026558,04:53:46.558,bitmex,ADA/USDT:USDT,0.8332,27000.0,0.8331,56000.0,0.8334,404000.0,0.8335,8000.0
1753592026631,04:53:46.631,bitmex,ADA/USDT:USDT,0.8332,27000.0,0.8331,56000.0,0.8334,404000.0,0.8335,8000.0
1753592026938,04:53:46.938,bitmex,ADA/USDT:USDT,0.8332,27000.0,0.8331,56000.0,0.8334,404000.0,0.8335,8000.0
1753592026997,04:53:46.997,bitmex,ADA/USDT:USDT,0.8332,27000.0,0.8331,56000.0,0.8334,404000.0,0.8335,8000.0
1753592027047,04:53:47.047,bitmex,ADA/USDT:USDT,0.8332,27000.0,0.8331,56000.0,0.8334,404000.0,0.8335,8000.0
1753592027096,04:53:47.096,bitmex,ADA/USDT:USDT,0.8332,27000.0,0.8331,56000.0,0.8335,8000.0,0.8336,58000.0
1753592027194,04:53:47.194,bitmex,ADA/USDT:USDT,0.8333,27000.0,0.8332,85000.0,0.8334,404000.0,0.8335,8000.0
1753592027243,04:53:47.243,bitmex,ADA/USDT:USDT,0.8333,27000.0,0.8332,85000.0,0.8334,404000.0,0.8335,8000.0
1753592027292,04:53:47.292,bitmex,ADA/USDT:USDT,0.8333,27000.0,0.8332,85000.0,0.8334,404000.0,0.8335,8000.0
1753592027341,04:53:47.341,bitmex,ADA/USDT:USDT,0.8333,27000.0,0.8332,85000.0,0.8334,404000.0,0.8335,8000.0
1753592027613,04:53:47.613,bitmex,ADA/USDT:USDT,0.8333,27000.0,0.8332,85000.0,0.8334,404000.0,0.8335,8000.0
1753592027662,04:53:47.662,bitmex,ADA/USDT:USDT,0.8333,27000.0,0.8332,85000.0,0.8334,404000.0,0.8335,8000.0
1753592027887,04:53:47.887,bitmex,ADA/USDT:USDT,0.8333,27000.0,0.8332,85000.0,0.8334,404000.0,0.8335,8000.0
1753592027937,04:53:47.937,bitmex,ADA/USDT:USDT,0.8333,27000.0,0.8332,85000.0,0.8334,404000.0,0.8335,8000.0
1753592028109,04:53:48.109,bitmex,ADA/USDT:USDT,0.8333,27000.0,0.8332,85000.0,0.8334,404000.0,0.8335,8000.0
1753592028161,04:53:48.161,bitmex,ADA/USDT:USDT,0.8334,27000.0,0.8333,27000.0,0.8336,57000.0,0.8338,9000.0
1753592028210,04:53:48.210,bitmex,ADA/USDT:USDT,0.8334,27000.0,0.8333,85000.0,0.8336,8000.0,0.8338,58000.0
1753592028259,04:53:48.259,bitmex,ADA/USDT:USDT,0.8334,27000.0,0.8333,85000.0,0.8335,404000.0,0.8336,8000.0
1753592028308,04:53:48.308,bitmex,ADA/USDT:USDT,0.8334,27000.0,0.8333,85000.0,0.8335,404000.0,0.8336,8000.0
1753592028627,04:53:48.627,bitmex,ADA/USDT:USDT,0.8334,27000.0,0.8333,85000.0,0.8335,404000.0,0.8336,8000.0
1753592028676,04:53:48.676,bitmex,ADA/USDT:USDT,0.8334,27000.0,0.8333,85000.0,0.8335,404000.0,0.8336,8000.0
1753592029008,04:53:49.008,bitmex,ADA/USDT:USDT,0.8334,27000.0,0.8333,85000.0,0.8335,404000.0,0.8336,8000.0
1753592029057,04:53:49.057,bitmex,ADA/USDT:USDT,0.8334,27000.0,0.8333,85000.0,0.8335,404000.0,0.8336,8000.0
1753592029106,04:53:49.106,bitmex,ADA/USDT:USDT,0.8334,27000.0,0.8333,85000.0,0.8335,404000.0,0.8336,8000.0
1753592029367,04:53:49.367,bitmex,ADA/USDT:USDT,0.8334,27000.0,0.8333,85000.0,0.8335,404000.0,0.8336,8000.0
1753592029417,04:53:49.417,bitmex,ADA/USDT:USDT,0.8334,27000.0,0.8333,85000.0,0.8335,404000.0,0.8336,8000.0
1753592029579,04:53:49.579,bitmex,ADA/USDT:USDT,0.8334,27000.0,0.8333,85000.0,0.8335,404000.0,0.8336,8000.0
1753592029842,04:53:49.842,bitmex,ADA/USDT:USDT,0.8334,27000.0,0.8333,85000.0,0.8335,404000.0,0.8336,8000.0
1753592030517,04:53:50.517,bitmex,ADA/USDT:USDT,0.8334,27000.0,0.8333,85000.0,0.8335,404000.0,0.8336,8000.0
1753592030567,04:53:50.567,bitmex,ADA/USDT:USDT,0.8334,27000.0,0.8333,85000.0,0.8335,404000.0,0.8336,8000.0
1753592030989,04:53:50.989,bitmex,ADA/USDT:USDT,0.8334,27000.0,0.8333,85000.0,0.8335,404000.0,0.8336,8000.0
1753592031038,04:53:51.038,bitmex,ADA/USDT:USDT,0.8334,27000.0,0.8333,85000.0,0.8335,404000.0,0.8336,8000.0
1753592031221,04:53:51.221,bitmex,ADA/USDT:USDT,0.8334,27000.0,0.8333,85000.0,0.8335,404000.0,0.8336,8000.0
1753592031271,04:53:51.271,bitmex,ADA/USDT:USDT,0.8334,27000.0,0.8333,85000.0,0.8335,404000.0,0.8336,8000.0
1753592032072,04:53:52.072,bitmex,ADA/USDT:USDT,0.8334,27000.0,0.8333,85000.0,0.8335,404000.0,0.8336,8000.0
1753592032121,04:53:52.121,bitmex,ADA/USDT:USDT,0.8334,27000.0,0.8333,85000.0,0.8337,8000.0,0.8338,58000.0
1753592032171,04:53:52.171,bitmex,ADA/USDT:USDT,0.8335,27000.0,0.8334,85000.0,0.8337,8000.0,0.8338,58000.0
1753592032220,04:53:52.220,bitmex,ADA/USDT:USDT,0.8335,27000.0,0.8334,85000.0,0.8336,404000.0,0.8337,8000.0
1753592032706,04:53:52.706,bitmex,ADA/USDT:USDT,0.8335,27000.0,0.8334,85000.0,0.8336,404000.0,0.8337,8000.0
1753592032755,04:53:52.755,bitmex,ADA/USDT:USDT,0.8335,27000.0,0.8334,85000.0,0.8336,404000.0,0.8337,8000.0
1753592032804,04:53:52.804,bitmex,ADA/USDT:USDT,0.8335,27000.0,0.8334,85000.0,0.8336,404000.0,0.8337,8000.0
1753592032880,04:53:52.880,bitmex,ADA/USDT:USDT,0.8334,85000.0,0.8333,8000.0,0.8336,404000.0,0.8337,8000.0
1753592032930,04:53:52.930,bitmex,ADA/USDT:USDT,0.8333,56000.0,0.8332,85000.0,0.8336,404000.0,0.8337,8000.0
1753592032979,04:53:52.979,bitmex,ADA/USDT:USDT,0.8333,56000.0,0.8332,85000.0,0.8336,404000.0,0.8337,8000.0
1753592033084,04:53:53.084,bitmex,ADA/USDT:USDT,0.8333,56000.0,0.8332,85000.0,0.8336,404000.0,0.8337,8000.0
1753592033133,04:53:53.133,bitmex,ADA/USDT:USDT,0.8333,56000.0,0.8332,85000.0,0.8335,8000.0,0.8336,404000.0
1753592033182,04:53:53.182,bitmex,ADA/USDT:USDT,0.8333,56000.0,0.8332,85000.0,0.8335,8000.0,0.8336,404000.0
1753592033353,04:53:53.353,bitmex,ADA/USDT:USDT,0.8333,56000.0,0.8332,85000.0,0.8335,8000.0,0.8336,404000.0
1753592033402,04:53:53.402,bitmex,ADA/USDT:USDT,0.8333,56000.0,0.8332,85000.0,0.8335,8000.0,0.8336,404000.0
1753592033689,04:53:53.689,bitmex,ADA/USDT:USDT,0.8333,56000.0,0.8332,85000.0,0.8335,8000.0,0.8336,404000.0
1753592033829,04:53:53.829,bitmex,ADA/USDT:USDT,0.8333,56000.0,0.8332,85000.0,0.8335,8000.0,0.8336,404000.0
1753592033879,04:53:53.879,bitmex,ADA/USDT:USDT,0.8333,56000.0,0.8332,85000.0,0.8335,8000.0,0.8336,404000.0
1753592034099,04:53:54.099,bitmex,ADA/USDT:USDT,0.8332,85000.0,0.8328,7000.0,0.8335,8000.0,0.8336,404000.0
1753592034148,04:53:54.148,bitmex,ADA/USDT:USDT,0.8332,56000.0,0.8331,69000.0,0.8335,8000.0,0.8336,404000.0
1753592034254,04:53:54.254,bitmex,ADA/USDT:USDT,0.8332,56000.0,0.8331,69000.0,0.8335,8000.0,0.8336,404000.0
1753592034687,04:53:54.687,bitmex,ADA/USDT:USDT,0.8332,56000.0,0.8331,69000.0,0.8335,8000.0,0.8336,404000.0
1753592034815,04:53:54.815,bitmex,ADA/USDT:USDT,0.8332,56000.0,0.8331,69000.0,0.8335,8000.0,0.8336,404000.0
1753592035083,04:53:55.083,bitmex,ADA/USDT:USDT,0.8332,56000.0,0.8331,69000.0,0.8335,8000.0,0.8336,404000.0
1753592035187,04:53:55.187,bitmex,ADA/USDT:USDT,0.8332,56000.0,0.8331,69000.0,0.8335,8000.0,0.8336,404000.0
1753592035364,04:53:55.364,bitmex,ADA/USDT:USDT,0.8332,56000.0,0.8331,69000.0,0.8335,8000.0,0.8336,404000.0
1753592035642,04:53:55.642,bitmex,ADA/USDT:USDT,0.8332,56000.0,0.8331,69000.0,0.8335,8000.0,0.8336,404000.0
1753592036021,04:53:56.021,bitmex,ADA/USDT:USDT,0.8332,56000.0,0.8331,69000.0,0.8335,8000.0,0.8336,404000.0
1753592036070,04:53:56.070,bitmex,ADA/USDT:USDT,0.8332,56000.0,0.8331,69000.0,0.8335,8000.0,0.8336,404000.0
1753592036285,04:53:56.285,bitmex,ADA/USDT:USDT,0.8332,56000.0,0.8331,69000.0,0.8335,8000.0,0.8336,404000.0
1753592036667,04:53:56.667,bitmex,ADA/USDT:USDT,0.8332,56000.0,0.8331,69000.0,0.8335,8000.0,0.8336,404000.0
1753592037364,04:53:57.364,bitmex,ADA/USDT:USDT,0.8333,27000.0,0.8332,56000.0,0.8335,8000.0,0.8336,404000.0
1753592040821,04:54:00.821,bitmex,ADA/USDT:USDT,0.8333,27000.0,0.8332,56000.0,0.8335,8000.0,0.8336,404000.0
1753592040871,04:54:00.871,bitmex,ADA/USDT:USDT,0.8334,27000.0,0.8333,85000.0,0.8336,404000.0,0.8337,8000.0
1753592040920,04:54:00.920,bitmex,ADA/USDT:USDT,0.8334,27000.0,0.8333,85000.0,0.8336,404000.0,0.8337,8000.0
1753592040969,04:54:00.969,bitmex,ADA/USDT:USDT,0.8334,27000.0,0.8333,85000.0,0.8336,404000.0,0.8337,8000.0
1753592041620,04:54:01.620,bitmex,ADA/USDT:USDT,0.8334,27000.0,0.8333,85000.0,0.8336,404000.0,0.8337,8000.0
1753592041886,04:54:01.886,bitmex,ADA/USDT:USDT,0.8334,27000.0,0.8333,85000.0,0.8336,404000.0,0.8337,8000.0
1753592042246,04:54:02.246,bitmex,ADA/USDT:USDT,0.8334,27000.0,0.8333,85000.0,0.8336,404000.0,0.8337,8000.0
1753592042345,04:54:02.345,bitmex,ADA/USDT:USDT,0.8334,27000.0,0.8333,85000.0,0.8336,404000.0,0.8337,8000.0
1753592042408,04:54:02.408,bitmex,ADA/USDT:USDT,0.8334,27000.0,0.8333,85000.0,0.8336,404000.0,0.8337,8000.0
1753592042632,04:54:02.632,bitmex,ADA/USDT:USDT,0.8334,27000.0,0.8333,85000.0,0.8336,404000.0,0.8337,8000.0
1753592043229,04:54:03.229,bitmex,ADA/USDT:USDT,0.8333,85000.0,0.8327,28000.0,0.8336,404000.0,0.8337,8000.0
1753592043278,04:54:03.278,bitmex,ADA/USDT:USDT,0.8333,56000.0,0.8332,85000.0,0.8336,404000.0,0.8337,8000.0
1753592043416,04:54:03.416,bitmex,ADA/USDT:USDT,0.8333,56000.0,0.8332,85000.0,0.8336,404000.0,0.8337,8000.0
1753592043465,04:54:03.465,bitmex,ADA/USDT:USDT,0.8333,56000.0,0.8332,85000.0,0.8336,404000.0,0.8337,8000.0
1753592044699,04:54:04.699,bitmex,ADA/USDT:USDT,0.8333,56000.0,0.8332,85000.0,0.8336,404000.0,0.8337,8000.0
1753592044935,04:54:04.935,bitmex,ADA/USDT:USDT,0.8333,56000.0,0.8332,85000.0,0.8336,404000.0,0.8337,8000.0
1753592045458,04:54:05.458,bitmex,ADA/USDT:USDT,0.8333,56000.0,0.8332,85000.0,0.8336,404000.0,0.8337,8000.0
1753592045507,04:54:05.507,bitmex,ADA/USDT:USDT,0.8334,27000.0,0.8333,56000.0,0.8336,404000.0,0.8337,8000.0
1753592046083,04:54:06.083,bitmex,ADA/USDT:USDT,0.8334,27000.0,0.8333,56000.0,0.8336,404000.0,0.8337,8000.0
1753592046133,04:54:06.133,bitmex,ADA/USDT:USDT,0.8334,27000.0,0.8333,56000.0,0.8336,404000.0,0.8337,8000.0
1753592046537,04:54:06.537,bitmex,ADA/USDT:USDT,0.8334,27000.0,0.8333,56000.0,0.8336,404000.0,0.8337,8000.0
1753592046587,04:54:06.587,bitmex,ADA/USDT:USDT,0.8334,27000.0,0.8333,56000.0,0.8336,404000.0,0.8337,8000.0
1753592047160,04:54:07.160,bitmex,ADA/USDT:USDT,0.8334,27000.0,0.8333,56000.0,0.8336,404000.0,0.8337,8000.0
1753592047209,04:54:07.209,bitmex,ADA/USDT:USDT,0.8334,27000.0,0.8333,56000.0,0.8336,404000.0,0.8337,8000.0
1753592047341,04:54:07.341,bitmex,ADA/USDT:USDT,0.8334,27000.0,0.8333,56000.0,0.8336,404000.0,0.8337,8000.0
1753592047390,04:54:07.390,bitmex,ADA/USDT:USDT,0.8334,27000.0,0.8333,56000.0,0.8336,404000.0,0.8337,8000.0
1753592047489,04:54:07.489,bitmex,ADA/USDT:USDT,0.8334,27000.0,0.8333,56000.0,0.8336,404000.0,0.8337,8000.0
1753592047538,04:54:07.538,bitmex,ADA/USDT:USDT,0.8334,27000.0,0.8333,56000.0,0.8336,404000.0,0.8337,8000.0
1753592047587,04:54:07.587,bitmex,ADA/USDT:USDT,0.8334,27000.0,0.8333,56000.0,0.8336,404000.0,0.8337,8000.0
1753592048194,04:54:08.194,bitmex,ADA/USDT:USDT,0.8334,27000.0,0.8333,56000.0,0.8336,404000.0,0.8337,8000.0
1753592048276,04:54:08.276,bitmex,ADA/USDT:USDT,0.8334,27000.0,0.8333,56000.0,0.8336,404000.0,0.8337,8000.0
1753592048325,04:54:08.325,bitmex,ADA/USDT:USDT,0.8334,27000.0,0.8333,56000.0,0.8336,404000.0,0.8337,8000.0
1753592048494,04:54:08.494,bitmex,ADA/USDT:USDT,0.8334,27000.0,0.8333,56000.0,0.8336,404000.0,0.8337,8000.0
1753592048565,04:54:08.565,bitmex,ADA/USDT:USDT,0.8334,27000.0,0.8333,56000.0,0.8336,404000.0,0.8337,8000.0
1753592048615,04:54:08.615,bitmex,ADA/USDT:USDT,0.8334,27000.0,0.8333,56000.0,0.8336,404000.0,0.8337,8000.0
1753592049357,04:54:09.357,bitmex,ADA/USDT:USDT,0.8334,27000.0,0.8333,56000.0,0.8336,404000.0,0.8337,8000.0
1753592049406,04:54:09.406,bitmex,ADA/USDT:USDT,0.8334,27000.0,0.8333,56000.0,0.8336,404000.0,0.8337,8000.0
1753592049974,04:54:09.974,bitmex,ADA/USDT:USDT,0.8334,27000.0,0.8333,56000.0,0.8336,404000.0,0.8337,8000.0
1753592050061,04:54:10.061,bitmex,ADA/USDT:USDT,0.8334,27000.0,0.8333,56000.0,0.8336,404000.0,0.8337,8000.0
1753592050110,04:54:10.110,bitmex,ADA/USDT:USDT,0.8334,27000.0,0.8333,56000.0,0.8336,404000.0,0.8337,8000.0
1753592050159,04:54:10.159,bitmex,ADA/USDT:USDT,0.8334,27000.0,0.8333,56000.0,0.8336,404000.0,0.8337,8000.0
1753592050209,04:54:10.209,bitmex,ADA/USDT:USDT,0.8335,27000.0,0.8334,85000.0,0.8337,8000.0,0.8338,58000.0
1753592050258,04:54:10.258,bitmex,ADA/USDT:USDT,0.8336,27000.0,0.8335,85000.0,0.8338,57000.0,0.8339,2601000.0
1753592050425,04:54:10.425,bitmex,ADA/USDT:USDT,0.8336,27000.0,0.8335,85000.0,0.8337,403000.0,0.8338,57000.0
1753592050474,04:54:10.474,bitmex,ADA/USDT:USDT,0.8336,27000.0,0.8335,85000.0,0.8337,403000.0,0.8338,57000.0
1753592050540,04:54:10.540,bitmex,ADA/USDT:USDT,0.8336,27000.0,0.8335,85000.0,0.8337,403000.0,0.8338,57000.0
1753592050590,04:54:10.590,bitmex,ADA/USDT:USDT,0.8336,27000.0,0.8335,85000.0,0.8337,403000.0,0.8338,57000.0
1753592050639,04:54:10.639,bitmex,ADA/USDT:USDT,0.8336,27000.0,0.8335,85000.0,0.8337,403000.0,0.8338,57000.0
1753592050689,04:54:10.689,bitmex,ADA/USDT:USDT,0.8336,27000.0,0.8335,85000.0,0.8337,403000.0,0.8338,57000.0
1753592050738,04:54:10.738,bitmex,ADA/USDT:USDT,0.8335,56000.0,0.8334,85000.0,0.8337,403000.0,0.8338,57000.0
1753592051114,04:54:11.114,bitmex,ADA/USDT:USDT,0.8335,56000.0,0.8334,85000.0,0.8337,403000.0,0.8338,57000.0
1753592051252,04:54:11.252,bitmex,ADA/USDT:USDT,0.8335,56000.0,0.8334,85000.0,0.8337,403000.0,0.8338,57000.0
1753592051301,04:54:11.301,bitmex,ADA/USDT:USDT,0.8335,56000.0,0.8334,85000.0,0.8337,403000.0,0.8338,57000.0
1753592051381,04:54:11.381,bitmex,ADA/USDT:USDT,0.8335,56000.0,0.8334,85000.0,0.8337,403000.0,0.8338,57000.0
1753592051616,04:54:11.616,bitmex,ADA/USDT:USDT,0.8336,27000.0,0.8335,56000.0,0.8337,403000.0,0.8338,57000.0
1753592051666,04:54:11.666,bitmex,ADA/USDT:USDT,0.8336,27000.0,0.8335,56000.0,0.8337,403000.0,0.8338,57000.0
1753592051715,04:54:11.715,bitmex,ADA/USDT:USDT,0.8336,27000.0,0.8335,56000.0,0.8337,403000.0,0.8338,57000.0
1753592051818,04:54:11.818,bitmex,ADA/USDT:USDT,0.8336,27000.0,0.8335,56000.0,0.8337,403000.0,0.8338,57000.0
1753592051982,04:54:11.982,bitmex,ADA/USDT:USDT,0.8336,27000.0,0.8335,56000.0,0.8337,403000.0,0.8338,57000.0
1753592052089,04:54:12.089,bitmex,ADA/USDT:USDT,0.8336,27000.0,0.8335,56000.0,0.8337,403000.0,0.8338,57000.0
1753592052139,04:54:12.139,bitmex,ADA/USDT:USDT,0.8336,27000.0,0.8335,56000.0,0.8337,403000.0,0.8338,57000.0
1753592054541,04:54:14.541,bitmex,ADA/USDT:USDT,0.8335,56000.0,0.8332,8000.0,0.8337,403000.0,0.8338,57000.0
1753592054590,04:54:14.590,bitmex,ADA/USDT:USDT,0.8335,56000.0,0.8334,85000.0,0.8337,403000.0,0.8338,57000.0
1753592055296,04:54:15.296,bitmex,ADA/USDT:USDT,0.8335,56000.0,0.8334,85000.0,0.8337,403000.0,0.8338,57000.0
1753592055345,04:54:15.345,bitmex,ADA/USDT:USDT,0.8336,27000.0,0.8335,56000.0,0.8337,403000.0,0.8338,8000.0
1753592055394,04:54:15.394,bitmex,ADA/USDT:USDT,0.8336,27000.0,0.8335,56000.0,0.8337,403000.0,0.8338,8000.0
1753592056018,04:54:16.018,bitmex,ADA/USDT:USDT,0.8335,56000.0,0.8332,8000.0,0.8336,27000.0,0.8337,403000.0
1753592056067,04:54:16.067,bitmex,ADA/USDT:USDT,0.8335,56000.0,0.8332,8000.0,0.8336,27000.0,0.8337,403000.0
1753592056116,04:54:16.116,bitmex,ADA/USDT:USDT,0.8335,56000.0,0.8334,85000.0,0.8336,27000.0,0.8337,403000.0
1753592056528,04:54:16.528,bitmex,ADA/USDT:USDT,0.8335,56000.0,0.8334,85000.0,0.8336,27000.0,0.8337,403000.0
1753592056578,04:54:16.578,bitmex,ADA/USDT:USDT,0.8335,56000.0,0.8334,85000.0,0.8336,27000.0,0.8337,403000.0
1753592056810,04:54:16.810,bitmex,ADA/USDT:USDT,0.8335,56000.0,0.8334,85000.0,0.8336,27000.0,0.8337,403000.0
1753592056860,04:54:16.860,bitmex,ADA/USDT:USDT,0.8335,56000.0,0.8334,85000.0,0.8336,27000.0,0.8337,403000.0
1753592056909,04:54:16.909,bitmex,ADA/USDT:USDT,0.8335,56000.0,0.8334,85000.0,0.8337,403000.0,0.8339,8000.0
1753592057116,04:54:17.116,bitmex,ADA/USDT:USDT,0.8335,56000.0,0.8334,85000.0,0.8337,403000.0,0.8339,8000.0
1753592057166,04:54:17.166,bitmex,ADA/USDT:USDT,0.8335,56000.0,0.8334,85000.0,0.8337,403000.0,0.8339,8000.0
1753592057588,04:54:17.588,bitmex,ADA/USDT:USDT,0.8335,56000.0,0.8334,85000.0,0.8337,403000.0,0.8339,8000.0
1753592057637,04:54:17.637,bitmex,ADA/USDT:USDT,0.8335,56000.0,0.8334,85000.0,0.8337,403000.0,0.8339,8000.0
1753592057686,04:54:17.686,bitmex,ADA/USDT:USDT,0.8335,56000.0,0.8334,85000.0,0.8337,403000.0,0.8339,8000.0
1753592059105,04:54:19.105,bitmex,ADA/USDT:USDT,0.8335,56000.0,0.8334,85000.0,0.8337,403000.0,0.8339,8000.0
1753592059505,04:54:19.505,bitmex,ADA/USDT:USDT,0.8335,56000.0,0.8334,85000.0,0.8337,403000.0,0.8339,8000.0
1753592060700,04:54:20.700,bitmex,ADA/USDT:USDT,0.8335,56000.0,0.8334,85000.0,0.8339,8000.0,0.834,58000.0
