timestamp,time,symbol,bid1_price,bid1_volume,bid2_price,bid2_volume,ask1_price,ask1_volume,ask2_price,ask2_volume
1753546946613,16:22:26.613,ACE/USDT:USDT,0.5768,259.0,0.5767,1751.0,0.5771,1.0,0.5775,86.0
1753546947615,16:22:27.615,ACE/USDT:USDT,0.5768,285.0,0.5766,139.0,0.5771,1.0,0.5775,83.0
1753546948107,16:22:28.107,ACE/USDT:USDT,0.5768,696.0,0.5766,139.0,0.5771,1.0,0.5775,83.0
1753546948615,16:22:28.615,ACE/USDT:USDT,0.5768,695.0,0.5767,101.0,0.5771,1.0,0.5775,83.0
1753546949109,16:22:29.109,ACE/USDT:USDT,0.5768,695.0,0.5767,101.0,0.5771,1.0,0.5775,83.0
1753546950618,16:22:30.618,ACE/USDT:USDT,0.5768,669.0,0.5767,4509.0,0.5771,1.0,0.5775,83.0
1753546951620,16:22:31.620,ACE/USDT:USDT,0.5768,547.0,0.5765,2.0,0.5771,1.0,0.5775,83.0
1753546953623,16:22:33.623,ACE/USDT:USDT,0.5768,101.0,0.5765,2.0,0.5771,1.0,0.5775,83.0
1753546954113,16:22:34.113,ACE/USDT:USDT,0.5768,101.0,0.5766,838.0,0.5771,1.0,0.5775,83.0
1753546954624,16:22:34.624,ACE/USDT:USDT,0.5768,103.0,0.5766,838.0,0.5771,1.0,0.5775,82.0
1753546955126,16:22:35.126,ACE/USDT:USDT,0.5768,107.0,0.5766,717.0,0.5775,87.0,0.578,1124.0
1753546955626,16:22:35.626,ACE/USDT:USDT,0.5768,35.0,0.5767,1670.0,0.5775,39.0,0.5776,2330.0
1753546957114,16:22:37.114,ACE/USDT:USDT,0.5768,62.0,0.5765,890.0,0.5775,36.0,0.578,2119.0
1753546957627,16:22:37.627,ACE/USDT:USDT,0.5768,62.0,0.5765,890.0,0.5775,39.0,0.578,2119.0
1753546958113,16:22:38.113,ACE/USDT:USDT,0.5768,62.0,0.5765,890.0,0.5775,39.0,0.5778,500.0
1753546958631,16:22:38.631,ACE/USDT:USDT,0.5768,63.0,0.5765,580.0,0.5775,39.0,0.5778,500.0
1753546959115,16:22:39.115,ACE/USDT:USDT,0.5768,63.0,0.5765,3644.0,0.5775,39.0,0.5777,1502.0
1753546960120,16:22:40.120,ACE/USDT:USDT,0.5768,60.0,0.5765,3644.0,0.5775,36.0,0.5777,1502.0
1753546960632,16:22:40.632,ACE/USDT:USDT,0.5769,479.0,0.5768,4.0,0.5775,9.0,0.5777,1074.0
1753546961118,16:22:41.118,ACE/USDT:USDT,0.577,92.0,0.5769,2.0,0.5775,9.0,0.5779,204.0
1753546961635,16:22:41.635,ACE/USDT:USDT,0.577,94.0,0.5768,4.0,0.5775,12.0,0.5779,204.0
1753546962119,16:22:42.119,ACE/USDT:USDT,0.577,117.0,0.5768,4.0,0.5775,12.0,0.5777,1996.0
1753546963118,16:22:43.118,ACE/USDT:USDT,0.577,53.0,0.5769,1035.0,0.5775,12.0,0.5776,584.0
1753546963637,16:22:43.637,ACE/USDT:USDT,0.577,55.0,0.5769,1035.0,0.5775,9.0,0.5776,584.0
1753546964119,16:22:44.119,ACE/USDT:USDT,0.577,55.0,0.5768,2615.0,0.5775,9.0,0.5777,2048.0
1753546964642,16:22:44.642,ACE/USDT:USDT,0.577,54.0,0.5768,2615.0,0.5775,9.0,0.5777,2048.0
1753546965122,16:22:45.122,ACE/USDT:USDT,0.577,54.0,0.5768,2615.0,0.5775,10.0,0.5777,2048.0
1753546965640,16:22:45.640,ACE/USDT:USDT,0.577,54.0,0.5769,4226.0,0.5775,10.0,0.578,975.0
1753546966122,16:22:46.122,ACE/USDT:USDT,0.577,54.0,0.5768,4.0,0.5775,10.0,0.5778,1185.0
1753546967120,16:22:47.120,ACE/USDT:USDT,0.577,52.0,0.5768,4.0,0.5775,10.0,0.5776,890.0
1753546967643,16:22:47.643,ACE/USDT:USDT,0.577,54.0,0.5768,4.0,0.5775,10.0,0.5776,890.0
1753546968122,16:22:48.122,ACE/USDT:USDT,0.577,54.0,0.5768,4.0,0.5775,10.0,0.578,1487.0
1753546968643,16:22:48.643,ACE/USDT:USDT,0.577,54.0,0.5768,4.0,0.5775,10.0,0.578,1487.0
1753546969126,16:22:49.126,ACE/USDT:USDT,0.577,54.0,0.5768,4.0,0.5775,10.0,0.578,1375.0
1753546970126,16:22:50.126,ACE/USDT:USDT,0.577,52.0,0.5769,213.0,0.5775,11.0,0.578,1375.0
1753546970647,16:22:50.647,ACE/USDT:USDT,0.577,52.0,0.5769,4531.0,0.5774,3.0,0.5775,5.0
1753546971127,16:22:51.127,ACE/USDT:USDT,0.577,52.0,0.5768,3826.0,0.5774,1.0,0.5775,7.0
1753546971648,16:22:51.648,ACE/USDT:USDT,0.577,53.0,0.5768,3826.0,0.5774,1.0,0.5775,7.0
1753546972127,16:22:52.127,ACE/USDT:USDT,0.577,53.0,0.5768,7095.0,0.5774,1.0,0.5775,7.0
1753546972649,16:22:52.649,ACE/USDT:USDT,0.577,51.0,0.5768,7095.0,0.5775,12.0,0.5779,557.0
1753546973127,16:22:53.127,ACE/USDT:USDT,0.577,51.0,0.5768,172.0,0.5775,12.0,0.5778,1500.0
1753546974131,16:22:54.131,ACE/USDT:USDT,0.577,54.0,0.5768,4.0,0.5775,12.0,0.5779,132.0
1753546974654,16:22:54.654,ACE/USDT:USDT,0.577,53.0,0.5768,4.0,0.5775,12.0,0.5779,132.0
1753546975132,16:22:55.132,ACE/USDT:USDT,0.577,52.0,0.5768,4.0,0.5775,10.0,0.5779,132.0
1753546975659,16:22:55.659,ACE/USDT:USDT,0.577,54.0,0.5768,8308.0,0.5775,10.0,0.5776,1231.0
1753546976131,16:22:56.131,ACE/USDT:USDT,0.577,54.0,0.5768,4.0,0.5774,2.0,0.5775,8.0
1753546977131,16:22:57.131,ACE/USDT:USDT,0.577,55.0,0.5768,6057.0,0.5774,4.0,0.5775,7.0
1753546977657,16:22:57.657,ACE/USDT:USDT,0.577,55.0,0.5768,6057.0,0.5775,9.0,0.5778,1822.0
1753546978131,16:22:58.131,ACE/USDT:USDT,0.577,55.0,0.5769,2751.0,0.5775,9.0,0.5779,835.0
1753546978659,16:22:58.659,ACE/USDT:USDT,0.577,55.0,0.5769,2751.0,0.5775,9.0,0.5779,835.0
1753546979132,16:22:59.132,ACE/USDT:USDT,0.577,55.0,0.5769,9524.0,0.5775,9.0,0.5779,1471.0
1753546979667,16:22:59.667,ACE/USDT:USDT,0.577,55.0,0.5769,9524.0,0.5775,8.0,0.5779,1471.0
1753546980133,16:23:00.133,ACE/USDT:USDT,0.577,54.0,0.5769,9524.0,0.5775,12.0,0.5779,1471.0
1753546981135,16:23:01.135,ACE/USDT:USDT,0.577,52.0,0.5768,6058.0,0.5775,12.0,0.5776,532.0
1753546981663,16:23:01.663,ACE/USDT:USDT,0.577,52.0,0.5768,6058.0,0.5775,9.0,0.5776,532.0
1753546982135,16:23:02.135,ACE/USDT:USDT,0.577,52.0,0.5769,3482.0,0.5775,12.0,0.5777,2451.0
1753546982732,16:23:02.732,ACE/USDT:USDT,0.577,25.0,0.5768,4.0,0.5775,64.0,0.5778,1024.0
1753546983666,16:23:03.666,ACE/USDT:USDT,0.577,25.0,0.5768,4.0,0.5774,86.0,0.5775,5.0
1753546984136,16:23:04.136,ACE/USDT:USDT,0.577,25.0,0.5768,4.0,0.5774,2.0,0.5775,89.0
1753546984991,16:23:04.991,ACE/USDT:USDT,0.577,25.0,0.5768,4.0,0.5774,84.0,0.5775,5473.0
1753546985668,16:23:05.668,ACE/USDT:USDT,0.577,4.0,0.5769,22.0,0.5774,33.0,0.5778,3972.0
1753546986271,16:23:06.271,ACE/USDT:USDT,0.577,4.0,0.5769,23.0,0.5774,6.0,0.5775,27.0
1753546986670,16:23:06.670,ACE/USDT:USDT,0.577,4.0,0.5769,23.0,0.5774,2.0,0.5775,32.0
1753546987138,16:23:07.138,ACE/USDT:USDT,0.577,4.0,0.5769,50.0,0.5774,2.0,0.5775,7.0
1753546988138,16:23:08.138,ACE/USDT:USDT,0.577,4.0,0.5769,52.0,0.5774,2.0,0.5775,7.0
1753546988672,16:23:08.672,ACE/USDT:USDT,0.577,4.0,0.5769,52.0,0.5774,2.0,0.5775,4.0
1753546989138,16:23:09.138,ACE/USDT:USDT,0.577,4.0,0.5769,52.0,0.5774,2.0,0.5775,4.0
1753546989674,16:23:09.674,ACE/USDT:USDT,0.577,4.0,0.5769,52.0,0.5774,2.0,0.5775,4.0
1753546990141,16:23:10.141,ACE/USDT:USDT,0.577,4.0,0.5769,51.0,0.5774,2.0,0.5775,4.0
1753546991141,16:23:11.141,ACE/USDT:USDT,0.577,4.0,0.5769,140.0,0.5774,4.0,0.5775,3.0
1753546991678,16:23:11.678,ACE/USDT:USDT,0.5771,140.0,0.577,4.0,0.5774,2.0,0.5775,3.0
1753546992141,16:23:12.141,ACE/USDT:USDT,0.5771,33.0,0.577,4.0,0.5774,2.0,0.5775,3.0
1753546992680,16:23:12.680,ACE/USDT:USDT,0.5771,31.0,0.577,4.0,0.5774,2.0,0.5778,135.0
1753546993144,16:23:13.144,ACE/USDT:USDT,0.5771,31.0,0.577,4.0,0.5774,2.0,0.5778,135.0
1753546994143,16:23:14.143,ACE/USDT:USDT,0.5771,417.0,0.577,4.0,0.5774,2.0,0.5778,135.0
1753546994683,16:23:14.683,ACE/USDT:USDT,0.5771,417.0,0.577,4.0,0.5774,2.0,0.5778,136.0
1753546995145,16:23:15.145,ACE/USDT:USDT,0.5771,420.0,0.577,4.0,0.5774,2.0,0.5778,139.0
1753546995686,16:23:15.686,ACE/USDT:USDT,0.5771,392.0,0.577,4.0,0.5774,2.0,0.5778,1.0
1753546996573,16:23:16.573,ACE/USDT:USDT,0.5771,392.0,0.577,4.0,0.5774,2.0,0.5778,28.0
1753546997146,16:23:17.146,ACE/USDT:USDT,0.5771,392.0,0.577,2701.0,0.5774,2.0,0.5778,53.0
1753546997687,16:23:17.687,ACE/USDT:USDT,0.5772,388.0,0.5771,189.0,0.5774,2.0,0.5778,1.0
1753546998187,16:23:18.187,ACE/USDT:USDT,0.5772,28.0,0.5771,185.0,0.5774,2.0,0.5778,1.0
1753546999148,16:23:19.148,ACE/USDT:USDT,0.5772,32.0,0.5771,3749.0,0.5774,2.0,0.5779,561.0
1753547000147,16:23:20.147,ACE/USDT:USDT,0.5772,35.0,0.5771,3564.0,0.5774,2.0,0.5779,560.0
1753547000694,16:23:20.694,ACE/USDT:USDT,0.5772,36.0,0.577,4.0,0.5774,2.0,0.5779,560.0
1753547001147,16:23:21.147,ACE/USDT:USDT,0.5772,36.0,0.577,4.0,0.5774,2.0,0.5779,560.0
1753547001691,16:23:21.691,ACE/USDT:USDT,0.5772,34.0,0.577,4.0,0.5774,2.0,0.5779,560.0
1753547002148,16:23:22.148,ACE/USDT:USDT,0.5772,34.0,0.577,4.0,0.5774,2.0,0.5779,560.0
1753547003150,16:23:23.150,ACE/USDT:USDT,0.5772,35.0,0.577,4.0,0.5774,2.0,0.5779,560.0
1753547003696,16:23:23.696,ACE/USDT:USDT,0.5772,35.0,0.577,4.0,0.5774,2.0,0.5779,558.0
1753547004149,16:23:24.149,ACE/USDT:USDT,0.5772,35.0,0.5771,3955.0,0.5774,2.0,0.5779,558.0
1753547004699,16:23:24.699,ACE/USDT:USDT,0.5772,35.0,0.5771,4079.0,0.5774,2.0,0.5779,558.0
1753547005150,16:23:25.150,ACE/USDT:USDT,0.5772,36.0,0.5771,3955.0,0.5774,2.0,0.5779,557.0
1753547006150,16:23:26.150,ACE/USDT:USDT,0.5772,32.0,0.577,4.0,0.5774,2.0,0.5779,557.0
1753547006701,16:23:26.701,ACE/USDT:USDT,0.5772,32.0,0.577,4.0,0.5774,2.0,0.5779,558.0
1753547007203,16:23:27.203,ACE/USDT:USDT,0.5772,32.0,0.577,4.0,0.5774,2.0,0.5779,558.0
1753547007706,16:23:27.706,ACE/USDT:USDT,0.5772,32.0,0.577,4.0,0.5774,2.0,0.5779,558.0
1753547009155,16:23:29.155,ACE/USDT:USDT,0.5772,34.0,0.577,4.0,0.5774,2.0,0.5779,558.0
1753547009711,16:23:29.711,ACE/USDT:USDT,0.5772,33.0,0.577,4.0,0.5774,2.0,0.5779,561.0
1753547010208,16:23:30.208,ACE/USDT:USDT,0.5772,36.0,0.5771,1704.0,0.5774,2.0,0.5779,727.0
1753547011209,16:23:31.209,ACE/USDT:USDT,0.5772,36.0,0.577,4.0,0.5774,2.0,0.5779,727.0
1753547012213,16:23:32.213,ACE/USDT:USDT,0.5772,33.0,0.577,4.0,0.5774,2.0,0.5779,560.0
1753547012711,16:23:32.711,ACE/USDT:USDT,0.5772,33.0,0.577,162.0,0.5774,2.0,0.5779,560.0
1753547013164,16:23:33.164,ACE/USDT:USDT,0.5772,33.0,0.577,162.0,0.5774,2.0,0.5778,27.0
1753547013714,16:23:33.714,ACE/USDT:USDT,0.5772,34.0,0.577,4.0,0.5774,2.0,0.5778,27.0
1753547014216,16:23:34.216,ACE/USDT:USDT,0.5772,34.0,0.577,4.0,0.5774,2.0,0.5779,1002.0
1753547015716,16:23:35.716,ACE/USDT:USDT,0.5772,35.0,0.577,188.0,0.5777,470.0,0.5779,2.0
1753547016216,16:23:36.216,ACE/USDT:USDT,0.5772,8.0,0.577,276.0,0.5777,57.0,0.5779,295.0
1753547017219,16:23:37.219,ACE/USDT:USDT,0.5772,8.0,0.5771,1353.0,0.5777,57.0,0.5779,2.0
1753547017719,16:23:37.719,ACE/USDT:USDT,0.5772,10.0,0.5771,1353.0,0.5777,57.0,0.5779,2.0
1753547018722,16:23:38.722,ACE/USDT:USDT,0.5772,11.0,0.5768,1651.0,0.5777,56.0,0.5779,1654.0
1753547019220,16:23:39.220,ACE/USDT:USDT,0.5772,9.0,0.5768,1317.0,0.5777,56.0,0.5779,2.0
1753547019720,16:23:39.720,ACE/USDT:USDT,0.5772,9.0,0.5768,1317.0,0.5777,53.0,0.5779,2.0
1753547020222,16:23:40.222,ACE/USDT:USDT,0.5772,40.0,0.5769,1684.0,0.5779,30.0,0.5784,2588.0
1753547020722,16:23:40.722,ACE/USDT:USDT,0.5772,40.0,0.5769,1684.0,0.5779,32.0,0.5784,2588.0
1753547021225,16:23:41.225,ACE/USDT:USDT,0.5772,39.0,0.5769,1738.0,0.5779,32.0,0.578,1772.0
1753547022166,16:23:42.166,ACE/USDT:USDT,0.5772,40.0,0.5768,1002.0,0.5779,32.0,0.5782,2248.0
1753547022724,16:23:42.724,ACE/USDT:USDT,0.5772,40.0,0.5768,1002.0,0.5779,32.0,0.5782,2248.0
1753547023225,16:23:43.225,ACE/USDT:USDT,0.5772,40.0,0.5769,779.0,0.5779,32.0,0.5781,3264.0
1753547023726,16:23:43.726,ACE/USDT:USDT,0.5772,40.0,0.5769,779.0,0.5779,31.0,0.5781,3264.0
1753547024228,16:23:44.228,ACE/USDT:USDT,0.5772,39.0,0.5771,610.0,0.5779,306.0,0.578,777.0
1753547025227,16:23:45.227,ACE/USDT:USDT,0.5772,40.0,0.5769,82.0,0.5779,616.0,0.578,1061.0
1753547025727,16:23:45.727,ACE/USDT:USDT,0.5772,39.0,0.5769,82.0,0.5779,616.0,0.578,1061.0
1753547026228,16:23:46.228,ACE/USDT:USDT,0.5772,39.0,0.5771,1627.0,0.5779,305.0,0.5782,918.0
1753547027730,16:23:47.730,ACE/USDT:USDT,0.5772,39.0,0.5771,332.0,0.5779,305.0,0.5782,1969.0
1753547028230,16:23:48.230,ACE/USDT:USDT,0.5772,39.0,0.5768,171.0,0.5779,306.0,0.5783,5637.0
1753547029233,16:23:49.233,ACE/USDT:USDT,0.5772,37.0,0.5768,171.0,0.5779,31.0,0.5781,2461.0
1753547030234,16:23:50.234,ACE/USDT:USDT,0.5772,44.0,0.5771,1532.0,0.5779,31.0,0.5783,39.0
1753547030736,16:23:50.736,ACE/USDT:USDT,0.5772,44.0,0.5771,1532.0,0.5779,31.0,0.5783,39.0
1753547031234,16:23:51.234,ACE/USDT:USDT,0.5772,41.0,0.5767,1288.0,0.5779,31.0,0.578,972.0
1753547032235,16:23:52.235,ACE/USDT:USDT,0.5772,41.0,0.577,118.0,0.5779,34.0,0.5783,2232.0
1753547032735,16:23:52.735,ACE/USDT:USDT,0.5772,45.0,0.577,118.0,0.5779,34.0,0.5783,2232.0
1753547033237,16:23:53.237,ACE/USDT:USDT,0.5772,45.0,0.5769,142.0,0.5779,34.0,0.5783,1014.0
1753547034242,16:23:54.242,ACE/USDT:USDT,0.5772,43.0,0.5769,142.0,0.5779,201.0,0.5782,1376.0
1753547034740,16:23:54.740,ACE/USDT:USDT,0.5772,43.0,0.5769,142.0,0.5779,201.0,0.5782,1376.0
1753547035242,16:23:55.242,ACE/USDT:USDT,0.5772,41.0,0.5767,847.0,0.5779,199.0,0.5782,6533.0
1753547035744,16:23:55.744,ACE/USDT:USDT,0.5772,43.0,0.5767,847.0,0.5779,199.0,0.5782,6533.0
1753547036243,16:23:56.243,ACE/USDT:USDT,0.5772,43.0,0.577,1634.0,0.5779,198.0,0.5784,5042.0
1753547036745,16:23:56.745,ACE/USDT:USDT,0.5772,43.0,0.577,1634.0,0.5779,198.0,0.5784,5042.0
1753547037244,16:23:57.244,ACE/USDT:USDT,0.5772,43.0,0.5771,591.0,0.5779,197.0,0.5783,273.0
1753547038245,16:23:58.245,ACE/USDT:USDT,0.5772,43.0,0.5767,2407.0,0.5779,197.0,0.5782,3897.0
1753547039248,16:23:59.248,ACE/USDT:USDT,0.5772,43.0,0.5771,1147.0,0.5779,200.0,0.5781,1477.0
1753547040248,16:24:00.248,ACE/USDT:USDT,0.5772,42.0,0.5767,1335.0,0.5779,198.0,0.578,4637.0
1753547040751,16:24:00.751,ACE/USDT:USDT,0.5772,42.0,0.5767,1070.0,0.5779,198.0,0.578,4637.0
1753547041250,16:24:01.250,ACE/USDT:USDT,0.5772,42.0,0.577,436.0,0.5779,33.0,0.5781,5114.0
1753547041752,16:24:01.752,ACE/USDT:USDT,0.5772,42.0,0.577,436.0,0.5779,31.0,0.5781,5114.0
1753547042751,16:24:02.751,ACE/USDT:USDT,0.5772,42.0,0.577,1312.0,0.5779,31.0,0.5783,2723.0
1753547043253,16:24:03.253,ACE/USDT:USDT,0.5772,42.0,0.5771,230.0,0.5779,31.0,0.578,1412.0
1753547043753,16:24:03.753,ACE/USDT:USDT,0.5772,42.0,0.5771,230.0,0.5779,34.0,0.578,1412.0
1753547044255,16:24:04.255,ACE/USDT:USDT,0.5772,64.0,0.5769,323.0,0.5779,34.0,0.5783,2452.0
1753547044755,16:24:04.755,ACE/USDT:USDT,0.5772,64.0,0.5769,323.0,0.5779,34.0,0.5783,2452.0
1753547045757,16:24:05.757,ACE/USDT:USDT,0.5772,67.0,0.5768,1896.0,0.5779,34.0,0.5781,2646.0
1753547046258,16:24:06.258,ACE/USDT:USDT,0.5772,67.0,0.5771,2531.0,0.5779,34.0,0.5783,484.0
1753547046760,16:24:06.760,ACE/USDT:USDT,0.5772,68.0,0.5771,2531.0,0.5779,34.0,0.5783,484.0
1753547047259,16:24:07.259,ACE/USDT:USDT,0.5772,68.0,0.5768,4544.0,0.5778,29.0,0.5779,2352.0
1753547047761,16:24:07.761,ACE/USDT:USDT,0.5772,68.0,0.5768,4544.0,0.5778,32.0,0.5779,2352.0
1753547048261,16:24:08.261,ACE/USDT:USDT,0.5772,68.0,0.5771,4636.0,0.5779,36.0,0.5783,2866.0
1753547049262,16:24:09.262,ACE/USDT:USDT,0.5772,68.0,0.5769,2293.0,0.5779,36.0,0.5781,2124.0
1753547050265,16:24:10.265,ACE/USDT:USDT,0.5772,69.0,0.5769,71.0,0.5779,34.0,0.5783,1830.0
1753547050765,16:24:10.765,ACE/USDT:USDT,0.5772,69.0,0.5769,71.0,0.5779,35.0,0.5783,1830.0
1753547051267,16:24:11.267,ACE/USDT:USDT,0.5772,69.0,0.5771,4773.0,0.5779,33.0,0.5783,3283.0
1753547051767,16:24:11.767,ACE/USDT:USDT,0.5772,69.0,0.5771,4773.0,0.5779,37.0,0.5783,3283.0
1753547052268,16:24:12.268,ACE/USDT:USDT,0.5772,97.0,0.5771,1895.0,0.5779,9.0,0.578,1448.0
1753547052768,16:24:12.768,ACE/USDT:USDT,0.5772,95.0,0.5771,1895.0,0.5779,9.0,0.578,1448.0
1753547053268,16:24:13.268,ACE/USDT:USDT,0.5772,67.0,0.5771,2328.0,0.5779,9.0,0.5781,1608.0
1753547053769,16:24:13.769,ACE/USDT:USDT,0.5772,69.0,0.5771,2328.0,0.5779,9.0,0.5781,1608.0
1753547054271,16:24:14.271,ACE/USDT:USDT,0.5772,69.0,0.5768,123.0,0.5779,10.0,0.5781,776.0
1753547055273,16:24:15.273,ACE/USDT:USDT,0.5772,67.0,0.5771,2581.0,0.5779,6.0,0.5782,137.0
1753547055774,16:24:15.774,ACE/USDT:USDT,0.5772,67.0,0.5771,2581.0,0.5779,6.0,0.5782,137.0
1753547056274,16:24:16.274,ACE/USDT:USDT,0.5772,68.0,0.5769,142.0,0.5778,1.0,0.5779,5.0
1753547056778,16:24:16.778,ACE/USDT:USDT,0.5772,68.0,0.5769,142.0,0.5778,6.0,0.5779,4.0
1753547057277,16:24:17.277,ACE/USDT:USDT,0.5772,67.0,0.5769,142.0,0.5778,5.0,0.5779,5.0
1753547058191,16:24:18.191,ACE/USDT:USDT,0.5772,69.0,0.577,1007.0,0.5778,5.0,0.5779,5.0
1753547058779,16:24:18.779,ACE/USDT:USDT,0.5772,70.0,0.577,1007.0,0.5778,5.0,0.5779,5.0
1753547059281,16:24:19.281,ACE/USDT:USDT,0.5772,68.0,0.5771,3789.0,0.5778,5.0,0.5779,5.0
1753547059595,16:24:19.595,ACE/USDT:USDT,0.5773,89.0,0.5772,7.0,0.5778,5.0,0.5779,5.0
1753547059784,16:24:19.784,ACE/USDT:USDT,0.5773,90.0,0.5772,4.0,0.5778,5.0,0.5779,5.0
1753547060284,16:24:20.284,ACE/USDT:USDT,0.5773,89.0,0.5772,4.0,0.5779,8.0,0.5781,2144.0
1753547060783,16:24:20.783,ACE/USDT:USDT,0.5773,90.0,0.5772,4.0,0.5779,8.0,0.5781,2144.0
1753547061283,16:24:21.283,ACE/USDT:USDT,0.5773,121.0,0.5772,4.0,0.5779,6.0,0.5784,3097.0
1753547061784,16:24:21.784,ACE/USDT:USDT,0.5773,120.0,0.5772,4.0,0.5779,6.0,0.5784,3097.0
1753547062284,16:24:22.284,ACE/USDT:USDT,0.5773,59.0,0.5772,87.0,0.5779,6.0,0.5781,160.0
1753547063193,16:24:23.193,ACE/USDT:USDT,0.5773,59.0,0.5772,4.0,0.5779,6.0,0.5782,567.0
1753547063787,16:24:23.787,ACE/USDT:USDT,0.5773,63.0,0.5772,4.0,0.5779,6.0,0.5782,567.0
1753547064286,16:24:24.286,ACE/USDT:USDT,0.5773,63.0,0.5772,3483.0,0.5779,9.0,0.5782,2073.0
1753547064786,16:24:24.786,ACE/USDT:USDT,0.5773,60.0,0.5772,3483.0,0.5779,9.0,0.5782,2073.0
1753547065286,16:24:25.286,ACE/USDT:USDT,0.5773,63.0,0.5772,1687.0,0.5779,10.0,0.5781,930.0
1753547066289,16:24:26.289,ACE/USDT:USDT,0.5773,63.0,0.5772,4.0,0.5778,1.0,0.5779,6.0
1753547066788,16:24:26.788,ACE/USDT:USDT,0.5773,63.0,0.5772,4.0,0.5778,1.0,0.5779,6.0
1753547067290,16:24:27.290,ACE/USDT:USDT,0.5773,62.0,0.5772,4.0,0.5779,7.0,0.5782,3133.0
1753547067790,16:24:27.790,ACE/USDT:USDT,0.5773,60.0,0.5772,4.0,0.5779,7.0,0.5782,3133.0
1753547068291,16:24:28.291,ACE/USDT:USDT,0.5773,60.0,0.5772,4.0,0.5779,7.0,0.578,703.0
1753547069201,16:24:29.201,ACE/USDT:USDT,0.5773,63.0,0.5772,4.0,0.5779,7.0,0.5784,3176.0
1753547069292,16:24:29.292,ACE/USDT:USDT,0.5773,60.0,0.5772,4.0,0.5779,7.0,0.5784,3176.0
1753547070295,16:24:30.295,ACE/USDT:USDT,0.5774,31.0,0.5773,467.0,0.5779,9.0,0.5784,3065.0
1753547071297,16:24:31.297,ACE/USDT:USDT,0.5774,32.0,0.5772,4455.0,0.5779,9.0,0.5781,2170.0
1753547071798,16:24:31.798,ACE/USDT:USDT,0.5774,32.0,0.5772,4455.0,0.5779,10.0,0.5781,2170.0
1753547072299,16:24:32.299,ACE/USDT:USDT,0.5774,32.0,0.5772,4.0,0.5779,10.0,0.5782,1523.0
1753547072799,16:24:32.799,ACE/USDT:USDT,0.5774,32.0,0.5772,4.0,0.5779,6.0,0.5782,1523.0
1753547073283,16:24:33.283,ACE/USDT:USDT,0.5778,62.0,0.5774,954.0,0.5779,5.0,0.5784,1.0
1753547074302,16:24:34.302,ACE/USDT:USDT,0.5778,33.0,0.5774,2677.0,0.5779,4.0,0.5785,5.0
1753547074802,16:24:34.802,ACE/USDT:USDT,0.5778,34.0,0.5775,243.0,0.5779,4.0,0.5785,166.0
1753547075303,16:24:35.303,ACE/USDT:USDT,0.5778,34.0,0.5773,654.0,0.5785,31.0,0.5786,1659.0
1753547075804,16:24:35.804,ACE/USDT:USDT,0.5778,37.0,0.5773,654.0,0.5785,31.0,0.5786,1659.0
1753547076310,16:24:36.310,ACE/USDT:USDT,0.5778,37.0,0.5776,1107.0,0.5785,31.0,0.5789,1596.0
1753547076806,16:24:36.806,ACE/USDT:USDT,0.5778,37.0,0.5776,1107.0,0.5785,31.0,0.5789,1566.0
1753547077307,16:24:37.307,ACE/USDT:USDT,0.5778,35.0,0.5777,232.0,0.5785,31.0,0.5786,431.0
1753547078210,16:24:38.210,ACE/USDT:USDT,0.5778,36.0,0.5775,16.0,0.5785,31.0,0.5789,3236.0
1753547078808,16:24:38.808,ACE/USDT:USDT,0.5778,36.0,0.5775,16.0,0.5785,33.0,0.5789,3236.0
1753547079308,16:24:39.308,ACE/USDT:USDT,0.5778,36.0,0.5776,3779.0,0.5785,32.0,0.5786,3559.0
1753547079809,16:24:39.809,ACE/USDT:USDT,0.5778,36.0,0.5776,3779.0,0.5785,34.0,0.5786,3559.0
1753547080311,16:24:40.311,ACE/USDT:USDT,0.5778,36.0,0.5776,888.0,0.5785,31.0,0.5787,3069.0
1753547081214,16:24:41.214,ACE/USDT:USDT,0.5778,138.0,0.5774,699.0,0.5785,31.0,0.5788,847.0
1753547081312,16:24:41.312,ACE/USDT:USDT,0.5778,138.0,0.5774,699.0,0.5785,31.0,0.5788,847.0
1753547082313,16:24:42.313,ACE/USDT:USDT,0.5778,37.0,0.5773,2159.0,0.5785,33.0,0.579,2308.0
1753547082827,16:24:42.827,ACE/USDT:USDT,0.5778,37.0,0.5773,2159.0,0.5785,33.0,0.579,2308.0
1753547083314,16:24:43.314,ACE/USDT:USDT,0.5778,65.0,0.5773,5035.0,0.5785,33.0,0.5786,548.0
1753547083815,16:24:43.815,ACE/USDT:USDT,0.5778,64.0,0.5773,5035.0,0.5785,33.0,0.5786,548.0
1753547084816,16:24:44.816,ACE/USDT:USDT,0.5778,62.0,0.5775,6271.0,0.5785,33.0,0.579,2334.0
1753547085318,16:24:45.318,ACE/USDT:USDT,0.5778,64.0,0.5774,5370.0,0.5785,33.0,0.5787,1711.0
1753547085818,16:24:45.818,ACE/USDT:USDT,0.5778,64.0,0.5775,269.0,0.5785,33.0,0.5787,1711.0
1753547086402,16:24:46.402,ACE/USDT:USDT,0.5778,36.0,0.5775,269.0,0.5784,27.0,0.5785,3.0
1753547087821,16:24:47.821,ACE/USDT:USDT,0.5778,34.0,0.5773,1581.0,0.5785,30.0,0.5787,498.0
1753547088324,16:24:48.324,ACE/USDT:USDT,0.5778,34.0,0.5774,111.0,0.5784,27.0,0.5785,3.0
1753547089323,16:24:49.323,ACE/USDT:USDT,0.5778,34.0,0.5777,1334.0,0.5785,30.0,0.5788,1409.0
1753547089825,16:24:49.825,ACE/USDT:USDT,0.5778,35.0,0.5777,1334.0,0.5785,30.0,0.5788,1409.0
1753547090325,16:24:50.325,ACE/USDT:USDT,0.5778,38.0,0.5777,775.0,0.5785,30.0,0.5786,2029.0
1753547091326,16:24:51.326,ACE/USDT:USDT,0.5778,66.0,0.5777,3392.0,0.5785,30.0,0.5789,340.0
1753547092327,16:24:52.327,ACE/USDT:USDT,0.5778,36.0,0.5776,2790.0,0.5785,33.0,0.5789,3502.0
1753547093225,16:24:53.225,ACE/USDT:USDT,0.5778,36.0,0.5773,314.0,0.5785,33.0,0.5787,3243.0
1753547093327,16:24:53.327,ACE/USDT:USDT,0.5778,36.0,0.5773,314.0,0.5785,30.0,0.5787,3243.0
1753547094329,16:24:54.329,ACE/USDT:USDT,0.5778,38.0,0.5773,4158.0,0.5785,30.0,0.579,4610.0
1753547094829,16:24:54.829,ACE/USDT:USDT,0.5778,38.0,0.5773,4158.0,0.5785,30.0,0.579,4610.0
1753547095332,16:24:55.332,ACE/USDT:USDT,0.5778,34.0,0.5776,584.0,0.5785,33.0,0.5787,3216.0
1753547095836,16:24:55.836,ACE/USDT:USDT,0.5778,37.0,0.5776,584.0,0.5785,33.0,0.5787,3216.0
1753547096832,16:24:56.832,ACE/USDT:USDT,0.5778,37.0,0.5775,3056.0,0.5785,32.0,0.579,2613.0
1753547097332,16:24:57.332,ACE/USDT:USDT,0.5778,45.0,0.5773,2207.0,0.5785,32.0,0.579,1271.0
1753547097834,16:24:57.834,ACE/USDT:USDT,0.5778,45.0,0.5773,2207.0,0.5785,32.0,0.579,1271.0
1753547098334,16:24:58.334,ACE/USDT:USDT,0.5778,45.0,0.5774,4849.0,0.5785,32.0,0.5786,2223.0
1753547099231,16:24:59.231,ACE/USDT:USDT,0.5778,44.0,0.5776,5911.0,0.5785,32.0,0.579,3070.0
1753547099336,16:24:59.336,ACE/USDT:USDT,0.5778,42.0,0.5776,5911.0,0.5785,32.0,0.579,3070.0
1753547100339,16:25:00.339,ACE/USDT:USDT,0.5778,44.0,0.5777,60.0,0.5785,31.0,0.579,2698.0
1753547100837,16:25:00.837,ACE/USDT:USDT,0.5778,44.0,0.5777,60.0,0.5785,34.0,0.579,2698.0
1753547101234,16:25:01.234,ACE/USDT:USDT,0.5778,44.0,0.5777,60.0,0.5785,43.0,0.579,4389.0
1753547101340,16:25:01.340,ACE/USDT:USDT,0.5778,44.0,0.5777,60.0,0.5785,43.0,0.579,4389.0
1753547102340,16:25:02.340,ACE/USDT:USDT,0.5778,44.0,0.5777,60.0,0.5785,39.0,0.5786,813.0
1753547102841,16:25:02.841,ACE/USDT:USDT,0.5778,44.0,0.5774,32.0,0.5785,39.0,0.5786,813.0
1753547103341,16:25:03.341,ACE/USDT:USDT,0.5778,44.0,0.5775,713.0,0.5785,39.0,0.5789,2895.0
1753547103842,16:25:03.842,ACE/USDT:USDT,0.5778,44.0,0.5777,97.0,0.5785,39.0,0.5789,2895.0
1753547104344,16:25:04.344,ACE/USDT:USDT,0.5778,44.0,0.5777,109.0,0.5785,39.0,0.5788,3655.0
1753547105345,16:25:05.345,ACE/USDT:USDT,0.5778,42.0,0.5775,572.0,0.5783,348.0,0.5785,4229.0
1753547106429,16:25:06.429,ACE/USDT:USDT,0.5778,10.0,0.5775,572.0,0.5782,88.0,0.5783,5.0
1753547107349,16:25:07.349,ACE/USDT:USDT,0.5778,14.0,0.5777,299.0,0.5782,61.0,0.5783,5.0
1753547107853,16:25:07.853,ACE/USDT:USDT,0.5778,14.0,0.5777,299.0,0.5782,62.0,0.5783,2.0
1753547108350,16:25:08.350,ACE/USDT:USDT,0.5778,1.0,0.5775,572.0,0.5779,61.0,0.5782,5186.0
1753547109238,16:25:09.238,ACE/USDT:USDT,0.5778,1.0,0.5775,572.0,0.5779,14.0,0.5781,3797.0
1753547109353,16:25:09.353,ACE/USDT:USDT,0.5778,1.0,0.5775,453.0,0.5779,14.0,0.5781,3797.0
1753547110355,16:25:10.355,ACE/USDT:USDT,0.5778,1.0,0.5775,453.0,0.578,30.0,0.5783,2.0
1753547110854,16:25:10.854,ACE/USDT:USDT,0.5778,1.0,0.5775,453.0,0.578,30.0,0.5783,2.0
1753547111357,16:25:11.357,ACE/USDT:USDT,0.5778,1.0,0.5775,453.0,0.578,30.0,0.5783,2.0
1753547111858,16:25:11.858,ACE/USDT:USDT,0.5778,1.0,0.5775,453.0,0.578,30.0,0.5783,2.0
1753547112361,16:25:12.361,ACE/USDT:USDT,0.5778,1.0,0.5775,453.0,0.578,30.0,0.5782,410.0
1753547113241,16:25:13.241,ACE/USDT:USDT,0.5778,1.0,0.5775,453.0,0.578,81.0,0.5783,3397.0
1753547113858,16:25:13.858,ACE/USDT:USDT,0.5778,1.0,0.5775,453.0,0.5779,83.0,0.5781,829.0
1753547114360,16:25:14.360,ACE/USDT:USDT,0.5778,1.0,0.5775,453.0,0.5779,56.0,0.5782,2862.0
1753547114861,16:25:14.861,ACE/USDT:USDT,0.5778,1.0,0.5775,453.0,0.5779,56.0,0.5782,2862.0
1753547115362,16:25:15.362,ACE/USDT:USDT,0.5778,1.0,0.5775,453.0,0.5779,55.0,0.5781,99.0
1753547116363,16:25:16.363,ACE/USDT:USDT,0.5778,1.0,0.5775,453.0,0.5779,57.0,0.5783,2.0
1753547117368,16:25:17.368,ACE/USDT:USDT,0.5778,1.0,0.5775,453.0,0.5779,57.0,0.578,1506.0
1753547117864,16:25:17.864,ACE/USDT:USDT,0.5778,1.0,0.5775,453.0,0.5779,54.0,0.578,1506.0
1753547118365,16:25:18.365,ACE/USDT:USDT,0.5778,1.0,0.5775,453.0,0.5779,54.0,0.5783,2.0
1753547119246,16:25:19.246,ACE/USDT:USDT,0.5778,1.0,0.5775,453.0,0.5779,86.0,0.5781,3710.0
1753547119368,16:25:19.368,ACE/USDT:USDT,0.5778,1.0,0.5775,453.0,0.5779,86.0,0.5781,3710.0
1753547120369,16:25:20.369,ACE/USDT:USDT,0.5775,453.0,0.5773,81.0,0.5778,84.0,0.5779,4.0
1753547120870,16:25:20.870,ACE/USDT:USDT,0.5775,453.0,0.5773,81.0,0.5778,84.0,0.5779,4.0
1753547121370,16:25:21.370,ACE/USDT:USDT,0.5775,453.0,0.5773,84.0,0.5779,88.0,0.5783,3494.0
1753547121871,16:25:21.871,ACE/USDT:USDT,0.5775,453.0,0.5773,84.0,0.5779,88.0,0.5783,3494.0
1753547122381,16:25:22.381,ACE/USDT:USDT,0.5775,453.0,0.5773,84.0,0.5779,88.0,0.5783,2.0
1753547123250,16:25:23.250,ACE/USDT:USDT,0.5775,453.0,0.5773,84.0,0.5779,88.0,0.5782,833.0
1753547123872,16:25:23.872,ACE/USDT:USDT,0.5775,453.0,0.5773,81.0,0.5779,88.0,0.5782,833.0
1753547124878,16:25:24.878,ACE/USDT:USDT,0.5775,453.0,0.5773,84.0,0.5779,85.0,0.578,1064.0
1753547125375,16:25:25.375,ACE/USDT:USDT,0.5775,453.0,0.5773,83.0,0.5779,89.0,0.578,5036.0
1753547125876,16:25:25.876,ACE/USDT:USDT,0.5775,453.0,0.5773,83.0,0.5779,89.0,0.578,5036.0
1753547126377,16:25:26.377,ACE/USDT:USDT,0.5775,453.0,0.5773,83.0,0.5779,89.0,0.578,4481.0
1753547127251,16:25:27.251,ACE/USDT:USDT,0.5775,453.0,0.5773,83.0,0.5779,89.0,0.5782,3524.0
1753547127378,16:25:27.378,ACE/USDT:USDT,0.5775,453.0,0.5773,83.0,0.5779,89.0,0.5782,3524.0
1753547128379,16:25:28.379,ACE/USDT:USDT,0.5775,453.0,0.5774,68.0,0.5779,33.0,0.5783,145.0
1753547128880,16:25:28.880,ACE/USDT:USDT,0.5775,453.0,0.5774,68.0,0.5779,37.0,0.5783,145.0
1753547129383,16:25:29.383,ACE/USDT:USDT,0.5775,453.0,0.5774,41.0,0.5779,35.0,0.5781,3283.0
1753547130257,16:25:30.257,ACE/USDT:USDT,0.5775,453.0,0.5774,43.0,0.5779,34.0,0.5781,3283.0
1753547130892,16:25:30.892,ACE/USDT:USDT,0.5775,453.0,0.5773,43.0,0.5779,34.0,0.5782,577.0
1753547131384,16:25:31.384,ACE/USDT:USDT,0.5775,453.0,0.5773,112.0,0.5779,94.0,0.578,4608.0
1753547131885,16:25:31.885,ACE/USDT:USDT,0.5775,453.0,0.5773,110.0,0.5779,94.0,0.578,4608.0
1753547132385,16:25:32.385,ACE/USDT:USDT,0.5775,453.0,0.5773,110.0,0.5779,94.0,0.5781,5714.0
1753547133257,16:25:33.257,ACE/USDT:USDT,0.5775,453.0,0.5773,110.0,0.5779,94.0,0.5783,2.0
1753547134389,16:25:34.389,ACE/USDT:USDT,0.5775,453.0,0.5773,110.0,0.5779,85.0,0.5783,2.0
1753547134895,16:25:34.895,ACE/USDT:USDT,0.5775,453.0,0.5773,108.0,0.5779,85.0,0.5783,2.0
1753547136394,16:25:36.394,ACE/USDT:USDT,0.5773,82.0,0.5771,1919.0,0.5778,52.0,0.5779,2583.0
1753547137406,16:25:37.406,ACE/USDT:USDT,0.5773,83.0,0.5771,428.0,0.5778,53.0,0.5779,7199.0
1753547138396,16:25:38.396,ACE/USDT:USDT,0.5773,83.0,0.5771,428.0,0.5778,55.0,0.5779,4433.0
1753547139398,16:25:39.398,ACE/USDT:USDT,0.5773,83.0,0.5772,1369.0,0.5778,64.0,0.5779,4.0
1753547140274,16:25:40.274,ACE/USDT:USDT,0.5773,82.0,0.5772,1369.0,0.5778,62.0,0.5779,4.0
1753547140405,16:25:40.405,ACE/USDT:USDT,0.5773,82.0,0.5771,428.0,0.5778,63.0,0.5779,6470.0
1753547141400,16:25:41.400,ACE/USDT:USDT,0.5773,85.0,0.5771,1659.0,0.5778,64.0,0.5779,11042.0
1753547141900,16:25:41.900,ACE/USDT:USDT,0.5773,86.0,0.5771,1659.0,0.5778,64.0,0.5779,11042.0
1753547142403,16:25:42.403,ACE/USDT:USDT,0.5773,84.0,0.5771,428.0,0.5778,330.0,0.5779,4.0
1753547142902,16:25:42.902,ACE/USDT:USDT,0.5773,83.0,0.5771,428.0,0.5778,330.0,0.5779,4.0
1753547143403,16:25:43.403,ACE/USDT:USDT,0.5773,86.0,0.5771,428.0,0.5778,330.0,0.5779,358.0
1753547144904,16:25:44.904,ACE/USDT:USDT,0.5773,82.0,0.5772,1061.0,0.5778,330.0,0.5779,4.0
1753547145270,16:25:45.270,ACE/USDT:USDT,0.5773,85.0,0.5772,1061.0,0.5778,329.0,0.5779,4.0
1753547145407,16:25:45.407,ACE/USDT:USDT,0.5773,83.0,0.5771,428.0,0.5778,329.0,0.5779,4.0
1753547146406,16:25:46.406,ACE/USDT:USDT,0.5773,84.0,0.5771,428.0,0.5778,329.0,0.5779,5569.0
1753547146907,16:25:46.907,ACE/USDT:USDT,0.5773,84.0,0.5771,428.0,0.5778,328.0,0.5779,5569.0
1753547147255,16:25:47.255,ACE/USDT:USDT,0.5773,84.0,0.5771,428.0,0.5777,327.0,0.5778,1.0
1753547148415,16:25:48.415,ACE/USDT:USDT,0.5773,84.0,0.5771,428.0,0.5777,52.0,0.5778,1.0
1753547149413,16:25:49.413,ACE/USDT:USDT,0.5773,84.0,0.5771,1023.0,0.5777,57.0,0.5779,4.0
1753547150273,16:25:50.273,ACE/USDT:USDT,0.5773,85.0,0.5771,1057.0,0.5777,53.0,0.5779,4.0
1753547150412,16:25:50.412,ACE/USDT:USDT,0.5773,83.0,0.5772,248.0,0.5777,53.0,0.5779,1978.0
1753547150912,16:25:50.912,ACE/USDT:USDT,0.5773,86.0,0.5772,248.0,0.5777,53.0,0.5779,1978.0
1753547151415,16:25:51.415,ACE/USDT:USDT,0.5773,86.0,0.5771,462.0,0.5777,55.0,0.5779,7415.0
1753547152272,16:25:52.272,ACE/USDT:USDT,0.5773,86.0,0.5772,61.0,0.5777,63.0,0.5778,1537.0
1753547152913,16:25:52.913,ACE/USDT:USDT,0.5773,83.0,0.5772,61.0,0.5777,63.0,0.5778,1537.0
1753547153416,16:25:53.416,ACE/USDT:USDT,0.5773,83.0,0.5772,867.0,0.5777,66.0,0.5779,4.0
1753547153915,16:25:53.915,ACE/USDT:USDT,0.5773,83.0,0.5772,867.0,0.5777,66.0,0.5779,4.0
1753547154421,16:25:54.421,ACE/USDT:USDT,0.5773,83.0,0.5771,428.0,0.5777,65.0,0.5779,4.0
1753547155275,16:25:55.275,ACE/USDT:USDT,0.5773,86.0,0.5771,428.0,0.5777,66.0,0.5779,4.0
1753547155921,16:25:55.921,ACE/USDT:USDT,0.5773,83.0,0.5772,1135.0,0.5776,52.0,0.5777,5.0
1753547156420,16:25:56.420,ACE/USDT:USDT,0.5773,82.0,0.5771,428.0,0.5777,57.0,0.5779,4.0
1753547157276,16:25:57.276,ACE/USDT:USDT,0.5773,83.0,0.5772,398.0,0.5776,52.0,0.5777,5.0
1753547157922,16:25:57.922,ACE/USDT:USDT,0.5773,83.0,0.5772,398.0,0.5776,53.0,0.5778,4622.0
1753547158422,16:25:58.422,ACE/USDT:USDT,0.5773,83.0,0.5771,428.0,0.5776,1.0,0.5777,52.0
1753547158933,16:25:58.933,ACE/USDT:USDT,0.5773,82.0,0.5771,428.0,0.5776,1.0,0.5777,52.0
1753547159425,16:25:59.425,ACE/USDT:USDT,0.5773,82.0,0.5771,535.0,0.5777,53.0,0.5779,4.0
1753547160431,16:26:00.431,ACE/USDT:USDT,0.5773,1.0,0.5771,458.0,0.5777,56.0,0.5779,4.0
1753547160925,16:26:00.925,ACE/USDT:USDT,0.5773,1.0,0.5771,456.0,0.5777,56.0,0.5779,4.0
1753547161426,16:26:01.426,ACE/USDT:USDT,0.5773,1.0,0.5771,456.0,0.5777,53.0,0.5779,4.0
1753547162282,16:26:02.282,ACE/USDT:USDT,0.5773,1.0,0.5771,461.0,0.5777,65.0,0.5778,4225.0
1753547162930,16:26:02.930,ACE/USDT:USDT,0.5773,1.0,0.5771,463.0,0.5777,67.0,0.5778,4225.0
1753547163430,16:26:03.430,ACE/USDT:USDT,0.5773,1.0,0.5771,463.0,0.5777,65.0,0.5779,4.0
1753547164280,16:26:04.280,ACE/USDT:USDT,0.5773,1.0,0.5771,463.0,0.5777,65.0,0.5778,3680.0
1753547164996,16:26:04.996,ACE/USDT:USDT,0.5773,1.0,0.5771,436.0,0.5775,57.0,0.5778,3803.0
1753547165433,16:26:05.433,ACE/USDT:USDT,0.5771,8.0,0.5767,646.0,0.5774,61.0,0.5775,4469.0
1753547165937,16:26:05.937,ACE/USDT:USDT,0.5771,8.0,0.5767,646.0,0.5774,58.0,0.5775,4469.0
1753547166435,16:26:06.435,ACE/USDT:USDT,0.5771,8.0,0.5767,1645.0,0.5774,58.0,0.5775,5485.0
1753547167280,16:26:07.280,ACE/USDT:USDT,0.5771,8.0,0.5768,344.0,0.5774,6.0,0.5775,30.0
1753547167941,16:26:07.941,ACE/USDT:USDT,0.5771,7.0,0.5768,344.0,0.5774,5.0,0.5775,35.0
1753547168437,16:26:08.437,ACE/USDT:USDT,0.5771,9.0,0.5769,1941.0,0.5774,5.0,0.5775,35.0
1753547168939,16:26:08.939,ACE/USDT:USDT,0.5771,9.0,0.5769,1941.0,0.5774,5.0,0.5775,34.0
1753547169441,16:26:09.441,ACE/USDT:USDT,0.5771,9.0,0.5766,1624.0,0.5774,5.0,0.5775,31.0
1753547170288,16:26:10.288,ACE/USDT:USDT,0.5771,8.0,0.5766,2132.0,0.5774,5.0,0.5776,33.0
1753547170941,16:26:10.941,ACE/USDT:USDT,0.5771,9.0,0.5766,772.0,0.5774,5.0,0.5776,164.0
1753547171441,16:26:11.441,ACE/USDT:USDT,0.5771,10.0,0.5769,304.0,0.5774,5.0,0.5776,82.0
1753547171941,16:26:11.941,ACE/USDT:USDT,0.5771,10.0,0.5769,304.0,0.5774,5.0,0.5776,82.0
1753547172445,16:26:12.445,ACE/USDT:USDT,0.5771,10.0,0.577,1141.0,0.5774,5.0,0.5776,81.0
1753547173288,16:26:13.288,ACE/USDT:USDT,0.5771,10.0,0.5767,123.0,0.5774,5.0,0.5776,80.0
1753547174443,16:26:14.443,ACE/USDT:USDT,0.5771,8.0,0.5767,123.0,0.5774,5.0,0.5776,80.0
1753547175291,16:26:15.291,ACE/USDT:USDT,0.5771,7.0,0.5769,269.0,0.5774,5.0,0.5776,80.0
1753547175445,16:26:15.445,ACE/USDT:USDT,0.5771,7.0,0.5769,927.0,0.5774,5.0,0.5776,83.0
1753547176447,16:26:16.447,ACE/USDT:USDT,0.5771,9.0,0.5769,2157.0,0.5774,5.0,0.5776,83.0
1753547177291,16:26:17.291,ACE/USDT:USDT,0.5771,9.0,0.5769,269.0,0.5774,5.0,0.5776,80.0
1753547177952,16:26:17.952,ACE/USDT:USDT,0.5771,10.0,0.5769,269.0,0.5774,5.0,0.5776,80.0
1753547178451,16:26:18.451,ACE/USDT:USDT,0.5771,10.0,0.5769,1517.0,0.5774,5.0,0.5776,80.0
1753547179452,16:26:19.452,ACE/USDT:USDT,0.5771,7.0,0.5769,161.0,0.5774,5.0,0.5776,81.0
1753547179954,16:26:19.954,ACE/USDT:USDT,0.5771,6.0,0.5769,161.0,0.5774,5.0,0.5776,81.0
1753547180452,16:26:20.452,ACE/USDT:USDT,0.5771,7.0,0.5769,738.0,0.5774,5.0,0.5776,83.0
1753547181292,16:26:21.292,ACE/USDT:USDT,0.5771,7.0,0.577,1027.0,0.5774,5.0,0.5776,88.0
