timestamp,time,exchange,symbol,bid1_price,bid1_volume,bid2_price,bid2_volume,ask1_price,ask1_volume,ask2_price,ask2_volume
1753591882786,04:51:22.786,bitget,AEVO/USDT:USDT,0.1083,1512.8,0.1082,208331.1,0.1084,71425.4,0.1085,138918.2
1753591882936,04:51:22.936,bitget,AEVO/USDT:USDT,0.1083,1512.8,0.1082,208331.1,0.1084,71425.4,0.1085,138918.2
1753591883236,04:51:23.236,bitget,AEVO/USDT:USDT,0.1083,1512.8,0.1082,208331.1,0.1084,71425.4,0.1085,138918.2
1753591883386,04:51:23.386,bitget,AEVO/USDT:USDT,0.1083,1512.8,0.1082,208331.1,0.1084,71425.4,0.1085,138918.2
1753591883536,04:51:23.536,bitget,AEVO/USDT:USDT,0.1083,1512.8,0.1082,208331.1,0.1084,71425.4,0.1085,138918.2
1753591883836,04:51:23.836,bitget,AEVO/USDT:USDT,0.1083,1512.8,0.1082,208331.1,0.1084,71425.4,0.1085,138918.2
1753591883986,04:51:23.986,bitget,AEVO/USDT:USDT,0.1083,1512.8,0.1082,208331.1,0.1084,71425.4,0.1085,138918.2
1753591884137,04:51:24.137,bitget,AEVO/USDT:USDT,0.1083,1512.8,0.1082,208331.1,0.1084,71425.4,0.1085,138918.2
1753591884287,04:51:24.287,bitget,AEVO/USDT:USDT,0.1083,1512.8,0.1082,208331.1,0.1084,71425.4,0.1085,138918.2
1753591885187,04:51:25.187,bitget,AEVO/USDT:USDT,0.1083,1512.8,0.1082,208331.1,0.1084,71425.4,0.1085,138918.2
1753591885337,04:51:25.337,bitget,AEVO/USDT:USDT,0.1083,1512.8,0.1082,208331.1,0.1084,71425.4,0.1085,138918.2
1753591885487,04:51:25.487,bitget,AEVO/USDT:USDT,0.1083,1512.8,0.1082,208331.1,0.1084,71425.4,0.1085,138918.2
1753591885637,04:51:25.637,bitget,AEVO/USDT:USDT,0.1083,1512.8,0.1082,208331.1,0.1084,71425.4,0.1085,138918.2
1753591885787,04:51:25.787,bitget,AEVO/USDT:USDT,0.1083,1512.8,0.1082,208331.1,0.1084,71425.4,0.1085,138918.2
1753591885937,04:51:25.937,bitget,AEVO/USDT:USDT,0.1083,1512.8,0.1082,208331.1,0.1084,71425.4,0.1085,138918.2
1753591886388,04:51:26.388,bitget,AEVO/USDT:USDT,0.1083,1512.8,0.1082,208331.1,0.1084,71425.4,0.1085,138918.2
1753591886538,04:51:26.538,bitget,AEVO/USDT:USDT,0.1083,1512.8,0.1082,208331.1,0.1084,71425.4,0.1085,138918.2
1753591886688,04:51:26.688,bitget,AEVO/USDT:USDT,0.1083,1512.8,0.1082,208331.1,0.1084,71425.4,0.1085,138918.2
1753591887588,04:51:27.588,bitget,AEVO/USDT:USDT,0.1083,1512.8,0.1082,208331.1,0.1084,71425.4,0.1085,138918.2
1753591887738,04:51:27.738,bitget,AEVO/USDT:USDT,0.1083,1512.8,0.1082,208331.1,0.1084,71425.4,0.1085,138918.2
1753591887889,04:51:27.889,bitget,AEVO/USDT:USDT,0.1083,1512.8,0.1082,208331.1,0.1084,71425.4,0.1085,138918.2
1753591888639,04:51:28.639,bitget,AEVO/USDT:USDT,0.1083,1512.8,0.1082,208331.1,0.1084,71425.4,0.1085,138918.2
1753591888789,04:51:28.789,bitget,AEVO/USDT:USDT,0.1083,1512.8,0.1082,208331.1,0.1084,71425.4,0.1085,138918.2
1753591889089,04:51:29.089,bitget,AEVO/USDT:USDT,0.1083,1512.8,0.1082,208331.1,0.1084,71425.4,0.1085,138918.2
1753591889689,04:51:29.689,bitget,AEVO/USDT:USDT,0.1083,1512.8,0.1082,208331.1,0.1084,71425.4,0.1085,138918.2
1753591889840,04:51:29.840,bitget,AEVO/USDT:USDT,0.1083,1512.8,0.1082,208331.1,0.1084,71425.4,0.1085,138918.2
1753591889990,04:51:29.990,bitget,AEVO/USDT:USDT,0.1083,1512.8,0.1082,208331.1,0.1084,71425.4,0.1085,138918.2
1753591890140,04:51:30.140,bitget,AEVO/USDT:USDT,0.1083,1512.8,0.1082,208331.1,0.1084,71425.4,0.1085,138918.2
1753591890290,04:51:30.290,bitget,AEVO/USDT:USDT,0.1083,1512.8,0.1082,208331.1,0.1084,71425.4,0.1085,138918.2
1753591890440,04:51:30.440,bitget,AEVO/USDT:USDT,0.1083,1512.8,0.1082,208331.1,0.1084,71425.4,0.1085,138918.2
1753591890590,04:51:30.590,bitget,AEVO/USDT:USDT,0.1083,1512.8,0.1082,208331.1,0.1084,71425.4,0.1085,138918.2
1753591890740,04:51:30.740,bitget,AEVO/USDT:USDT,0.1083,1512.8,0.1082,208331.1,0.1084,71425.4,0.1085,138918.2
1753591890890,04:51:30.890,bitget,AEVO/USDT:USDT,0.1083,1512.8,0.1082,208331.1,0.1084,71425.4,0.1085,138918.2
1753591891040,04:51:31.040,bitget,AEVO/USDT:USDT,0.1083,1512.8,0.1082,208331.1,0.1084,71169.7,0.1085,138918.2
1753591891190,04:51:31.190,bitget,AEVO/USDT:USDT,0.1083,5961.7,0.1082,208331.1,0.1084,71169.7,0.1085,138918.2
1753591891340,04:51:31.340,bitget,AEVO/USDT:USDT,0.1083,7870.7,0.1082,208331.1,0.1084,71169.7,0.1085,138918.2
1753591891490,04:51:31.490,bitget,AEVO/USDT:USDT,0.1083,7870.7,0.1082,208331.1,0.1084,71169.7,0.1085,138918.2
1753591891641,04:51:31.641,bitget,AEVO/USDT:USDT,0.1083,7870.7,0.1082,208331.1,0.1084,71169.7,0.1085,138918.2
1753591891941,04:51:31.941,bitget,AEVO/USDT:USDT,0.1083,7870.7,0.1082,208331.1,0.1084,71169.7,0.1085,138918.2
1753591892091,04:51:32.091,bitget,AEVO/USDT:USDT,0.1083,7870.7,0.1082,208331.1,0.1084,71169.7,0.1085,138918.2
1753591892241,04:51:32.241,bitget,AEVO/USDT:USDT,0.1083,7870.7,0.1082,208331.1,0.1084,71169.7,0.1085,138918.2
1753591892391,04:51:32.391,bitget,AEVO/USDT:USDT,0.1083,7870.7,0.1082,208331.1,0.1084,71169.7,0.1085,138918.2
1753591892541,04:51:32.541,bitget,AEVO/USDT:USDT,0.1083,7870.7,0.1082,208331.1,0.1084,71169.7,0.1085,138918.2
1753591892691,04:51:32.691,bitget,AEVO/USDT:USDT,0.1083,7870.7,0.1082,208331.1,0.1084,71169.7,0.1085,138918.2
1753591892841,04:51:32.841,bitget,AEVO/USDT:USDT,0.1083,8126.4,0.1082,208331.1,0.1084,71169.7,0.1085,138918.2
1753591892991,04:51:32.991,bitget,AEVO/USDT:USDT,0.1083,8126.4,0.1082,208331.1,0.1084,71169.7,0.1085,138918.2
1753591893141,04:51:33.141,bitget,AEVO/USDT:USDT,0.1083,8126.4,0.1082,208331.1,0.1084,71169.7,0.1085,138918.2
1753591893291,04:51:33.291,bitget,AEVO/USDT:USDT,0.1083,7870.7,0.1082,208307.5,0.1084,71157.3,0.1085,138900.0
1753591893442,04:51:33.442,bitget,AEVO/USDT:USDT,0.1083,7870.7,0.1082,208307.5,0.1084,71157.3,0.1085,138900.0
1753591893592,04:51:33.592,bitget,AEVO/USDT:USDT,0.1083,7870.7,0.1082,208307.5,0.1084,71157.3,0.1085,138900.0
1753591893742,04:51:33.742,bitget,AEVO/USDT:USDT,0.1083,7870.7,0.1082,208307.5,0.1084,71157.3,0.1085,138900.0
1753591893892,04:51:33.892,bitget,AEVO/USDT:USDT,0.1083,7870.7,0.1082,208307.5,0.1084,71157.3,0.1085,138900.0
1753591894342,04:51:34.342,bitget,AEVO/USDT:USDT,0.1083,7870.7,0.1082,208307.5,0.1084,71157.3,0.1085,138900.0
1753591894492,04:51:34.492,bitget,AEVO/USDT:USDT,0.1083,7870.7,0.1082,208307.5,0.1084,71157.3,0.1085,138900.0
1753591894942,04:51:34.942,bitget,AEVO/USDT:USDT,0.1083,7870.7,0.1082,208307.5,0.1084,71157.3,0.1085,138900.0
1753591895092,04:51:35.092,bitget,AEVO/USDT:USDT,0.1083,7870.7,0.1082,208307.5,0.1084,71157.3,0.1085,138900.0
1753591895242,04:51:35.242,bitget,AEVO/USDT:USDT,0.1083,7870.7,0.1082,208307.5,0.1084,71157.3,0.1085,138900.0
1753591895393,04:51:35.393,bitget,AEVO/USDT:USDT,0.1083,7870.7,0.1082,208307.5,0.1084,71157.3,0.1085,138900.0
1753591895543,04:51:35.543,bitget,AEVO/USDT:USDT,0.1083,7870.7,0.1082,208307.5,0.1084,71157.3,0.1085,138900.0
1753591896143,04:51:36.143,bitget,AEVO/USDT:USDT,0.1083,3421.8,0.1082,208307.5,0.1084,71157.3,0.1085,138900.0
1753591896293,04:51:36.293,bitget,AEVO/USDT:USDT,0.1083,1512.8,0.1082,208307.5,0.1084,71413.0,0.1085,138900.0
1753591897043,04:51:37.043,bitget,AEVO/USDT:USDT,0.1083,3350.1,0.1082,208307.5,0.1084,71157.3,0.1085,138900.0
1753591897194,04:51:37.194,bitget,AEVO/USDT:USDT,0.1083,7326.8,0.1082,208307.5,0.1084,71157.3,0.1085,138900.0
1753591897644,04:51:37.644,bitget,AEVO/USDT:USDT,0.1083,7326.8,0.1082,208307.5,0.1084,71157.3,0.1085,138900.0
1753591897794,04:51:37.794,bitget,AEVO/USDT:USDT,0.1083,7326.8,0.1082,208307.5,0.1084,71157.3,0.1085,138900.0
1753591897944,04:51:37.944,bitget,AEVO/USDT:USDT,0.1083,7326.8,0.1082,208307.5,0.1084,71157.3,0.1085,138900.0
1753591898094,04:51:38.094,bitget,AEVO/USDT:USDT,0.1083,7326.8,0.1082,208307.5,0.1084,71157.3,0.1085,138900.0
1753591898244,04:51:38.244,bitget,AEVO/USDT:USDT,0.1083,7326.8,0.1082,208307.5,0.1084,71157.3,0.1085,138900.0
1753591898394,04:51:38.394,bitget,AEVO/USDT:USDT,0.1083,7326.8,0.1082,208307.5,0.1084,71157.3,0.1085,138900.0
1753591898544,04:51:38.544,bitget,AEVO/USDT:USDT,0.1083,7326.8,0.1082,208307.5,0.1084,71157.3,0.1085,138900.0
1753591898694,04:51:38.694,bitget,AEVO/USDT:USDT,0.1083,7326.8,0.1082,208307.5,0.1084,71157.3,0.1085,138900.0
1753591898844,04:51:38.844,bitget,AEVO/USDT:USDT,0.1083,7326.8,0.1082,208307.5,0.1084,71157.3,0.1085,138900.0
1753591899145,04:51:39.145,bitget,AEVO/USDT:USDT,0.1083,7326.8,0.1082,208307.5,0.1084,71157.3,0.1085,138900.0
1753591899595,04:51:39.595,bitget,AEVO/USDT:USDT,0.1083,7326.8,0.1082,208307.5,0.1084,71157.3,0.1085,138900.0
1753591899745,04:51:39.745,bitget,AEVO/USDT:USDT,0.1083,7326.8,0.1082,208307.5,0.1084,71157.3,0.1085,138900.0
1753591899895,04:51:39.895,bitget,AEVO/USDT:USDT,0.1083,22707.2,0.1082,204487.5,0.1084,7222.4,0.1085,148118.0
1753591900045,04:51:40.045,bitget,AEVO/USDT:USDT,0.1083,22707.2,0.1082,204487.5,0.1084,45052.8,0.1085,148118.0
1753591900195,04:51:40.195,bitget,AEVO/USDT:USDT,0.1083,23513.1,0.1082,204487.5,0.1084,45052.8,0.1085,148118.0
1753591900345,04:51:40.345,bitget,AEVO/USDT:USDT,0.1083,23513.1,0.1082,204487.5,0.1084,45052.8,0.1085,148118.0
1753591900495,04:51:40.495,bitget,AEVO/USDT:USDT,0.1083,23513.1,0.1082,204487.5,0.1084,45052.8,0.1085,148118.0
1753591900645,04:51:40.645,bitget,AEVO/USDT:USDT,0.1083,22707.2,0.1082,204487.5,0.1084,45052.8,0.1085,148118.0
1753591900795,04:51:40.795,bitget,AEVO/USDT:USDT,0.1083,22707.2,0.1082,204487.5,0.1084,45052.8,0.1085,148118.0
1753591900946,04:51:40.946,bitget,AEVO/USDT:USDT,0.1083,22707.2,0.1082,204487.5,0.1084,45052.8,0.1085,148118.0
1753591901096,04:51:41.096,bitget,AEVO/USDT:USDT,0.1083,23467.5,0.1082,204487.5,0.1084,45052.8,0.1085,148118.0
1753591901246,04:51:41.246,bitget,AEVO/USDT:USDT,0.1083,23467.5,0.1082,204487.5,0.1084,45052.8,0.1085,148118.0
1753591901396,04:51:41.396,bitget,AEVO/USDT:USDT,0.1083,23467.5,0.1082,204487.5,0.1084,45052.8,0.1085,148118.0
1753591901546,04:51:41.546,bitget,AEVO/USDT:USDT,0.1083,23467.5,0.1082,204487.5,0.1084,45052.8,0.1085,148118.0
1753591901696,04:51:41.696,bitget,AEVO/USDT:USDT,0.1083,23467.5,0.1082,204487.5,0.1084,45052.8,0.1085,148118.0
1753591901996,04:51:41.996,bitget,AEVO/USDT:USDT,0.1083,23467.5,0.1082,204487.5,0.1084,45052.8,0.1085,148118.0
1753591902146,04:51:42.146,bitget,AEVO/USDT:USDT,0.1083,23467.5,0.1082,204487.5,0.1084,45052.8,0.1085,148118.0
1753591902296,04:51:42.296,bitget,AEVO/USDT:USDT,0.1083,23467.5,0.1082,204487.5,0.1084,45052.8,0.1085,148118.0
1753591902446,04:51:42.446,bitget,AEVO/USDT:USDT,0.1083,23467.5,0.1082,204487.5,0.1084,45052.8,0.1085,148118.0
1753591902596,04:51:42.596,bitget,AEVO/USDT:USDT,0.1083,23467.5,0.1082,204487.5,0.1084,45052.8,0.1085,148118.0
1753591902747,04:51:42.747,bitget,AEVO/USDT:USDT,0.1083,23467.5,0.1082,204487.5,0.1084,45052.8,0.1085,148118.0
1753591902897,04:51:42.897,bitget,AEVO/USDT:USDT,0.1083,23467.5,0.1082,204487.5,0.1084,45052.8,0.1085,148118.0
1753591903047,04:51:43.047,bitget,AEVO/USDT:USDT,0.1083,23467.5,0.1082,204487.5,0.1084,45052.8,0.1085,148118.0
1753591903197,04:51:43.197,bitget,AEVO/USDT:USDT,0.1083,23467.5,0.1082,204487.5,0.1084,45052.8,0.1085,148118.0
1753591903347,04:51:43.347,bitget,AEVO/USDT:USDT,0.1083,23467.5,0.1082,204487.5,0.1084,45052.8,0.1085,148118.0
1753591903497,04:51:43.497,bitget,AEVO/USDT:USDT,0.1083,23467.5,0.1082,204487.5,0.1084,45052.8,0.1085,148118.0
1753591903647,04:51:43.647,bitget,AEVO/USDT:USDT,0.1083,23467.5,0.1082,204487.5,0.1084,45052.8,0.1085,148118.0
1753591903797,04:51:43.797,bitget,AEVO/USDT:USDT,0.1083,23467.5,0.1082,204487.5,0.1084,45052.8,0.1085,148118.0
1753591903947,04:51:43.947,bitget,AEVO/USDT:USDT,0.1083,25284.5,0.1082,204487.5,0.1084,5473.5,0.1085,187694.7
1753591904097,04:51:44.097,bitget,AEVO/USDT:USDT,0.1083,24524.2,0.1082,204487.5,0.1084,3749.6,0.1085,187694.7
1753591904247,04:51:44.247,bitget,AEVO/USDT:USDT,0.1083,22707.2,0.1082,204487.5,0.1084,4273.9,0.1085,187694.7
1753591904397,04:51:44.397,bitget,AEVO/USDT:USDT,0.1083,22707.2,0.1082,204487.5,0.1084,3749.6,0.1085,187694.7
1753591904547,04:51:44.547,bitget,AEVO/USDT:USDT,0.1083,22707.2,0.1082,204487.5,0.1084,3749.6,0.1085,187694.7
1753591904698,04:51:44.698,bitget,AEVO/USDT:USDT,0.1083,22707.2,0.1082,204487.5,0.1084,3749.6,0.1085,187694.7
1753591904848,04:51:44.848,bitget,AEVO/USDT:USDT,0.1083,22707.2,0.1082,204487.5,0.1084,3749.6,0.1085,187694.7
1753591904998,04:51:44.998,bitget,AEVO/USDT:USDT,0.1083,22707.2,0.1082,204487.5,0.1084,3749.6,0.1085,187694.7
1753591905148,04:51:45.148,bitget,AEVO/USDT:USDT,0.1083,22707.2,0.1082,204487.5,0.1084,3749.6,0.1085,187694.7
1753591905298,04:51:45.298,bitget,AEVO/USDT:USDT,0.1083,22707.2,0.1082,204487.5,0.1084,3749.6,0.1085,187694.7
1753591905448,04:51:45.448,bitget,AEVO/USDT:USDT,0.1083,22707.2,0.1082,204487.5,0.1084,3749.6,0.1085,187694.7
1753591905598,04:51:45.598,bitget,AEVO/USDT:USDT,0.1083,22707.2,0.1082,204487.5,0.1084,3749.6,0.1085,187694.7
1753591905748,04:51:45.748,bitget,AEVO/USDT:USDT,0.1083,22707.2,0.1082,204487.5,0.1084,3749.6,0.1085,187694.7
1753591905898,04:51:45.898,bitget,AEVO/USDT:USDT,0.1083,22707.2,0.1082,204487.5,0.1084,3749.6,0.1085,187694.7
1753591906048,04:51:46.048,bitget,AEVO/USDT:USDT,0.1083,22707.2,0.1082,204487.5,0.1084,3749.6,0.1085,187694.7
1753591906198,04:51:46.198,bitget,AEVO/USDT:USDT,0.1083,22707.2,0.1082,204487.5,0.1084,3749.6,0.1085,187694.7
1753591906348,04:51:46.348,bitget,AEVO/USDT:USDT,0.1083,22707.2,0.1082,204487.5,0.1084,3749.6,0.1085,187694.7
1753591906499,04:51:46.499,bitget,AEVO/USDT:USDT,0.1083,22707.2,0.1082,204487.5,0.1084,3749.6,0.1085,187694.7
1753591906649,04:51:46.649,bitget,AEVO/USDT:USDT,0.1083,22707.2,0.1082,204487.5,0.1084,3749.6,0.1085,187694.7
1753591906799,04:51:46.799,bitget,AEVO/USDT:USDT,0.1083,22707.2,0.1082,204487.5,0.1084,3749.6,0.1085,187694.7
1753591906949,04:51:46.949,bitget,AEVO/USDT:USDT,0.1083,22707.2,0.1082,204487.5,0.1084,3749.6,0.1085,187694.7
1753591907099,04:51:47.099,bitget,AEVO/USDT:USDT,0.1083,22707.2,0.1082,204487.5,0.1084,3749.6,0.1085,187694.7
1753591907249,04:51:47.249,bitget,AEVO/USDT:USDT,0.1083,22707.2,0.1082,204487.5,0.1084,3749.6,0.1085,187694.7
1753591907399,04:51:47.399,bitget,AEVO/USDT:USDT,0.1083,22707.2,0.1082,204487.5,0.1084,3749.6,0.1085,187694.7
1753591907549,04:51:47.549,bitget,AEVO/USDT:USDT,0.1083,22707.2,0.1082,204487.5,0.1084,3749.6,0.1085,187694.7
1753591907699,04:51:47.699,bitget,AEVO/USDT:USDT,0.1083,22707.2,0.1082,204487.5,0.1084,3749.6,0.1085,187694.7
1753591907849,04:51:47.849,bitget,AEVO/USDT:USDT,0.1083,22707.2,0.1082,204487.5,0.1084,3749.6,0.1085,187694.7
1753591907999,04:51:47.999,bitget,AEVO/USDT:USDT,0.1083,22707.2,0.1082,204487.5,0.1084,3749.6,0.1085,187694.7
1753591908149,04:51:48.149,bitget,AEVO/USDT:USDT,0.1083,22707.2,0.1082,204487.5,0.1084,3749.6,0.1085,187694.7
1753591908299,04:51:48.299,bitget,AEVO/USDT:USDT,0.1083,22707.2,0.1082,204487.5,0.1084,3749.6,0.1085,187694.7
1753591908450,04:51:48.450,bitget,AEVO/USDT:USDT,0.1083,22707.2,0.1082,204487.5,0.1084,3749.6,0.1085,187694.7
1753591908600,04:51:48.600,bitget,AEVO/USDT:USDT,0.1083,22707.2,0.1082,204487.5,0.1084,3749.6,0.1085,187694.7
1753591908750,04:51:48.750,bitget,AEVO/USDT:USDT,0.1083,22707.2,0.1082,204487.5,0.1084,3749.6,0.1085,187694.7
1753591909050,04:51:49.050,bitget,AEVO/USDT:USDT,0.1083,22707.2,0.1082,204487.5,0.1084,3749.6,0.1085,187694.7
1753591909200,04:51:49.200,bitget,AEVO/USDT:USDT,0.1083,62273.6,0.1082,164873.4,0.1084,3749.6,0.1085,187654.0
1753591909350,04:51:49.350,bitget,AEVO/USDT:USDT,0.1083,62273.6,0.1082,164873.4,0.1084,6660.4,0.1085,187654.0
1753591909500,04:51:49.500,bitget,AEVO/USDT:USDT,0.1083,62273.6,0.1082,164873.4,0.1084,6660.4,0.1085,187654.0
1753591909650,04:51:49.650,bitget,AEVO/USDT:USDT,0.1083,62273.6,0.1082,164873.4,0.1084,6660.4,0.1085,187654.0
1753591909950,04:51:49.950,bitget,AEVO/USDT:USDT,0.1083,62273.6,0.1082,164873.4,0.1084,6660.4,0.1085,187654.0
1753591910100,04:51:50.100,bitget,AEVO/USDT:USDT,0.1083,62273.6,0.1082,164873.4,0.1084,6660.4,0.1085,187654.0
1753591910250,04:51:50.250,bitget,AEVO/USDT:USDT,0.1083,62273.6,0.1082,164873.4,0.1084,6660.4,0.1085,187654.0
1753591910401,04:51:50.401,bitget,AEVO/USDT:USDT,0.1083,62273.6,0.1082,164873.4,0.1084,6660.4,0.1085,187654.0
1753591910551,04:51:50.551,bitget,AEVO/USDT:USDT,0.1083,62273.6,0.1082,164873.4,0.1084,6660.4,0.1085,187654.0
1753591910701,04:51:50.701,bitget,AEVO/USDT:USDT,0.1083,62273.6,0.1082,164873.4,0.1084,6660.4,0.1085,187654.0
1753591910851,04:51:50.851,bitget,AEVO/USDT:USDT,0.1083,62273.6,0.1082,164873.4,0.1084,6660.4,0.1085,187654.0
1753591911001,04:51:51.001,bitget,AEVO/USDT:USDT,0.1083,62273.6,0.1082,164873.4,0.1084,6660.4,0.1085,187654.0
1753591911151,04:51:51.151,bitget,AEVO/USDT:USDT,0.1083,62273.6,0.1082,164873.4,0.1084,6660.4,0.1085,187654.0
1753591911301,04:51:51.301,bitget,AEVO/USDT:USDT,0.1083,62273.6,0.1082,164873.4,0.1084,6660.4,0.1085,187654.0
1753591911451,04:51:51.451,bitget,AEVO/USDT:USDT,0.1083,62273.6,0.1082,164873.4,0.1084,6660.4,0.1085,187654.0
1753591911601,04:51:51.601,bitget,AEVO/USDT:USDT,0.1083,62273.6,0.1082,164873.4,0.1084,6660.4,0.1085,187654.0
1753591911751,04:51:51.751,bitget,AEVO/USDT:USDT,0.1083,62017.9,0.1082,164873.4,0.1084,6660.4,0.1085,187654.0
1753591911901,04:51:51.901,bitget,AEVO/USDT:USDT,0.1083,7326.8,0.1082,164873.4,0.1084,22032.7,0.1085,178436.0
1753591912051,04:51:52.051,bitget,AEVO/USDT:USDT,0.1083,4641.5,0.1082,204435.6,0.1084,31254.4,0.1085,178436.0
1753591912202,04:51:52.202,bitget,AEVO/USDT:USDT,0.1083,23368.1,0.1082,204435.6,0.1084,10728.0,0.1085,148087.5
1753591912352,04:51:52.352,bitget,AEVO/USDT:USDT,0.1083,23368.1,0.1082,202820.2,0.1084,5685.5,0.1085,187649.6
1753591912502,04:51:52.502,bitget,AEVO/USDT:USDT,0.1083,23368.1,0.1082,202820.2,0.1084,8571.1,0.1085,187649.6
1753591912652,04:51:52.652,bitget,AEVO/USDT:USDT,0.1083,23368.1,0.1082,202820.2,0.1084,8571.1,0.1085,187649.6
1753591912802,04:51:52.802,bitget,AEVO/USDT:USDT,0.1083,23368.1,0.1082,202820.2,0.1084,8571.1,0.1085,187649.6
1753591912952,04:51:52.952,bitget,AEVO/USDT:USDT,0.1083,23368.1,0.1082,202820.2,0.1084,8571.1,0.1085,187649.6
1753591913102,04:51:53.102,bitget,AEVO/USDT:USDT,0.1083,23368.1,0.1082,202820.2,0.1084,8571.1,0.1085,187649.6
1753591913252,04:51:53.252,bitget,AEVO/USDT:USDT,0.1083,23368.1,0.1082,202820.2,0.1084,8571.1,0.1085,187649.6
1753591913402,04:51:53.402,bitget,AEVO/USDT:USDT,0.1083,23368.1,0.1082,202820.2,0.1084,8571.1,0.1085,187649.6
1753591913552,04:51:53.552,bitget,AEVO/USDT:USDT,0.1083,23368.1,0.1082,202820.2,0.1084,8571.1,0.1085,187649.6
1753591913702,04:51:53.702,bitget,AEVO/USDT:USDT,0.1083,23368.1,0.1082,205357.6,0.1084,8571.1,0.1085,187649.6
1753591913852,04:51:53.852,bitget,AEVO/USDT:USDT,0.1083,23368.1,0.1082,205357.6,0.1084,8571.1,0.1085,187649.6
1753591914002,04:51:54.002,bitget,AEVO/USDT:USDT,0.1083,23368.1,0.1082,205357.6,0.1084,8571.1,0.1085,187649.6
1753591914153,04:51:54.153,bitget,AEVO/USDT:USDT,0.1083,23368.1,0.1082,205357.6,0.1084,8571.1,0.1085,187649.6
1753591914303,04:51:54.303,bitget,AEVO/USDT:USDT,0.1083,23368.1,0.1082,205357.6,0.1084,8571.1,0.1085,187649.6
1753591914453,04:51:54.453,bitget,AEVO/USDT:USDT,0.1083,23368.1,0.1082,205357.6,0.1084,8571.1,0.1085,187649.6
1753591914603,04:51:54.603,bitget,AEVO/USDT:USDT,0.1083,23368.1,0.1082,205357.6,0.1084,8571.1,0.1085,187649.6
1753591914753,04:51:54.753,bitget,AEVO/USDT:USDT,0.1083,23368.1,0.1082,205357.6,0.1084,8571.1,0.1085,187649.6
1753591914903,04:51:54.903,bitget,AEVO/USDT:USDT,0.1083,23368.1,0.1082,205357.6,0.1084,8571.1,0.1085,187649.6
1753591915053,04:51:55.053,bitget,AEVO/USDT:USDT,0.1083,23368.1,0.1082,205357.6,0.1084,8571.1,0.1085,187649.6
1753591915203,04:51:55.203,bitget,AEVO/USDT:USDT,0.1083,23368.1,0.1082,205357.6,0.1084,8571.1,0.1085,187649.6
1753591915353,04:51:55.353,bitget,AEVO/USDT:USDT,0.1083,23368.1,0.1082,205357.6,0.1084,8571.1,0.1085,187649.6
1753591915803,04:51:55.803,bitget,AEVO/USDT:USDT,0.1083,23368.1,0.1082,204435.6,0.1084,8571.1,0.1085,187649.6
1753591915954,04:51:55.954,bitget,AEVO/USDT:USDT,0.1083,23368.1,0.1082,204435.6,0.1084,8571.1,0.1085,187649.6
1753591916104,04:51:56.104,bitget,AEVO/USDT:USDT,0.1083,23368.1,0.1082,204435.6,0.1084,8571.1,0.1085,187649.6
1753591916254,04:51:56.254,bitget,AEVO/USDT:USDT,0.1083,23368.1,0.1082,204435.6,0.1084,8571.1,0.1085,187649.6
1753591916404,04:51:56.404,bitget,AEVO/USDT:USDT,0.1083,23368.1,0.1082,204435.6,0.1084,8571.1,0.1085,187649.6
1753591916554,04:51:56.554,bitget,AEVO/USDT:USDT,0.1083,23368.1,0.1082,204435.6,0.1084,8571.1,0.1085,187649.6
1753591916854,04:51:56.854,bitget,AEVO/USDT:USDT,0.1083,23368.1,0.1082,204435.6,0.1084,8571.1,0.1085,187649.6
1753591917004,04:51:57.004,bitget,AEVO/USDT:USDT,0.1083,23368.1,0.1082,204435.6,0.1084,8571.1,0.1085,187649.6
1753591917154,04:51:57.154,bitget,AEVO/USDT:USDT,0.1083,23368.1,0.1082,204435.6,0.1084,8571.1,0.1085,187649.6
1753591917304,04:51:57.304,bitget,AEVO/USDT:USDT,0.1083,23368.1,0.1082,204435.6,0.1084,8571.1,0.1085,187649.6
1753591917454,04:51:57.454,bitget,AEVO/USDT:USDT,0.1083,23368.1,0.1082,204435.6,0.1084,8571.1,0.1085,187649.6
1753591917755,04:51:57.755,bitget,AEVO/USDT:USDT,0.1083,23368.1,0.1082,204435.6,0.1084,8571.1,0.1085,187649.6
1753591917905,04:51:57.905,bitget,AEVO/USDT:USDT,0.1083,23368.1,0.1082,204435.6,0.1084,8571.1,0.1085,187649.6
1753591918055,04:51:58.055,bitget,AEVO/USDT:USDT,0.1083,23368.1,0.1082,204435.6,0.1084,8571.1,0.1085,187649.6
1753591918205,04:51:58.205,bitget,AEVO/USDT:USDT,0.1083,23368.1,0.1082,204435.6,0.1084,8571.1,0.1085,187649.6
1753591918355,04:51:58.355,bitget,AEVO/USDT:USDT,0.1083,23368.1,0.1082,204435.6,0.1084,8571.1,0.1085,187649.6
1753591918505,04:51:58.505,bitget,AEVO/USDT:USDT,0.1083,23368.1,0.1082,204435.6,0.1084,8571.1,0.1085,187649.6
1753591918655,04:51:58.655,bitget,AEVO/USDT:USDT,0.1083,23368.1,0.1082,204435.6,0.1084,8571.1,0.1085,187649.6
1753591918805,04:51:58.805,bitget,AEVO/USDT:USDT,0.1083,23368.1,0.1082,204435.6,0.1084,8571.1,0.1085,187649.6
1753591918955,04:51:58.955,bitget,AEVO/USDT:USDT,0.1083,23368.1,0.1082,204435.6,0.1084,8571.1,0.1085,187649.6
1753591919105,04:51:59.105,bitget,AEVO/USDT:USDT,0.1083,23368.1,0.1082,204435.6,0.1084,8571.1,0.1085,187649.6
1753591919255,04:51:59.255,bitget,AEVO/USDT:USDT,0.1083,23112.4,0.1082,204435.6,0.1084,8571.1,0.1085,187649.6
1753591919405,04:51:59.405,bitget,AEVO/USDT:USDT,0.1083,23368.1,0.1082,204435.6,0.1084,8571.1,0.1085,187649.6
1753591919556,04:51:59.556,bitget,AEVO/USDT:USDT,0.1083,23368.1,0.1082,204435.6,0.1084,8571.1,0.1085,187649.6
1753591919706,04:51:59.706,bitget,AEVO/USDT:USDT,0.1083,23368.1,0.1082,204435.6,0.1084,8571.1,0.1085,187649.6
1753591919856,04:51:59.856,bitget,AEVO/USDT:USDT,0.1083,23368.1,0.1082,204435.6,0.1084,8571.1,0.1085,187649.6
1753591920006,04:52:00.006,bitget,AEVO/USDT:USDT,0.1083,23368.1,0.1082,204435.6,0.1084,8571.1,0.1085,187649.6
1753591920156,04:52:00.156,bitget,AEVO/USDT:USDT,0.1083,23368.1,0.1082,204435.6,0.1084,8571.1,0.1085,187649.6
1753591920306,04:52:00.306,bitget,AEVO/USDT:USDT,0.1083,23368.1,0.1082,204435.6,0.1084,8571.1,0.1085,187649.6
1753591920606,04:52:00.606,bitget,AEVO/USDT:USDT,0.1083,23368.1,0.1082,204435.6,0.1084,8571.1,0.1085,187649.6
1753591920756,04:52:00.756,bitget,AEVO/USDT:USDT,0.1083,23368.1,0.1082,204435.6,0.1084,8571.1,0.1085,187649.6
1753591920906,04:52:00.906,bitget,AEVO/USDT:USDT,0.1083,23368.1,0.1082,204435.6,0.1084,8571.1,0.1085,187649.6
1753591921056,04:52:01.056,bitget,AEVO/USDT:USDT,0.1083,23368.1,0.1082,204435.6,0.1084,8571.1,0.1085,187649.6
1753591921206,04:52:01.206,bitget,AEVO/USDT:USDT,0.1083,23368.1,0.1082,204435.6,0.1084,8571.1,0.1085,187649.6
1753591921356,04:52:01.356,bitget,AEVO/USDT:USDT,0.1083,23368.1,0.1082,204435.6,0.1084,8571.1,0.1085,187649.6
1753591921507,04:52:01.507,bitget,AEVO/USDT:USDT,0.1083,32597.5,0.1082,195200.8,0.1084,8571.1,0.1085,187649.6
1753591921657,04:52:01.657,bitget,AEVO/USDT:USDT,0.1083,32597.5,0.1082,195200.8,0.1084,4751.1,0.1085,187649.6
1753591921807,04:52:01.807,bitget,AEVO/USDT:USDT,0.1083,32597.5,0.1082,195200.8,0.1085,187649.6,0.1086,43263.3
1753591921957,04:52:01.957,bitget,AEVO/USDT:USDT,0.1083,84040.0,0.1082,208015.3,0.1085,178431.7,0.1086,43263.3
1753591922107,04:52:02.107,bitget,AEVO/USDT:USDT,0.1083,84040.0,0.1082,208015.3,0.1085,178431.7,0.1086,43263.3
1753591922407,04:52:02.407,bitget,AEVO/USDT:USDT,0.1083,33442.3,0.1082,208015.3,0.1084,3739.4,0.1085,187645.2
1753591922557,04:52:02.557,bitget,AEVO/USDT:USDT,0.1083,32341.8,0.1082,208015.3,0.1084,3739.4,0.1085,187645.2
1753591922707,04:52:02.707,bitget,AEVO/USDT:USDT,0.1083,32597.5,0.1082,201655.7,0.1084,3739.4,0.1085,187645.2
1753591922857,04:52:02.857,bitget,AEVO/USDT:USDT,0.1083,32597.5,0.1082,201655.7,0.1084,3739.4,0.1085,187645.2
1753591923007,04:52:03.007,bitget,AEVO/USDT:USDT,0.1083,36131.3,0.1082,201655.7,0.1084,3739.4,0.1085,187645.2
1753591923157,04:52:03.157,bitget,AEVO/USDT:USDT,0.1083,36131.3,0.1082,201655.7,0.1084,3739.4,0.1085,187645.2
1753591923308,04:52:03.308,bitget,AEVO/USDT:USDT,0.1083,36131.3,0.1082,201655.7,0.1084,3739.4,0.1085,187645.2
1753591923458,04:52:03.458,bitget,AEVO/USDT:USDT,0.1083,36131.3,0.1082,201655.7,0.1084,3739.4,0.1085,187645.2
1753591923608,04:52:03.608,bitget,AEVO/USDT:USDT,0.1083,36131.3,0.1082,201655.7,0.1084,3739.4,0.1085,187645.2
1753591923758,04:52:03.758,bitget,AEVO/USDT:USDT,0.1083,36131.3,0.1082,201655.7,0.1084,3739.4,0.1085,187645.2
1753591923908,04:52:03.908,bitget,AEVO/USDT:USDT,0.1083,26901.9,0.1082,201655.7,0.1084,3739.4,0.1085,187645.2
1753591924058,04:52:04.058,bitget,AEVO/USDT:USDT,0.1083,24212.9,0.1082,201655.7,0.1084,3739.4,0.1085,187645.2
1753591924208,04:52:04.208,bitget,AEVO/USDT:USDT,0.1083,24212.9,0.1082,206561.5,0.1084,3739.4,0.1085,187645.2
1753591924358,04:52:04.358,bitget,AEVO/USDT:USDT,0.1083,24212.9,0.1082,206561.5,0.1084,3739.4,0.1085,187645.2
1753591924508,04:52:04.508,bitget,AEVO/USDT:USDT,0.1083,24212.9,0.1082,206561.5,0.1084,3739.4,0.1085,187645.2
1753591924658,04:52:04.658,bitget,AEVO/USDT:USDT,0.1083,24212.9,0.1082,206561.5,0.1084,3739.4,0.1085,187645.2
1753591924808,04:52:04.808,bitget,AEVO/USDT:USDT,0.1083,24212.9,0.1082,206561.5,0.1084,3739.4,0.1085,187645.2
1753591924958,04:52:04.958,bitget,AEVO/USDT:USDT,0.1083,24212.9,0.1082,206561.5,0.1084,3739.4,0.1085,187645.2
1753591925109,04:52:05.109,bitget,AEVO/USDT:USDT,0.1083,24212.9,0.1082,206561.5,0.1084,3739.4,0.1085,187645.2
1753591925259,04:52:05.259,bitget,AEVO/USDT:USDT,0.1083,63768.2,0.1082,166986.7,0.1084,3739.4,0.1085,187625.8
1753591925409,04:52:05.409,bitget,AEVO/USDT:USDT,0.1083,63768.2,0.1082,166986.7,0.1084,3739.4,0.1085,187625.8
1753591925559,04:52:05.559,bitget,AEVO/USDT:USDT,0.1083,63768.2,0.1082,166986.7,0.1084,3739.4,0.1085,187625.8
1753591925709,04:52:05.709,bitget,AEVO/USDT:USDT,0.1083,63768.2,0.1082,166986.7,0.1084,3739.4,0.1085,187625.8
1753591925859,04:52:05.859,bitget,AEVO/USDT:USDT,0.1083,63768.2,0.1082,166986.7,0.1084,3739.4,0.1085,187625.8
1753591926009,04:52:06.009,bitget,AEVO/USDT:USDT,0.1083,63768.2,0.1082,166986.7,0.1084,3739.4,0.1085,187625.8
1753591926159,04:52:06.159,bitget,AEVO/USDT:USDT,0.1083,63768.2,0.1082,166986.7,0.1084,3739.4,0.1085,187625.8
1753591926309,04:52:06.309,bitget,AEVO/USDT:USDT,0.1083,63768.2,0.1082,166986.7,0.1084,3739.4,0.1085,187625.8
1753591926459,04:52:06.459,bitget,AEVO/USDT:USDT,0.1083,63768.2,0.1082,166986.7,0.1084,3739.4,0.1085,187625.8
1753591926609,04:52:06.609,bitget,AEVO/USDT:USDT,0.1083,63768.2,0.1082,166986.7,0.1084,3739.4,0.1085,187625.8
1753591926759,04:52:06.759,bitget,AEVO/USDT:USDT,0.1083,63768.2,0.1082,166986.7,0.1084,3739.4,0.1085,187625.8
1753591926909,04:52:06.909,bitget,AEVO/USDT:USDT,0.1083,63768.2,0.1082,166986.7,0.1084,3739.4,0.1085,187625.8
1753591927060,04:52:07.060,bitget,AEVO/USDT:USDT,0.1083,63768.2,0.1082,166986.7,0.1084,3739.4,0.1085,187625.8
1753591927210,04:52:07.210,bitget,AEVO/USDT:USDT,0.1083,63768.2,0.1082,166986.7,0.1084,3739.4,0.1085,187625.8
1753591927360,04:52:07.360,bitget,AEVO/USDT:USDT,0.1083,63768.2,0.1082,166986.7,0.1084,3739.4,0.1085,187625.8
1753591927510,04:52:07.510,bitget,AEVO/USDT:USDT,0.1083,63768.2,0.1082,166986.7,0.1084,3739.4,0.1085,187625.8
1753591927660,04:52:07.660,bitget,AEVO/USDT:USDT,0.1083,63768.2,0.1082,166986.7,0.1084,3739.4,0.1085,187625.8
1753591927810,04:52:07.810,bitget,AEVO/USDT:USDT,0.1083,63768.2,0.1082,166986.7,0.1084,3739.4,0.1085,187625.8
1753591927960,04:52:07.960,bitget,AEVO/USDT:USDT,0.1083,63768.2,0.1082,166986.7,0.1084,3739.4,0.1085,187625.8
1753591928110,04:52:08.110,bitget,AEVO/USDT:USDT,0.1083,63768.2,0.1082,166986.7,0.1084,3739.4,0.1085,187625.8
1753591928260,04:52:08.260,bitget,AEVO/USDT:USDT,0.1083,63768.2,0.1082,166986.7,0.1084,3739.4,0.1085,187625.8
1753591928410,04:52:08.410,bitget,AEVO/USDT:USDT,0.1083,63768.2,0.1082,166986.7,0.1084,3739.4,0.1085,187625.8
1753591928560,04:52:08.560,bitget,AEVO/USDT:USDT,0.1083,63768.2,0.1082,166986.7,0.1084,3739.4,0.1085,187625.8
1753591928710,04:52:08.710,bitget,AEVO/USDT:USDT,0.1083,63768.2,0.1082,166986.7,0.1084,3739.4,0.1085,187625.8
1753591928861,04:52:08.861,bitget,AEVO/USDT:USDT,0.1083,63768.2,0.1082,166986.7,0.1084,3739.4,0.1085,187625.8
1753591929011,04:52:09.011,bitget,AEVO/USDT:USDT,0.1083,63768.2,0.1082,166986.7,0.1084,3739.4,0.1085,187625.8
1753591929161,04:52:09.161,bitget,AEVO/USDT:USDT,0.1083,63768.2,0.1082,157756.8,0.1084,3739.4,0.1085,187625.8
1753591929311,04:52:09.311,bitget,AEVO/USDT:USDT,0.1083,72997.9,0.1082,157756.8,0.1084,3739.4,0.1085,187625.8
1753591929461,04:52:09.461,bitget,AEVO/USDT:USDT,0.1083,72997.9,0.1082,157756.8,0.1084,3739.4,0.1085,187625.8
1753591929611,04:52:09.611,bitget,AEVO/USDT:USDT,0.1083,72997.9,0.1082,157756.8,0.1084,3739.4,0.1085,187625.8
1753591929761,04:52:09.761,bitget,AEVO/USDT:USDT,0.1083,72997.9,0.1082,157756.8,0.1084,3739.4,0.1085,187625.8
1753591929911,04:52:09.911,bitget,AEVO/USDT:USDT,0.1083,72997.9,0.1082,157756.8,0.1084,3739.4,0.1085,187625.8
1753591930211,04:52:10.211,bitget,AEVO/USDT:USDT,0.1083,72997.9,0.1082,157756.8,0.1084,3739.4,0.1085,187625.8
1753591930361,04:52:10.361,bitget,AEVO/USDT:USDT,0.1083,72997.9,0.1082,157756.8,0.1084,3739.4,0.1085,187625.8
1753591930511,04:52:10.511,bitget,AEVO/USDT:USDT,0.1083,72997.9,0.1082,157756.8,0.1084,3739.4,0.1085,187625.8
1753591930661,04:52:10.661,bitget,AEVO/USDT:USDT,0.1083,72997.9,0.1082,157756.8,0.1084,3739.4,0.1085,187625.8
1753591930812,04:52:10.812,bitget,AEVO/USDT:USDT,0.1083,63768.2,0.1082,157756.8,0.1084,3739.4,0.1085,187625.8
1753591930962,04:52:10.962,bitget,AEVO/USDT:USDT,0.1083,63768.2,0.1082,157756.8,0.1084,3739.4,0.1085,187625.8
1753591931112,04:52:11.112,bitget,AEVO/USDT:USDT,0.1083,63768.2,0.1082,157756.8,0.1084,3739.4,0.1085,187625.8
1753591931262,04:52:11.262,bitget,AEVO/USDT:USDT,0.1083,63768.2,0.1082,157756.8,0.1084,3739.4,0.1085,187625.8
1753591931412,04:52:11.412,bitget,AEVO/USDT:USDT,0.1083,72997.5,0.1082,157756.8,0.1084,3739.4,0.1085,187625.8
1753591931562,04:52:11.562,bitget,AEVO/USDT:USDT,0.1083,72997.5,0.1082,157756.8,0.1084,3739.4,0.1085,187625.8
1753591931712,04:52:11.712,bitget,AEVO/USDT:USDT,0.1083,72997.5,0.1082,157756.8,0.1084,3739.4,0.1085,187625.8
1753591931862,04:52:11.862,bitget,AEVO/USDT:USDT,0.1083,72997.5,0.1082,157756.8,0.1084,3739.4,0.1085,187625.8
1753591932012,04:52:12.012,bitget,AEVO/USDT:USDT,0.1083,63768.2,0.1082,157756.8,0.1084,3739.4,0.1085,187625.8
1753591932162,04:52:12.162,bitget,AEVO/USDT:USDT,0.1083,63768.2,0.1082,157756.8,0.1084,3739.4,0.1085,187625.8
1753591932312,04:52:12.312,bitget,AEVO/USDT:USDT,0.1083,63512.5,0.1082,166987.7,0.1084,3739.4,0.1085,187625.8
1753591932462,04:52:12.462,bitget,AEVO/USDT:USDT,0.1083,63768.2,0.1082,166987.7,0.1084,3739.4,0.1085,187625.8
1753591932613,04:52:12.613,bitget,AEVO/USDT:USDT,0.1083,63768.2,0.1082,166987.7,0.1084,3739.4,0.1085,187625.8
1753591932763,04:52:12.763,bitget,AEVO/USDT:USDT,0.1083,63768.2,0.1082,166987.7,0.1084,3739.4,0.1085,187625.8
1753591932913,04:52:12.913,bitget,AEVO/USDT:USDT,0.1083,63768.2,0.1082,166987.7,0.1084,3739.4,0.1085,187625.8
1753591933063,04:52:13.063,bitget,AEVO/USDT:USDT,0.1083,63768.2,0.1082,166987.7,0.1084,3739.4,0.1085,187625.8
1753591933213,04:52:13.213,bitget,AEVO/USDT:USDT,0.1083,63768.2,0.1082,166987.7,0.1084,3739.4,0.1085,187625.8
1753591933363,04:52:13.363,bitget,AEVO/USDT:USDT,0.1083,63768.2,0.1082,166987.7,0.1084,3739.4,0.1085,187625.8
1753591933663,04:52:13.663,bitget,AEVO/USDT:USDT,0.1083,63768.2,0.1082,166987.7,0.1084,3739.4,0.1085,187625.8
1753591933813,04:52:13.813,bitget,AEVO/USDT:USDT,0.1083,63768.2,0.1082,166987.7,0.1084,3739.4,0.1085,187625.8
1753591933963,04:52:13.963,bitget,AEVO/USDT:USDT,0.1083,63768.2,0.1082,166987.7,0.1084,3739.4,0.1085,187625.8
1753591934113,04:52:14.113,bitget,AEVO/USDT:USDT,0.1083,63768.2,0.1082,166987.7,0.1084,3739.4,0.1085,187625.8
1753591934263,04:52:14.263,bitget,AEVO/USDT:USDT,0.1083,63768.2,0.1082,166987.7,0.1084,3739.4,0.1085,187625.8
1753591934414,04:52:14.414,bitget,AEVO/USDT:USDT,0.1083,63768.2,0.1082,166987.7,0.1084,3739.4,0.1085,187625.8
1753591934564,04:52:14.564,bitget,AEVO/USDT:USDT,0.1083,105412.9,0.1082,166987.7,0.1084,1849.3,0.1085,184742.8
1753591934714,04:52:14.714,bitget,AEVO/USDT:USDT,0.1083,105412.9,0.1082,166987.7,0.1084,1849.3,0.1085,184742.8
1753591934864,04:52:14.864,bitget,AEVO/USDT:USDT,0.1083,105412.9,0.1082,166987.7,0.1084,1849.3,0.1085,184742.8
1753591935014,04:52:15.014,bitget,AEVO/USDT:USDT,0.1083,105412.9,0.1082,166987.7,0.1084,1849.3,0.1085,184742.8
1753591935164,04:52:15.164,bitget,AEVO/USDT:USDT,0.1083,105412.9,0.1082,166987.7,0.1084,1849.3,0.1085,184742.8
1753591935314,04:52:15.314,bitget,AEVO/USDT:USDT,0.1083,105412.9,0.1082,166987.7,0.1084,1849.3,0.1085,184742.8
1753591935464,04:52:15.464,bitget,AEVO/USDT:USDT,0.1083,105412.9,0.1082,166987.7,0.1084,1849.3,0.1085,184742.8
1753591935614,04:52:15.614,bitget,AEVO/USDT:USDT,0.1083,105412.9,0.1082,166987.7,0.1084,1849.3,0.1085,184742.8
1753591935764,04:52:15.764,bitget,AEVO/USDT:USDT,0.1083,105412.9,0.1082,166987.7,0.1084,1849.3,0.1085,184742.8
1753591935914,04:52:15.914,bitget,AEVO/USDT:USDT,0.1083,105412.9,0.1082,166987.7,0.1084,1849.3,0.1085,184742.8
1753591936064,04:52:16.064,bitget,AEVO/USDT:USDT,0.1083,105412.9,0.1082,166987.7,0.1084,1849.3,0.1085,184742.8
1753591936215,04:52:16.215,bitget,AEVO/USDT:USDT,0.1083,105412.9,0.1082,166987.7,0.1084,1849.3,0.1085,184742.8
1753591936365,04:52:16.365,bitget,AEVO/USDT:USDT,0.1083,105412.9,0.1082,166987.7,0.1084,1849.3,0.1085,184742.8
1753591936515,04:52:16.515,bitget,AEVO/USDT:USDT,0.1083,105412.9,0.1082,166987.7,0.1084,1849.3,0.1085,184742.8
1753591936665,04:52:16.665,bitget,AEVO/USDT:USDT,0.1083,63768.2,0.1082,166987.7,0.1084,1849.3,0.1085,184742.8
1753591936815,04:52:16.815,bitget,AEVO/USDT:USDT,0.1083,63768.2,0.1082,166987.7,0.1084,1849.3,0.1085,184742.8
1753591936965,04:52:16.965,bitget,AEVO/USDT:USDT,0.1083,63768.2,0.1082,166987.7,0.1084,1849.3,0.1085,184742.8
1753591937115,04:52:17.115,bitget,AEVO/USDT:USDT,0.1083,63768.2,0.1082,166987.7,0.1084,1849.3,0.1085,184742.8
1753591937265,04:52:17.265,bitget,AEVO/USDT:USDT,0.1083,63768.2,0.1082,166987.7,0.1084,1849.3,0.1085,184742.8
1753591937415,04:52:17.415,bitget,AEVO/USDT:USDT,0.1083,63768.2,0.1082,166987.7,0.1084,1849.3,0.1085,184742.8
1753591937565,04:52:17.565,bitget,AEVO/USDT:USDT,0.1083,63768.2,0.1082,166987.7,0.1084,1849.3,0.1085,184742.8
1753591937715,04:52:17.715,bitget,AEVO/USDT:USDT,0.1083,63768.2,0.1082,166987.7,0.1084,1849.3,0.1085,184742.8
1753591937865,04:52:17.865,bitget,AEVO/USDT:USDT,0.1083,63768.2,0.1082,166987.7,0.1084,1849.3,0.1085,184742.8
1753591938015,04:52:18.015,bitget,AEVO/USDT:USDT,0.1083,63768.2,0.1082,166987.7,0.1084,1849.3,0.1085,184742.8
1753591938166,04:52:18.166,bitget,AEVO/USDT:USDT,0.1083,63768.2,0.1082,166987.7,0.1084,1849.3,0.1085,184742.8
1753591938316,04:52:18.316,bitget,AEVO/USDT:USDT,0.1083,63768.2,0.1082,166987.7,0.1084,1849.3,0.1085,184742.8
1753591938466,04:52:18.466,bitget,AEVO/USDT:USDT,0.1083,63768.2,0.1082,166987.7,0.1084,1849.3,0.1085,184742.8
1753591938616,04:52:18.616,bitget,AEVO/USDT:USDT,0.1083,63768.2,0.1082,166987.7,0.1084,1849.3,0.1085,184742.8
1753591938766,04:52:18.766,bitget,AEVO/USDT:USDT,0.1083,63768.2,0.1082,166987.7,0.1084,1849.3,0.1085,184742.8
1753591938916,04:52:18.916,bitget,AEVO/USDT:USDT,0.1083,63768.2,0.1082,166987.7,0.1084,1849.3,0.1085,184742.8
1753591939066,04:52:19.066,bitget,AEVO/USDT:USDT,0.1083,63768.2,0.1082,166987.7,0.1084,1849.3,0.1085,184742.8
1753591939366,04:52:19.366,bitget,AEVO/USDT:USDT,0.1083,63512.5,0.1082,166987.7,0.1084,1849.3,0.1085,184742.8
1753591939516,04:52:19.516,bitget,AEVO/USDT:USDT,0.1083,63768.2,0.1082,166987.7,0.1084,1849.3,0.1085,184742.8
1753591939666,04:52:19.666,bitget,AEVO/USDT:USDT,0.1083,63768.2,0.1082,166987.7,0.1084,1849.3,0.1085,184742.8
1753591939816,04:52:19.816,bitget,AEVO/USDT:USDT,0.1083,63768.2,0.1082,166987.7,0.1084,1849.3,0.1085,184742.8
1753591939967,04:52:19.967,bitget,AEVO/USDT:USDT,0.1083,63768.2,0.1082,166987.7,0.1084,1849.3,0.1085,184742.8
1753591940117,04:52:20.117,bitget,AEVO/USDT:USDT,0.1083,63768.2,0.1082,166987.7,0.1084,1849.3,0.1085,184742.8
1753591940267,04:52:20.267,bitget,AEVO/USDT:USDT,0.1083,63768.2,0.1082,166987.7,0.1084,1849.3,0.1085,184742.8
1753591940417,04:52:20.417,bitget,AEVO/USDT:USDT,0.1083,63768.2,0.1082,166987.7,0.1084,1849.3,0.1085,184742.8
1753591940567,04:52:20.567,bitget,AEVO/USDT:USDT,0.1083,63768.2,0.1082,166987.7,0.1084,1849.3,0.1085,184742.8
1753591940717,04:52:20.717,bitget,AEVO/USDT:USDT,0.1083,63768.2,0.1082,166987.7,0.1084,1849.3,0.1085,184742.8
1753591940867,04:52:20.867,bitget,AEVO/USDT:USDT,0.1083,63768.2,0.1082,166987.7,0.1084,1849.3,0.1085,184742.8
1753591941017,04:52:21.017,bitget,AEVO/USDT:USDT,0.1083,63768.2,0.1082,157756.8,0.1084,1849.3,0.1085,184742.8
1753591941167,04:52:21.167,bitget,AEVO/USDT:USDT,0.1083,63759.8,0.1082,157757.0,0.1084,1849.3,0.1085,184734.6
1753591941317,04:52:21.317,bitget,AEVO/USDT:USDT,0.1083,63759.8,0.1082,157757.0,0.1084,1849.3,0.1085,184734.6
1753591941467,04:52:21.467,bitget,AEVO/USDT:USDT,0.1083,72989.1,0.1082,157757.0,0.1084,1849.3,0.1085,184734.6
1753591941617,04:52:21.617,bitget,AEVO/USDT:USDT,0.1083,63759.8,0.1082,166987.0,0.1084,1849.3,0.1085,184734.6
1753591941768,04:52:21.768,bitget,AEVO/USDT:USDT,0.1083,63759.8,0.1082,166987.0,0.1084,1849.3,0.1085,184734.6
1753591941918,04:52:21.918,bitget,AEVO/USDT:USDT,0.1083,63759.8,0.1082,166987.0,0.1084,1849.3,0.1085,184734.6
1753591942068,04:52:22.068,bitget,AEVO/USDT:USDT,0.1083,63759.8,0.1082,166987.0,0.1084,1849.3,0.1085,184734.6
1753591942218,04:52:22.218,bitget,AEVO/USDT:USDT,0.1083,63759.8,0.1082,166987.0,0.1084,1849.3,0.1085,184734.6
1753591942368,04:52:22.368,bitget,AEVO/USDT:USDT,0.1083,63759.8,0.1082,166987.0,0.1084,1849.3,0.1085,184734.6
1753591942518,04:52:22.518,bitget,AEVO/USDT:USDT,0.1083,63759.8,0.1082,166987.0,0.1084,1849.3,0.1085,184734.6
1753591942668,04:52:22.668,bitget,AEVO/USDT:USDT,0.1083,63759.8,0.1082,166987.0,0.1084,1849.3,0.1085,184734.6
1753591942818,04:52:22.818,bitget,AEVO/USDT:USDT,0.1083,63759.8,0.1082,166987.0,0.1084,1849.3,0.1085,184734.6
1753591942968,04:52:22.968,bitget,AEVO/USDT:USDT,0.1083,63759.8,0.1082,166987.0,0.1084,1849.3,0.1085,184734.6
1753591943118,04:52:23.118,bitget,AEVO/USDT:USDT,0.1083,63759.8,0.1082,166987.0,0.1084,1849.3,0.1085,184734.6
1753591943268,04:52:23.268,bitget,AEVO/USDT:USDT,0.1083,63759.8,0.1082,157757.0,0.1084,1849.3,0.1085,74017.8
1753591943418,04:52:23.418,bitget,AEVO/USDT:USDT,0.1083,72989.0,0.1082,157757.0,0.1084,1849.3,0.1085,98680.5
1753591943568,04:52:23.568,bitget,AEVO/USDT:USDT,0.1083,72989.0,0.1082,157757.0,0.1085,100513.6,0.1086,138360.9
1753591943718,04:52:23.718,bitget,AEVO/USDT:USDT,0.1084,1512.8,0.1083,111608.7,0.1085,100513.6,0.1086,138360.9
1753591943869,04:52:23.869,bitget,AEVO/USDT:USDT,0.1084,1512.8,0.1083,136278.6,0.1085,76106.6,0.1086,138360.9
1753591944019,04:52:24.019,bitget,AEVO/USDT:USDT,0.1084,1512.8,0.1083,136278.6,0.1085,76106.6,0.1086,138360.9
1753591944169,04:52:24.169,bitget,AEVO/USDT:USDT,0.1084,1512.8,0.1083,136278.6,0.1085,76106.6,0.1086,138360.9
1753591944319,04:52:24.319,bitget,AEVO/USDT:USDT,0.1084,1512.8,0.1083,136278.6,0.1085,76106.6,0.1086,138360.9
1753591944469,04:52:24.469,bitget,AEVO/USDT:USDT,0.1084,1512.8,0.1083,136278.6,0.1085,75850.9,0.1086,138360.9
1753591944619,04:52:24.619,bitget,AEVO/USDT:USDT,0.1084,1512.8,0.1083,136278.6,0.1085,75850.9,0.1086,138360.9
1753591944769,04:52:24.769,bitget,AEVO/USDT:USDT,0.1084,1512.8,0.1083,136278.6,0.1085,75850.9,0.1086,144539.2
1753591944919,04:52:24.919,bitget,AEVO/USDT:USDT,0.1084,1512.8,0.1083,136278.6,0.1085,76106.6,0.1086,144539.2
1753591945069,04:52:25.069,bitget,AEVO/USDT:USDT,0.1084,1512.8,0.1083,136278.6,0.1085,75850.9,0.1086,144539.2
1753591945219,04:52:25.219,bitget,AEVO/USDT:USDT,0.1084,1512.8,0.1083,136278.6,0.1085,76106.6,0.1086,144539.2
1753591945369,04:52:25.369,bitget,AEVO/USDT:USDT,0.1084,1512.8,0.1083,136278.6,0.1085,76106.6,0.1086,144539.2
1753591945520,04:52:25.520,bitget,AEVO/USDT:USDT,0.1084,1512.8,0.1083,136278.6,0.1085,75850.9,0.1086,144539.2
1753591945670,04:52:25.670,bitget,AEVO/USDT:USDT,0.1084,1512.8,0.1083,136278.6,0.1085,75850.9,0.1086,144539.2
1753591945820,04:52:25.820,bitget,AEVO/USDT:USDT,0.1084,1512.8,0.1083,136278.6,0.1085,75850.9,0.1086,144539.2
1753591945970,04:52:25.970,bitget,AEVO/USDT:USDT,0.1084,1512.8,0.1083,136278.6,0.1085,75850.9,0.1086,144539.2
1753591946120,04:52:26.120,bitget,AEVO/USDT:USDT,0.1084,1512.8,0.1083,136278.6,0.1085,76106.6,0.1086,144539.2
1753591946270,04:52:26.270,bitget,AEVO/USDT:USDT,0.1084,1512.8,0.1083,136278.6,0.1085,76106.6,0.1086,144539.2
1753591946420,04:52:26.420,bitget,AEVO/USDT:USDT,0.1084,1512.8,0.1083,136278.6,0.1085,75850.9,0.1086,144539.2
1753591946570,04:52:26.570,bitget,AEVO/USDT:USDT,0.1084,1512.8,0.1083,136278.6,0.1085,75850.9,0.1086,144539.2
1753591946720,04:52:26.720,bitget,AEVO/USDT:USDT,0.1084,1512.8,0.1083,136278.6,0.1085,75850.9,0.1086,144539.2
1753591946870,04:52:26.870,bitget,AEVO/USDT:USDT,0.1084,1512.8,0.1083,136278.6,0.1085,75850.9,0.1086,144539.2
1753591947020,04:52:27.020,bitget,AEVO/USDT:USDT,0.1084,1512.8,0.1083,136278.6,0.1085,75850.9,0.1086,144539.2
1753591947170,04:52:27.170,bitget,AEVO/USDT:USDT,0.1084,1512.8,0.1083,136278.6,0.1085,75850.9,0.1086,144539.2
1753591947320,04:52:27.320,bitget,AEVO/USDT:USDT,0.1084,1512.8,0.1083,136278.6,0.1085,75850.9,0.1086,144539.2
1753591947471,04:52:27.471,bitget,AEVO/USDT:USDT,0.1084,1512.8,0.1083,136278.6,0.1085,75850.9,0.1086,144539.2
1753591947771,04:52:27.771,bitget,AEVO/USDT:USDT,0.1084,1512.8,0.1083,136278.6,0.1085,75850.9,0.1086,144539.2
1753591947921,04:52:27.921,bitget,AEVO/USDT:USDT,0.1084,1512.8,0.1083,136278.6,0.1085,75850.9,0.1086,144539.2
1753591948071,04:52:28.071,bitget,AEVO/USDT:USDT,0.1084,1512.8,0.1083,136278.6,0.1085,75850.9,0.1086,144539.2
1753591948221,04:52:28.221,bitget,AEVO/USDT:USDT,0.1084,1512.8,0.1083,136278.6,0.1085,75850.9,0.1086,144539.2
1753591948371,04:52:28.371,bitget,AEVO/USDT:USDT,0.1084,1512.8,0.1083,127049.4,0.1085,75850.9,0.1086,144539.2
1753591948521,04:52:28.521,bitget,AEVO/USDT:USDT,0.1084,1512.8,0.1083,136278.9,0.1085,76106.6,0.1086,144539.2
1753591948671,04:52:28.671,bitget,AEVO/USDT:USDT,0.1084,1512.8,0.1083,136278.9,0.1085,76106.6,0.1086,144539.2
1753591948821,04:52:28.821,bitget,AEVO/USDT:USDT,0.1084,1512.8,0.1083,136278.9,0.1085,75850.9,0.1086,144539.2
1753591948971,04:52:28.971,bitget,AEVO/USDT:USDT,0.1084,1512.8,0.1083,136278.9,0.1085,75850.9,0.1086,144539.2
1753591949121,04:52:29.121,bitget,AEVO/USDT:USDT,0.1084,1512.8,0.1083,136278.9,0.1085,75850.9,0.1086,144539.2
1753591949271,04:52:29.271,bitget,AEVO/USDT:USDT,0.1084,1512.8,0.1083,136278.9,0.1085,75850.9,0.1086,144539.2
1753591949422,04:52:29.422,bitget,AEVO/USDT:USDT,0.1084,1512.8,0.1083,127049.4,0.1085,75850.9,0.1086,144539.2
1753591949572,04:52:29.572,bitget,AEVO/USDT:USDT,0.1084,1512.8,0.1083,127049.4,0.1085,75850.9,0.1086,144539.2
1753591949722,04:52:29.722,bitget,AEVO/USDT:USDT,0.1084,1512.8,0.1083,136279.1,0.1085,75850.9,0.1086,144539.2
1753591949872,04:52:29.872,bitget,AEVO/USDT:USDT,0.1084,1512.8,0.1083,136279.1,0.1085,75850.9,0.1086,144539.2
1753591950022,04:52:30.022,bitget,AEVO/USDT:USDT,0.1083,127049.4,0.1082,129422.4,0.1085,76106.6,0.1086,144539.2
1753591950172,04:52:30.172,bitget,AEVO/USDT:USDT,0.1083,102379.5,0.1082,155581.8,0.1085,100769.3,0.1086,144934.1
1753591950772,04:52:30.772,bitget,AEVO/USDT:USDT,0.1083,102635.2,0.1082,164812.4,0.1085,100769.3,0.1086,144934.1
1753591950922,04:52:30.922,bitget,AEVO/USDT:USDT,0.1083,102635.2,0.1082,164812.4,0.1085,100769.3,0.1086,144934.1
1753591951072,04:52:31.072,bitget,AEVO/USDT:USDT,0.1083,102635.2,0.1082,164812.4,0.1085,100769.3,0.1086,144934.1
1753591951223,04:52:31.223,bitget,AEVO/USDT:USDT,0.1083,102635.2,0.1082,155581.8,0.1085,100769.3,0.1086,144934.1
1753591951373,04:52:31.373,bitget,AEVO/USDT:USDT,0.1083,102635.2,0.1082,155581.8,0.1085,100769.3,0.1086,144934.1
1753591951523,04:52:31.523,bitget,AEVO/USDT:USDT,0.1083,111864.8,0.1082,155581.8,0.1085,100769.3,0.1086,144934.1
1753591951673,04:52:31.673,bitget,AEVO/USDT:USDT,0.1083,111864.8,0.1082,155581.8,0.1085,100769.3,0.1086,144934.1
1753591951823,04:52:31.823,bitget,AEVO/USDT:USDT,0.1083,111864.8,0.1082,155581.8,0.1085,100769.3,0.1086,144934.1
1753591951973,04:52:31.973,bitget,AEVO/USDT:USDT,0.1083,111864.8,0.1082,155581.8,0.1085,100769.3,0.1086,144934.1
1753591952123,04:52:32.123,bitget,AEVO/USDT:USDT,0.1083,102635.2,0.1082,155581.8,0.1085,100769.3,0.1086,144934.1
1753591952273,04:52:32.273,bitget,AEVO/USDT:USDT,0.1083,102635.2,0.1082,155581.8,0.1085,100769.3,0.1086,144934.1
1753591952423,04:52:32.423,bitget,AEVO/USDT:USDT,0.1083,102635.2,0.1082,155581.8,0.1085,100769.3,0.1086,144934.1
1753591952573,04:52:32.573,bitget,AEVO/USDT:USDT,0.1083,111864.8,0.1082,155581.8,0.1085,100769.3,0.1086,144934.1
1753591952723,04:52:32.723,bitget,AEVO/USDT:USDT,0.1083,102635.2,0.1082,155581.8,0.1085,100769.3,0.1086,144934.1
1753591952873,04:52:32.873,bitget,AEVO/USDT:USDT,0.1083,102635.2,0.1082,164811.7,0.1085,100769.3,0.1086,144934.1
1753591953024,04:52:33.024,bitget,AEVO/USDT:USDT,0.1083,111865.1,0.1082,155581.8,0.1085,100769.3,0.1086,144934.1
1753591953174,04:52:33.174,bitget,AEVO/USDT:USDT,0.1083,111865.1,0.1082,155581.8,0.1085,100769.3,0.1086,144934.1
1753591953324,04:52:33.324,bitget,AEVO/USDT:USDT,0.1083,111865.1,0.1082,155581.8,0.1085,100769.3,0.1086,144934.1
1753591953474,04:52:33.474,bitget,AEVO/USDT:USDT,0.1083,111865.1,0.1082,155581.8,0.1085,100769.3,0.1086,144934.1
1753591953624,04:52:33.624,bitget,AEVO/USDT:USDT,0.1083,111865.1,0.1082,155581.8,0.1085,100769.3,0.1086,144934.1
1753591953774,04:52:33.774,bitget,AEVO/USDT:USDT,0.1083,111865.1,0.1082,155581.8,0.1085,100769.3,0.1086,144934.1
1753591953924,04:52:33.924,bitget,AEVO/USDT:USDT,0.1083,111865.1,0.1082,155581.8,0.1085,100769.3,0.1086,144934.1
1753591954074,04:52:34.074,bitget,AEVO/USDT:USDT,0.1083,111865.1,0.1082,155581.8,0.1085,100769.3,0.1086,144934.1
1753591954224,04:52:34.224,bitget,AEVO/USDT:USDT,0.1083,111865.1,0.1082,155581.8,0.1085,100769.3,0.1086,144934.1
1753591954374,04:52:34.374,bitget,AEVO/USDT:USDT,0.1083,111865.1,0.1082,155581.8,0.1085,100769.3,0.1086,144934.1
1753591954524,04:52:34.524,bitget,AEVO/USDT:USDT,0.1083,111865.1,0.1082,155581.8,0.1085,100769.3,0.1086,144934.1
1753591954674,04:52:34.674,bitget,AEVO/USDT:USDT,0.1083,102635.2,0.1082,155581.8,0.1085,100769.3,0.1086,144934.1
1753591954824,04:52:34.824,bitget,AEVO/USDT:USDT,0.1083,102635.2,0.1082,164812.1,0.1085,100769.3,0.1086,144934.1
1753591954975,04:52:34.975,bitget,AEVO/USDT:USDT,0.1083,102379.5,0.1082,164812.1,0.1085,100769.3,0.1086,144934.1
1753591955125,04:52:35.125,bitget,AEVO/USDT:USDT,0.1083,102635.2,0.1082,164812.1,0.1085,100769.3,0.1086,144934.1
1753591955275,04:52:35.275,bitget,AEVO/USDT:USDT,0.1083,102635.2,0.1082,155581.8,0.1085,100769.3,0.1086,144934.1
1753591955425,04:52:35.425,bitget,AEVO/USDT:USDT,0.1083,102379.5,0.1082,155581.8,0.1085,100769.3,0.1086,144934.1
1753591955575,04:52:35.575,bitget,AEVO/USDT:USDT,0.1083,102379.5,0.1082,164812.4,0.1085,100769.3,0.1086,144934.1
1753591955725,04:52:35.725,bitget,AEVO/USDT:USDT,0.1083,102635.2,0.1082,164812.4,0.1085,100769.3,0.1086,144934.1
1753591955875,04:52:35.875,bitget,AEVO/USDT:USDT,0.1083,111864.8,0.1082,155581.8,0.1085,100769.3,0.1086,144934.1
1753591956025,04:52:36.025,bitget,AEVO/USDT:USDT,0.1083,111864.8,0.1082,155581.8,0.1085,100513.6,0.1086,144934.1
1753591956175,04:52:36.175,bitget,AEVO/USDT:USDT,0.1083,102635.2,0.1082,155581.8,0.1085,100513.6,0.1086,144934.1
1753591956325,04:52:36.325,bitget,AEVO/USDT:USDT,0.1083,102635.2,0.1082,155581.8,0.1085,100769.3,0.1086,144934.1
1753591956475,04:52:36.475,bitget,AEVO/USDT:USDT,0.1083,102635.2,0.1082,155581.8,0.1085,100769.3,0.1086,144934.1
1753591956625,04:52:36.625,bitget,AEVO/USDT:USDT,0.1083,102635.2,0.1082,164812.1,0.1085,100769.3,0.1086,144934.1
1753591956776,04:52:36.776,bitget,AEVO/USDT:USDT,0.1083,102635.2,0.1082,164812.1,0.1085,100513.6,0.1086,144934.1
1753591956926,04:52:36.926,bitget,AEVO/USDT:USDT,0.1083,102635.2,0.1082,164812.1,0.1085,100513.6,0.1086,144934.1
1753591957076,04:52:37.076,bitget,AEVO/USDT:USDT,0.1083,63088.3,0.1082,54095.3,0.1085,60966.7,0.1086,34218.0
1753591957226,04:52:37.226,bitget,AEVO/USDT:USDT,0.1083,72162.1,0.1082,164808.5,0.1085,69370.4,0.1086,144931.2
1753591957376,04:52:37.376,bitget,AEVO/USDT:USDT,0.1083,104324.0,0.1082,164808.5,0.1085,101562.9,0.1086,139111.6
1753591957526,04:52:37.526,bitget,AEVO/USDT:USDT,0.1083,104324.0,0.1082,164808.5,0.1085,101562.9,0.1086,139111.6
1753591957676,04:52:37.676,bitget,AEVO/USDT:USDT,0.1083,104324.0,0.1082,164808.5,0.1085,101562.9,0.1086,139111.6
1753591957826,04:52:37.826,bitget,AEVO/USDT:USDT,0.1083,104324.0,0.1082,164808.5,0.1085,101307.2,0.1086,139111.6
1753591957976,04:52:37.976,bitget,AEVO/USDT:USDT,0.1083,104324.0,0.1082,164808.5,0.1085,101307.2,0.1086,139111.6
1753591958126,04:52:38.126,bitget,AEVO/USDT:USDT,0.1083,104324.0,0.1082,164808.5,0.1085,212020.3,0.1086,28398.4
1753591958276,04:52:38.276,bitget,AEVO/USDT:USDT,0.1083,104324.0,0.1082,164808.5,0.1085,180366.3,0.1086,28398.4
1753591958426,04:52:38.426,bitget,AEVO/USDT:USDT,0.1084,1512.8,0.1083,104324.0,0.1085,180366.3,0.1086,28398.4
1753591958577,04:52:38.577,bitget,AEVO/USDT:USDT,0.1084,1512.8,0.1083,137954.5,0.1085,180110.6,0.1086,28654.1
1753591958727,04:52:38.727,bitget,AEVO/USDT:USDT,0.1084,1512.8,0.1083,137954.5,0.1085,180110.6,0.1086,28654.1
1753591959027,04:52:39.027,bitget,AEVO/USDT:USDT,0.1084,1512.8,0.1083,137954.5,0.1085,68561.9,0.1086,139367.2
1753591959177,04:52:39.177,bitget,AEVO/USDT:USDT,0.1084,1512.8,0.1083,137954.5,0.1085,68561.9,0.1086,139367.2
1753591959327,04:52:39.327,bitget,AEVO/USDT:USDT,0.1084,1512.8,0.1083,137954.5,0.1085,68561.9,0.1086,139367.2
1753591959477,04:52:39.477,bitget,AEVO/USDT:USDT,0.1084,1512.8,0.1083,137954.5,0.1085,68561.9,0.1086,139367.2
1753591959627,04:52:39.627,bitget,AEVO/USDT:USDT,0.1084,1512.8,0.1083,137954.5,0.1085,68561.9,0.1086,139367.2
1753591959777,04:52:39.777,bitget,AEVO/USDT:USDT,0.1084,1512.8,0.1083,137954.5,0.1085,68561.9,0.1086,139367.2
1753591959927,04:52:39.927,bitget,AEVO/USDT:USDT,0.1084,3363.4,0.1083,137954.5,0.1085,68561.9,0.1086,139367.2
1753591960077,04:52:40.077,bitget,AEVO/USDT:USDT,0.1084,3363.4,0.1083,248667.6,0.1085,68561.9,0.1086,139367.2
1753591960227,04:52:40.227,bitget,AEVO/USDT:USDT,0.1084,3363.4,0.1083,216505.7,0.1085,68561.9,0.1086,139367.2
1753591960377,04:52:40.377,bitget,AEVO/USDT:USDT,0.1084,3363.4,0.1083,216505.7,0.1085,68561.9,0.1086,139367.2
1753591960528,04:52:40.528,bitget,AEVO/USDT:USDT,0.1084,3363.4,0.1083,216505.7,0.1085,68561.9,0.1086,139367.2
1753591960678,04:52:40.678,bitget,AEVO/USDT:USDT,0.1084,3363.4,0.1083,216505.7,0.1085,68561.9,0.1086,139367.2
1753591960828,04:52:40.828,bitget,AEVO/USDT:USDT,0.1084,3363.4,0.1083,216505.7,0.1085,68561.9,0.1086,139367.2
1753591960978,04:52:40.978,bitget,AEVO/USDT:USDT,0.1084,3363.4,0.1083,216505.7,0.1085,68561.9,0.1086,139367.2
1753591961128,04:52:41.128,bitget,AEVO/USDT:USDT,0.1084,3363.4,0.1083,216505.7,0.1085,68561.9,0.1086,139367.2
1753591961278,04:52:41.278,bitget,AEVO/USDT:USDT,0.1084,1512.8,0.1083,216505.7,0.1085,68561.9,0.1086,139367.2
1753591961428,04:52:41.428,bitget,AEVO/USDT:USDT,0.1084,1512.8,0.1083,216505.7,0.1085,68561.9,0.1086,139367.2
1753591961578,04:52:41.578,bitget,AEVO/USDT:USDT,0.1084,1512.8,0.1083,216505.7,0.1085,68817.6,0.1086,139111.5
1753591961728,04:52:41.728,bitget,AEVO/USDT:USDT,0.1083,216761.4,0.1082,17456.3,0.1085,101740.6,0.1086,139111.5
1753591961878,04:52:41.878,bitget,AEVO/USDT:USDT,0.1083,192104.8,0.1082,43614.5,0.1085,101740.6,0.1086,139111.5
1753591962028,04:52:42.028,bitget,AEVO/USDT:USDT,0.1083,188161.1,0.1082,43614.5,0.1085,101740.6,0.1086,139111.5
1753591962178,04:52:42.178,bitget,AEVO/USDT:USDT,0.1083,188161.1,0.1082,43614.5,0.1085,101740.6,0.1086,139111.5
1753591962329,04:52:42.329,bitget,AEVO/USDT:USDT,0.1083,188161.1,0.1082,43614.5,0.1085,101740.6,0.1086,139111.5
1753591962479,04:52:42.479,bitget,AEVO/USDT:USDT,0.1083,188161.1,0.1082,43614.5,0.1085,101740.6,0.1086,139111.5
1753591962629,04:52:42.629,bitget,AEVO/USDT:USDT,0.1083,188161.1,0.1082,43614.5,0.1085,101740.6,0.1086,139111.5
1753591962779,04:52:42.779,bitget,AEVO/USDT:USDT,0.1083,188161.1,0.1082,43614.5,0.1085,101740.6,0.1086,139111.5
1753591962929,04:52:42.929,bitget,AEVO/USDT:USDT,0.1083,188161.1,0.1082,43614.5,0.1085,101740.6,0.1086,139111.5
1753591963079,04:52:43.079,bitget,AEVO/USDT:USDT,0.1083,188161.1,0.1082,43614.5,0.1085,101740.6,0.1086,139111.5
1753591963229,04:52:43.229,bitget,AEVO/USDT:USDT,0.1083,188161.1,0.1082,43614.5,0.1085,101740.6,0.1086,139111.5
1753591963379,04:52:43.379,bitget,AEVO/USDT:USDT,0.1083,188161.1,0.1082,43614.5,0.1085,101740.6,0.1086,139111.5
1753591963529,04:52:43.529,bitget,AEVO/USDT:USDT,0.1083,188161.1,0.1082,43614.5,0.1085,101740.6,0.1086,139111.5
1753591963679,04:52:43.679,bitget,AEVO/USDT:USDT,0.1083,188161.1,0.1082,43614.5,0.1085,101740.6,0.1086,139111.5
1753591963829,04:52:43.829,bitget,AEVO/USDT:USDT,0.1083,188161.1,0.1082,43614.5,0.1085,101740.6,0.1086,139111.5
1753591963979,04:52:43.979,bitget,AEVO/USDT:USDT,0.1083,188161.1,0.1082,43614.5,0.1085,101740.6,0.1086,139111.5
1753591964129,04:52:44.129,bitget,AEVO/USDT:USDT,0.1083,77448.0,0.1082,154324.7,0.1085,101740.6,0.1086,139111.5
1753591964430,04:52:44.430,bitget,AEVO/USDT:USDT,0.1083,111276.2,0.1082,154324.7,0.1085,101740.6,0.1086,139111.5
1753591964580,04:52:44.580,bitget,AEVO/USDT:USDT,0.1083,111276.2,0.1082,154324.7,0.1085,101740.6,0.1086,139111.5
1753591964730,04:52:44.730,bitget,AEVO/USDT:USDT,0.1083,111276.2,0.1082,154324.7,0.1085,101740.6,0.1086,139111.5
1753591964880,04:52:44.880,bitget,AEVO/USDT:USDT,0.1083,111276.2,0.1082,154324.7,0.1085,101740.6,0.1086,139111.5
1753591965030,04:52:45.030,bitget,AEVO/USDT:USDT,0.1083,111276.2,0.1082,154324.7,0.1085,101740.6,0.1086,139111.5
1753591965180,04:52:45.180,bitget,AEVO/USDT:USDT,0.1083,111276.2,0.1082,154324.7,0.1085,101740.6,0.1086,139111.5
1753591965330,04:52:45.330,bitget,AEVO/USDT:USDT,0.1083,111276.2,0.1082,154324.7,0.1085,101740.6,0.1086,139111.5
1753591965480,04:52:45.480,bitget,AEVO/USDT:USDT,0.1083,111276.2,0.1082,154324.7,0.1085,101740.6,0.1086,139111.5
1753591965630,04:52:45.630,bitget,AEVO/USDT:USDT,0.1083,111276.2,0.1082,154324.7,0.1085,101740.6,0.1086,139111.5
1753591965780,04:52:45.780,bitget,AEVO/USDT:USDT,0.1083,111276.2,0.1082,154324.7,0.1085,101740.6,0.1086,139111.5
1753591965931,04:52:45.931,bitget,AEVO/USDT:USDT,0.1083,111276.2,0.1082,154324.7,0.1085,101740.6,0.1086,139111.5
1753591966081,04:52:46.081,bitget,AEVO/USDT:USDT,0.1083,111276.2,0.1082,154324.7,0.1085,101740.6,0.1086,139111.5
1753591966231,04:52:46.231,bitget,AEVO/USDT:USDT,0.1083,111276.2,0.1082,154324.7,0.1085,101740.6,0.1086,139111.5
1753591966381,04:52:46.381,bitget,AEVO/USDT:USDT,0.1083,111276.2,0.1082,154324.7,0.1085,101740.6,0.1086,139111.5
1753591966531,04:52:46.531,bitget,AEVO/USDT:USDT,0.1083,111276.2,0.1082,154324.7,0.1085,101740.6,0.1086,139111.5
1753591966681,04:52:46.681,bitget,AEVO/USDT:USDT,0.1083,111276.2,0.1082,154324.7,0.1085,101740.6,0.1086,139111.5
1753591966831,04:52:46.831,bitget,AEVO/USDT:USDT,0.1083,111276.2,0.1082,154324.7,0.1085,101740.6,0.1086,139111.5
1753591966981,04:52:46.981,bitget,AEVO/USDT:USDT,0.1083,111276.2,0.1082,154324.7,0.1085,101484.9,0.1086,139111.5
1753591967131,04:52:47.131,bitget,AEVO/USDT:USDT,0.1083,111276.2,0.1082,154324.7,0.1085,101484.9,0.1086,139111.5
1753591967281,04:52:47.281,bitget,AEVO/USDT:USDT,0.1083,111276.2,0.1082,154324.7,0.1085,101484.9,0.1086,139111.5
1753591967431,04:52:47.431,bitget,AEVO/USDT:USDT,0.1083,111276.2,0.1082,154324.7,0.1085,101484.9,0.1086,139111.5
1753591967581,04:52:47.581,bitget,AEVO/USDT:USDT,0.1083,111276.2,0.1082,154324.7,0.1085,101484.9,0.1086,139111.5
1753591967732,04:52:47.732,bitget,AEVO/USDT:USDT,0.1083,111276.2,0.1082,154324.7,0.1085,101484.9,0.1086,139111.5
1753591967882,04:52:47.882,bitget,AEVO/USDT:USDT,0.1083,111276.2,0.1082,154324.7,0.1085,101484.9,0.1086,139111.5
1753591968032,04:52:48.032,bitget,AEVO/USDT:USDT,0.1083,111276.2,0.1082,154324.7,0.1085,101484.9,0.1086,139111.5
1753591968182,04:52:48.182,bitget,AEVO/USDT:USDT,0.1084,1872.8,0.1083,111276.2,0.1085,101408.2,0.1086,139111.5
1753591968332,04:52:48.332,bitget,AEVO/USDT:USDT,0.1084,1872.8,0.1083,135931.7,0.1085,68561.9,0.1086,139111.5
1753591968482,04:52:48.482,bitget,AEVO/USDT:USDT,0.1084,1872.8,0.1083,246640.6,0.1085,68561.9,0.1086,139111.5
1753591968632,04:52:48.632,bitget,AEVO/USDT:USDT,0.1084,1872.8,0.1083,208339.9,0.1085,68561.9,0.1086,139111.5
1753591968782,04:52:48.782,bitget,AEVO/USDT:USDT,0.1084,1872.8,0.1083,208339.9,0.1085,68561.9,0.1086,139111.5
1753591968932,04:52:48.932,bitget,AEVO/USDT:USDT,0.1084,1872.8,0.1083,208339.9,0.1085,68561.9,0.1086,139111.5
1753591969082,04:52:49.082,bitget,AEVO/USDT:USDT,0.1084,1872.8,0.1083,208339.9,0.1085,68561.9,0.1086,139111.5
1753591969232,04:52:49.232,bitget,AEVO/USDT:USDT,0.1084,1872.8,0.1083,208339.9,0.1085,68561.9,0.1086,139111.5
1753591969382,04:52:49.382,bitget,AEVO/USDT:USDT,0.1084,1872.8,0.1083,208339.9,0.1085,68561.9,0.1086,139111.5
1753591969532,04:52:49.532,bitget,AEVO/USDT:USDT,0.1084,6885.3,0.1083,208339.9,0.1085,68561.9,0.1086,139111.5
1753591969683,04:52:49.683,bitget,AEVO/USDT:USDT,0.1084,6885.3,0.1083,208339.9,0.1085,68561.9,0.1086,139111.5
1753591969833,04:52:49.833,bitget,AEVO/USDT:USDT,0.1084,6885.3,0.1083,208339.9,0.1085,68561.9,0.1086,139111.5
1753591969983,04:52:49.983,bitget,AEVO/USDT:USDT,0.1084,6885.3,0.1083,208339.9,0.1085,68561.9,0.1086,139111.5
1753591970133,04:52:50.133,bitget,AEVO/USDT:USDT,0.1084,6885.3,0.1083,208339.9,0.1085,68561.9,0.1086,139111.5
1753591970283,04:52:50.283,bitget,AEVO/USDT:USDT,0.1084,6885.3,0.1083,208339.9,0.1085,68561.9,0.1086,139111.5
1753591970433,04:52:50.433,bitget,AEVO/USDT:USDT,0.1084,6885.3,0.1083,208339.9,0.1085,68561.9,0.1086,139111.5
1753591970583,04:52:50.583,bitget,AEVO/USDT:USDT,0.1084,6885.3,0.1083,208339.9,0.1085,68561.9,0.1086,139111.5
1753591970733,04:52:50.733,bitget,AEVO/USDT:USDT,0.1084,1872.8,0.1083,208339.9,0.1085,68561.9,0.1086,139111.5
1753591970883,04:52:50.883,bitget,AEVO/USDT:USDT,0.1084,6205.7,0.1083,208339.9,0.1085,68561.9,0.1086,139111.5
1753591971033,04:52:51.033,bitget,AEVO/USDT:USDT,0.1084,6205.7,0.1083,208339.9,0.1085,68561.9,0.1086,139111.5
1753591971183,04:52:51.183,bitget,AEVO/USDT:USDT,0.1084,6205.7,0.1083,208339.9,0.1085,68561.9,0.1086,139111.5
1753591971333,04:52:51.333,bitget,AEVO/USDT:USDT,0.1084,6205.7,0.1083,208339.9,0.1085,68561.9,0.1086,139111.5
1753591971484,04:52:51.484,bitget,AEVO/USDT:USDT,0.1084,6205.7,0.1083,208339.9,0.1085,68561.9,0.1086,139111.5
1753591971634,04:52:51.634,bitget,AEVO/USDT:USDT,0.1084,6205.7,0.1083,208339.9,0.1085,68561.9,0.1086,139111.5
1753591971784,04:52:51.784,bitget,AEVO/USDT:USDT,0.1084,6205.7,0.1083,208339.9,0.1085,68561.9,0.1086,139111.5
1753591971934,04:52:51.934,bitget,AEVO/USDT:USDT,0.1084,6205.7,0.1083,208339.9,0.1085,68561.9,0.1086,139111.5
1753591972084,04:52:52.084,bitget,AEVO/USDT:USDT,0.1084,6205.7,0.1083,208339.9,0.1085,68561.9,0.1086,139111.5
