timestamp,time,symbol,bid1_price,bid1_volume,bid2_price,bid2_volume,ask1_price,ask1_volume,ask2_price,ask2_volume
1753546956556,16:22:36.556,AAVE/USDT:USDT,294.81,115000.0,294.62,732000.0,295.13,3000.0,295.14,3000.0
1753546957515,16:22:37.515,AAVE/USDT:USDT,294.81,115000.0,294.62,732000.0,295.13,3000.0,295.14,3000.0
1753546957886,16:22:37.886,AAVE/USDT:USDT,294.81,115000.0,294.62,732000.0,295.13,3000.0,295.14,3000.0
1753546958578,16:22:38.578,AAVE/USDT:USDT,294.81,115000.0,294.62,732000.0,295.13,3000.0,295.14,3000.0
1753546958627,16:22:38.627,AAVE/USDT:USDT,294.81,115000.0,294.62,732000.0,295.13,3000.0,295.14,3000.0
1753546958871,16:22:38.871,AAVE/USDT:USDT,294.81,115000.0,294.62,732000.0,295.12,7000.0,295.13,3000.0
1753546958920,16:22:38.920,AAVE/USDT:USDT,294.81,115000.0,294.62,732000.0,295.01,7000.0,295.02,7000.0
1753546958969,16:22:38.969,AAVE/USDT:USDT,294.81,115000.0,294.62,732000.0,294.91,7000.0,294.92,7000.0
1753546959018,16:22:39.018,AAVE/USDT:USDT,294.81,115000.0,294.62,732000.0,294.87,7000.0,295.13,3000.0
1753546959225,16:22:39.225,AAVE/USDT:USDT,294.81,115000.0,294.62,732000.0,294.87,7000.0,295.12,3000.0
1753546959844,16:22:39.844,AAVE/USDT:USDT,294.81,115000.0,294.62,732000.0,294.87,7000.0,295.12,3000.0
1753546959894,16:22:39.894,AAVE/USDT:USDT,294.81,115000.0,294.62,732000.0,294.87,7000.0,295.12,3000.0
1753546960027,16:22:40.027,AAVE/USDT:USDT,294.81,115000.0,294.62,732000.0,295.12,3000.0,295.13,3000.0
1753546960078,16:22:40.078,AAVE/USDT:USDT,294.81,115000.0,294.62,732000.0,295.13,3000.0,295.14,3000.0
1753546960128,16:22:40.128,AAVE/USDT:USDT,294.81,115000.0,294.62,732000.0,295.06,7000.0,295.07,7000.0
1753546960177,16:22:40.177,AAVE/USDT:USDT,294.81,115000.0,294.62,732000.0,294.98,7000.0,294.99,7000.0
1753546960226,16:22:40.226,AAVE/USDT:USDT,294.81,115000.0,294.62,732000.0,294.91,7000.0,295.16,3000.0
1753546960281,16:22:40.281,AAVE/USDT:USDT,294.81,115000.0,294.62,732000.0,294.91,7000.0,295.15,3000.0
1753546960436,16:22:40.436,AAVE/USDT:USDT,294.81,115000.0,294.62,732000.0,294.91,7000.0,295.16,3000.0
1753546960486,16:22:40.486,AAVE/USDT:USDT,294.81,115000.0,294.62,732000.0,294.91,7000.0,295.15,3000.0
1753546960535,16:22:40.535,AAVE/USDT:USDT,294.81,115000.0,294.62,732000.0,294.91,7000.0,295.16,3000.0
1753546960584,16:22:40.584,AAVE/USDT:USDT,294.81,115000.0,294.62,732000.0,294.91,7000.0,295.16,3000.0
1753546960654,16:22:40.654,AAVE/USDT:USDT,294.81,115000.0,294.62,732000.0,294.91,7000.0,295.16,3000.0
1753546960703,16:22:40.703,AAVE/USDT:USDT,294.81,115000.0,294.62,732000.0,294.88,7000.0,295.16,3000.0
1753546960752,16:22:40.752,AAVE/USDT:USDT,294.81,115000.0,294.62,732000.0,294.88,7000.0,295.16,3000.0
1753546960830,16:22:40.830,AAVE/USDT:USDT,294.81,115000.0,294.62,732000.0,294.88,7000.0,295.16,3000.0
1753546960879,16:22:40.879,AAVE/USDT:USDT,294.81,115000.0,294.62,732000.0,294.88,7000.0,295.16,3000.0
1753546960928,16:22:40.928,AAVE/USDT:USDT,294.81,115000.0,294.62,732000.0,295.15,3000.0,295.16,3000.0
1753546960977,16:22:40.977,AAVE/USDT:USDT,294.81,115000.0,294.62,732000.0,295.15,3000.0,295.16,3000.0
1753546961026,16:22:41.026,AAVE/USDT:USDT,294.81,115000.0,294.62,732000.0,295.15,3000.0,295.16,3000.0
1753546961075,16:22:41.075,AAVE/USDT:USDT,294.81,115000.0,294.62,732000.0,295.15,3000.0,295.16,3000.0
1753546961143,16:22:41.143,AAVE/USDT:USDT,294.81,115000.0,294.62,732000.0,295.16,3000.0,295.17,3000.0
1753546962115,16:22:42.115,AAVE/USDT:USDT,294.81,115000.0,294.62,732000.0,295.15,3000.0,295.16,3000.0
1753546962164,16:22:42.164,AAVE/USDT:USDT,294.81,115000.0,294.62,732000.0,295.06,7000.0,295.07,7000.0
1753546962213,16:22:42.213,AAVE/USDT:USDT,294.81,115000.0,294.62,732000.0,294.96,7000.0,294.97,7000.0
1753546962262,16:22:42.262,AAVE/USDT:USDT,294.81,115000.0,294.62,732000.0,294.91,7000.0,295.16,3000.0
1753546962364,16:22:42.364,AAVE/USDT:USDT,294.81,115000.0,294.62,732000.0,294.91,7000.0,295.16,3000.0
1753546962413,16:22:42.413,AAVE/USDT:USDT,294.81,115000.0,294.62,732000.0,294.91,7000.0,295.16,3000.0
1753546962462,16:22:42.462,AAVE/USDT:USDT,294.81,115000.0,294.62,732000.0,294.91,7000.0,295.16,3000.0
1753546963304,16:22:43.304,AAVE/USDT:USDT,294.81,115000.0,294.62,732000.0,294.91,7000.0,295.16,3000.0
1753546963354,16:22:43.354,AAVE/USDT:USDT,294.81,115000.0,294.62,732000.0,294.91,7000.0,295.16,3000.0
1753546963905,16:22:43.905,AAVE/USDT:USDT,294.81,115000.0,294.62,732000.0,294.91,7000.0,295.15,3000.0
1753546963955,16:22:43.955,AAVE/USDT:USDT,294.81,115000.0,294.62,732000.0,294.91,7000.0,295.16,3000.0
1753546964005,16:22:44.005,AAVE/USDT:USDT,294.81,115000.0,294.62,732000.0,294.91,7000.0,295.15,3000.0
1753546964396,16:22:44.396,AAVE/USDT:USDT,294.81,115000.0,294.62,732000.0,294.91,7000.0,295.16,3000.0
1753546964496,16:22:44.496,AAVE/USDT:USDT,294.81,115000.0,294.62,732000.0,294.91,7000.0,295.16,3000.0
1753546964546,16:22:44.546,AAVE/USDT:USDT,294.81,115000.0,294.62,732000.0,294.91,7000.0,295.16,3000.0
1753546965189,16:22:45.189,AAVE/USDT:USDT,294.81,115000.0,294.62,732000.0,294.91,7000.0,295.15,3000.0
1753546965294,16:22:45.294,AAVE/USDT:USDT,294.81,115000.0,294.62,732000.0,295.15,3000.0,295.16,3000.0
1753546965343,16:22:45.343,AAVE/USDT:USDT,294.81,115000.0,294.62,732000.0,295.15,3000.0,295.16,3000.0
1753546965628,16:22:45.628,AAVE/USDT:USDT,294.81,115000.0,294.62,732000.0,295.15,3000.0,295.16,3000.0
1753546965678,16:22:45.678,AAVE/USDT:USDT,294.81,115000.0,294.62,732000.0,295.15,3000.0,295.16,3000.0
1753546965727,16:22:45.727,AAVE/USDT:USDT,294.81,115000.0,294.62,732000.0,295.15,3000.0,295.16,3000.0
1753546966845,16:22:46.845,AAVE/USDT:USDT,294.81,115000.0,294.62,732000.0,295.15,3000.0,295.16,3000.0
1753546966922,16:22:46.922,AAVE/USDT:USDT,294.81,115000.0,294.62,732000.0,295.15,3000.0,295.16,3000.0
1753546968109,16:22:48.109,AAVE/USDT:USDT,294.81,115000.0,294.62,732000.0,295.15,3000.0,295.16,3000.0
1753546968158,16:22:48.158,AAVE/USDT:USDT,294.81,115000.0,294.62,732000.0,295.15,3000.0,295.16,3000.0
1753546968942,16:22:48.942,AAVE/USDT:USDT,294.81,115000.0,294.62,732000.0,295.16,3000.0,295.17,3000.0
1753546970117,16:22:50.117,AAVE/USDT:USDT,294.81,115000.0,294.62,732000.0,295.16,3000.0,295.17,3000.0
1753546970428,16:22:50.428,AAVE/USDT:USDT,294.81,115000.0,294.62,732000.0,295.16,3000.0,295.17,3000.0
1753546970477,16:22:50.477,AAVE/USDT:USDT,294.81,115000.0,294.62,732000.0,295.16,3000.0,295.17,3000.0
1753546970957,16:22:50.957,AAVE/USDT:USDT,294.81,115000.0,294.62,732000.0,295.16,3000.0,295.17,3000.0
1753546971006,16:22:51.006,AAVE/USDT:USDT,294.81,115000.0,294.62,732000.0,295.16,3000.0,295.17,3000.0
1753546971122,16:22:51.122,AAVE/USDT:USDT,294.81,115000.0,294.62,732000.0,295.16,3000.0,295.17,3000.0
1753546971171,16:22:51.171,AAVE/USDT:USDT,294.81,115000.0,294.62,732000.0,295.16,3000.0,295.17,3000.0
1753546971369,16:22:51.369,AAVE/USDT:USDT,294.81,115000.0,294.62,732000.0,295.17,3000.0,295.18,3000.0
1753546971676,16:22:51.676,AAVE/USDT:USDT,294.81,115000.0,294.62,732000.0,295.17,3000.0,295.18,3000.0
1753546972984,16:22:52.984,AAVE/USDT:USDT,294.81,115000.0,294.62,732000.0,295.17,3000.0,295.18,3000.0
1753546973034,16:22:53.034,AAVE/USDT:USDT,294.81,115000.0,294.62,732000.0,295.17,3000.0,295.18,3000.0
1753546974383,16:22:54.383,AAVE/USDT:USDT,294.81,115000.0,294.62,732000.0,295.18,3000.0,295.19,3000.0
1753546974862,16:22:54.862,AAVE/USDT:USDT,294.81,115000.0,294.62,732000.0,295.18,3000.0,295.19,3000.0
1753546974912,16:22:54.912,AAVE/USDT:USDT,294.81,115000.0,294.62,732000.0,295.18,3000.0,295.19,3000.0
1753546975228,16:22:55.228,AAVE/USDT:USDT,294.81,115000.0,294.62,732000.0,295.18,3000.0,295.19,3000.0
1753546975277,16:22:55.277,AAVE/USDT:USDT,294.81,115000.0,294.62,732000.0,295.18,3000.0,295.19,3000.0
1753546975495,16:22:55.495,AAVE/USDT:USDT,294.81,115000.0,294.62,732000.0,295.18,3000.0,295.19,3000.0
1753546975545,16:22:55.545,AAVE/USDT:USDT,294.81,115000.0,294.62,732000.0,295.18,3000.0,295.19,3000.0
1753546976544,16:22:56.544,AAVE/USDT:USDT,294.81,115000.0,294.62,732000.0,295.18,3000.0,295.19,3000.0
1753546976594,16:22:56.594,AAVE/USDT:USDT,294.81,115000.0,294.62,732000.0,295.18,3000.0,295.19,3000.0
1753546977884,16:22:57.884,AAVE/USDT:USDT,294.81,115000.0,294.62,732000.0,295.17,7000.0,295.18,3000.0
1753546977934,16:22:57.934,AAVE/USDT:USDT,294.81,115000.0,294.62,732000.0,295.06,7000.0,295.07,7000.0
1753546977983,16:22:57.983,AAVE/USDT:USDT,294.81,115000.0,294.62,732000.0,295.04,7000.0,295.2,3000.0
1753546978101,16:22:58.101,AAVE/USDT:USDT,294.81,115000.0,294.62,732000.0,295.03,7000.0,295.04,7000.0
1753546978151,16:22:58.151,AAVE/USDT:USDT,294.81,115000.0,294.62,732000.0,295.01,7000.0,295.2,3000.0
1753546978685,16:22:58.685,AAVE/USDT:USDT,294.81,115000.0,294.62,732000.0,295.01,7000.0,295.21,3000.0
1753546978982,16:22:58.982,AAVE/USDT:USDT,294.81,115000.0,294.62,732000.0,295.0,7000.0,295.01,7000.0
1753546979032,16:22:59.032,AAVE/USDT:USDT,294.81,115000.0,294.62,732000.0,294.98,7000.0,295.21,3000.0
1753546979297,16:22:59.297,AAVE/USDT:USDT,294.81,115000.0,294.62,732000.0,294.98,7000.0,295.2,3000.0
1753546979417,16:22:59.417,AAVE/USDT:USDT,294.81,115000.0,294.62,732000.0,294.98,7000.0,295.2,3000.0
1753546979466,16:22:59.466,AAVE/USDT:USDT,294.81,115000.0,294.62,732000.0,294.98,7000.0,295.2,3000.0
1753546979923,16:22:59.923,AAVE/USDT:USDT,294.81,115000.0,294.62,732000.0,294.98,7000.0,295.2,3000.0
1753546979994,16:22:59.994,AAVE/USDT:USDT,294.81,115000.0,294.62,732000.0,294.98,7000.0,295.2,3000.0
1753546980043,16:23:00.043,AAVE/USDT:USDT,294.81,115000.0,294.62,732000.0,294.98,7000.0,295.2,3000.0
1753546980293,16:23:00.293,AAVE/USDT:USDT,294.81,115000.0,294.62,732000.0,294.98,7000.0,295.21,3000.0
1753546980391,16:23:00.391,AAVE/USDT:USDT,294.81,115000.0,294.62,732000.0,294.98,7000.0,295.21,3000.0
1753546980758,16:23:00.758,AAVE/USDT:USDT,294.81,115000.0,294.62,732000.0,294.98,7000.0,295.21,3000.0
1753546980807,16:23:00.807,AAVE/USDT:USDT,294.81,115000.0,294.62,732000.0,294.98,7000.0,295.21,3000.0
1753546981896,16:23:01.896,AAVE/USDT:USDT,294.81,115000.0,294.62,732000.0,294.98,7000.0,295.21,3000.0
1753546981946,16:23:01.946,AAVE/USDT:USDT,294.81,115000.0,294.62,732000.0,294.98,7000.0,295.21,3000.0
1753546982097,16:23:02.097,AAVE/USDT:USDT,294.81,115000.0,294.62,732000.0,294.97,7000.0,294.98,7000.0
1753546982148,16:23:02.148,AAVE/USDT:USDT,294.81,115000.0,294.62,732000.0,294.97,7000.0,295.21,3000.0
1753546982199,16:23:02.199,AAVE/USDT:USDT,294.62,732000.0,294.28,3000.0,294.95,7000.0,294.96,7000.0
1753546982305,16:23:02.305,AAVE/USDT:USDT,294.62,732000.0,294.28,3000.0,294.81,7000.0,294.82,7000.0
1753546982369,16:23:02.369,AAVE/USDT:USDT,294.68,115000.0,294.62,732000.0,294.81,7000.0,294.95,1000.0
1753546982422,16:23:02.422,AAVE/USDT:USDT,294.68,115000.0,294.62,732000.0,294.81,7000.0,294.95,1000.0
1753546982527,16:23:02.527,AAVE/USDT:USDT,294.68,115000.0,294.62,732000.0,294.81,7000.0,294.95,1000.0
1753546982578,16:23:02.578,AAVE/USDT:USDT,294.68,115000.0,294.62,732000.0,294.95,1000.0,295.08,3000.0
1753546982827,16:23:02.827,AAVE/USDT:USDT,294.68,115000.0,294.62,732000.0,294.95,1000.0,295.08,3000.0
1753546982915,16:23:02.915,AAVE/USDT:USDT,294.68,115000.0,294.62,732000.0,294.95,1000.0,295.09,3000.0
1753546982965,16:23:02.965,AAVE/USDT:USDT,294.68,115000.0,294.62,732000.0,294.95,1000.0,295.1,3000.0
1753546983014,16:23:03.014,AAVE/USDT:USDT,294.68,115000.0,294.62,732000.0,294.95,1000.0,295.09,3000.0
1753546983064,16:23:03.064,AAVE/USDT:USDT,294.68,115000.0,294.62,732000.0,294.95,1000.0,295.1,3000.0
1753546983181,16:23:03.181,AAVE/USDT:USDT,294.68,115000.0,294.62,732000.0,294.95,1000.0,295.1,3000.0
1753546983230,16:23:03.230,AAVE/USDT:USDT,294.68,115000.0,294.62,732000.0,294.95,1000.0,295.1,3000.0
1753546983329,16:23:03.329,AAVE/USDT:USDT,294.68,115000.0,294.62,732000.0,294.95,1000.0,295.11,3000.0
1753546984042,16:23:04.042,AAVE/USDT:USDT,294.68,115000.0,294.62,732000.0,294.95,1000.0,295.1,3000.0
1753546984118,16:23:04.118,AAVE/USDT:USDT,294.68,115000.0,294.62,732000.0,294.95,1000.0,295.09,3000.0
1753546984345,16:23:04.345,AAVE/USDT:USDT,294.68,115000.0,294.62,732000.0,294.95,1000.0,295.09,3000.0
1753546984414,16:23:04.414,AAVE/USDT:USDT,294.68,115000.0,294.62,732000.0,294.95,1000.0,295.09,3000.0
1753546984463,16:23:04.463,AAVE/USDT:USDT,294.68,115000.0,294.62,732000.0,294.95,1000.0,295.09,3000.0
1753546984822,16:23:04.822,AAVE/USDT:USDT,294.68,115000.0,294.62,732000.0,294.94,7000.0,294.95,1000.0
1753546984871,16:23:04.871,AAVE/USDT:USDT,294.68,115000.0,294.62,732000.0,294.86,7000.0,295.09,3000.0
1753546984920,16:23:04.920,AAVE/USDT:USDT,294.68,115000.0,294.62,732000.0,294.86,7000.0,295.08,3000.0
1753546985162,16:23:05.162,AAVE/USDT:USDT,294.68,115000.0,294.62,732000.0,294.86,7000.0,295.09,3000.0
1753546985569,16:23:05.569,AAVE/USDT:USDT,294.68,115000.0,294.62,732000.0,294.86,7000.0,295.09,3000.0
1753546985618,16:23:05.618,AAVE/USDT:USDT,294.68,115000.0,294.62,732000.0,294.86,7000.0,295.09,3000.0
1753546985667,16:23:05.667,AAVE/USDT:USDT,294.68,115000.0,294.62,732000.0,294.86,7000.0,295.09,3000.0
1753546985751,16:23:05.751,AAVE/USDT:USDT,294.68,115000.0,294.62,732000.0,294.86,7000.0,295.08,3000.0
1753546986089,16:23:06.089,AAVE/USDT:USDT,294.68,115000.0,294.62,732000.0,295.08,3000.0,295.09,3000.0
1753546986139,16:23:06.139,AAVE/USDT:USDT,294.68,115000.0,294.62,732000.0,295.09,3000.0,295.1,3000.0
1753546986217,16:23:06.217,AAVE/USDT:USDT,294.68,115000.0,294.62,732000.0,295.1,3000.0,295.11,3000.0
1753546986267,16:23:06.267,AAVE/USDT:USDT,294.68,115000.0,294.62,732000.0,295.06,7000.0,295.1,3000.0
1753546986317,16:23:06.317,AAVE/USDT:USDT,294.68,115000.0,294.62,732000.0,294.99,7000.0,295.0,7000.0
1753546986366,16:23:06.366,AAVE/USDT:USDT,294.68,115000.0,294.62,732000.0,294.98,7000.0,295.16,3000.0
1753546986459,16:23:06.459,AAVE/USDT:USDT,294.62,732000.0,294.28,3000.0,294.98,7000.0,295.16,3000.0
1753546986509,16:23:06.509,AAVE/USDT:USDT,294.82,115000.0,294.62,732000.0,294.97,7000.0,295.17,3000.0
1753546986558,16:23:06.558,AAVE/USDT:USDT,294.82,115000.0,294.62,732000.0,294.97,7000.0,295.17,3000.0
1753546986607,16:23:06.607,AAVE/USDT:USDT,294.82,115000.0,294.62,732000.0,294.97,7000.0,295.17,3000.0
1753546986903,16:23:06.903,AAVE/USDT:USDT,294.82,115000.0,294.62,732000.0,294.97,7000.0,295.17,3000.0
1753546987014,16:23:07.014,AAVE/USDT:USDT,294.82,115000.0,294.62,732000.0,294.97,7000.0,295.17,3000.0
1753546987233,16:23:07.233,AAVE/USDT:USDT,294.82,115000.0,294.62,732000.0,294.97,7000.0,295.16,3000.0
1753546987722,16:23:07.722,AAVE/USDT:USDT,294.82,115000.0,294.62,732000.0,294.97,7000.0,295.17,3000.0
1753546987856,16:23:07.856,AAVE/USDT:USDT,294.82,115000.0,294.62,732000.0,294.97,7000.0,295.17,3000.0
1753546987905,16:23:07.905,AAVE/USDT:USDT,294.82,115000.0,294.62,732000.0,295.17,3000.0,295.18,3000.0
1753546987954,16:23:07.954,AAVE/USDT:USDT,294.82,115000.0,294.62,732000.0,295.17,3000.0,295.18,3000.0
1753546988914,16:23:08.914,AAVE/USDT:USDT,294.82,115000.0,294.62,732000.0,295.17,3000.0,295.18,3000.0
1753546988964,16:23:08.964,AAVE/USDT:USDT,294.82,115000.0,294.62,732000.0,295.17,3000.0,295.18,3000.0
1753546989013,16:23:09.013,AAVE/USDT:USDT,294.82,115000.0,294.62,732000.0,295.17,3000.0,295.18,3000.0
1753546989628,16:23:09.628,AAVE/USDT:USDT,294.82,115000.0,294.62,732000.0,295.17,3000.0,295.18,3000.0
1753546989678,16:23:09.678,AAVE/USDT:USDT,294.82,115000.0,294.62,732000.0,295.17,3000.0,295.18,3000.0
1753546990267,16:23:10.267,AAVE/USDT:USDT,294.82,115000.0,294.62,732000.0,295.17,3000.0,295.18,3000.0
1753546990317,16:23:10.317,AAVE/USDT:USDT,294.82,115000.0,294.62,732000.0,295.17,3000.0,295.18,3000.0
1753546990896,16:23:10.896,AAVE/USDT:USDT,294.82,115000.0,294.62,732000.0,295.16,7000.0,295.17,3000.0
1753546990946,16:23:10.946,AAVE/USDT:USDT,294.82,115000.0,294.62,732000.0,295.07,7000.0,295.08,7000.0
1753546990995,16:23:10.995,AAVE/USDT:USDT,294.82,115000.0,294.62,732000.0,295.0,7000.0,295.01,7000.0
1753546991046,16:23:11.046,AAVE/USDT:USDT,294.82,115000.0,294.62,732000.0,294.98,7000.0,295.17,3000.0
1753546991098,16:23:11.098,AAVE/USDT:USDT,294.82,115000.0,294.62,732000.0,295.2,3000.0,295.21,3000.0
1753546991149,16:23:11.149,AAVE/USDT:USDT,294.82,115000.0,294.62,732000.0,295.21,3000.0,295.22,3000.0
1753546991473,16:23:11.473,AAVE/USDT:USDT,294.82,115000.0,294.62,732000.0,295.2,3000.0,295.21,3000.0
1753546991522,16:23:11.522,AAVE/USDT:USDT,294.82,115000.0,294.62,732000.0,295.09,7000.0,295.1,7000.0
1753546991571,16:23:11.571,AAVE/USDT:USDT,294.82,115000.0,294.62,732000.0,295.02,7000.0,295.2,3000.0
1753546991620,16:23:11.620,AAVE/USDT:USDT,294.82,115000.0,294.62,732000.0,295.02,7000.0,295.21,3000.0
1753546991927,16:23:11.927,AAVE/USDT:USDT,294.82,115000.0,294.62,732000.0,295.02,7000.0,295.21,3000.0
1753546991977,16:23:11.977,AAVE/USDT:USDT,294.82,115000.0,294.62,732000.0,295.02,7000.0,295.22,3000.0
1753546993094,16:23:13.094,AAVE/USDT:USDT,294.82,115000.0,294.62,732000.0,295.02,7000.0,295.22,3000.0
1753546993143,16:23:13.143,AAVE/USDT:USDT,294.82,115000.0,294.62,732000.0,295.02,7000.0,295.22,3000.0
1753546993494,16:23:13.494,AAVE/USDT:USDT,294.82,115000.0,294.62,732000.0,295.02,7000.0,295.22,3000.0
1753546994034,16:23:14.034,AAVE/USDT:USDT,294.82,115000.0,294.62,732000.0,295.02,7000.0,295.23,3000.0
1753546994084,16:23:14.084,AAVE/USDT:USDT,294.82,115000.0,294.62,732000.0,295.02,7000.0,295.23,3000.0
1753546994429,16:23:14.429,AAVE/USDT:USDT,294.82,115000.0,294.62,732000.0,295.02,7000.0,295.23,3000.0
1753546994478,16:23:14.478,AAVE/USDT:USDT,294.82,115000.0,294.62,732000.0,295.02,7000.0,295.23,3000.0
1753546994639,16:23:14.639,AAVE/USDT:USDT,294.82,115000.0,294.62,732000.0,295.23,3000.0,295.24,3000.0
1753546994688,16:23:14.688,AAVE/USDT:USDT,294.82,115000.0,294.62,732000.0,295.24,3000.0,295.25,3000.0
1753546994737,16:23:14.737,AAVE/USDT:USDT,294.82,115000.0,294.62,732000.0,295.13,7000.0,295.14,7000.0
1753546994786,16:23:14.786,AAVE/USDT:USDT,294.82,115000.0,294.62,732000.0,295.09,7000.0,295.26,3000.0
1753546994835,16:23:14.835,AAVE/USDT:USDT,294.82,115000.0,294.62,732000.0,295.09,7000.0,295.25,3000.0
1753546995282,16:23:15.282,AAVE/USDT:USDT,294.82,115000.0,294.62,732000.0,295.09,7000.0,295.26,3000.0
1753546995495,16:23:15.495,AAVE/USDT:USDT,294.82,115000.0,294.62,732000.0,295.09,7000.0,295.26,3000.0
1753546996082,16:23:16.082,AAVE/USDT:USDT,294.82,115000.0,294.62,732000.0,295.09,7000.0,295.25,3000.0
1753546996495,16:23:16.495,AAVE/USDT:USDT,294.82,115000.0,294.62,732000.0,295.09,7000.0,295.25,3000.0
1753546996573,16:23:16.573,AAVE/USDT:USDT,294.82,115000.0,294.62,732000.0,295.09,7000.0,295.25,3000.0
1753546996656,16:23:16.656,AAVE/USDT:USDT,294.82,115000.0,294.62,732000.0,295.08,7000.0,295.09,7000.0
1753546996706,16:23:16.706,AAVE/USDT:USDT,294.82,115000.0,294.62,732000.0,295.03,7000.0,295.25,3000.0
1753546997211,16:23:17.211,AAVE/USDT:USDT,294.82,115000.0,294.62,732000.0,295.03,7000.0,295.26,3000.0
1753546997744,16:23:17.744,AAVE/USDT:USDT,294.82,115000.0,294.62,732000.0,295.03,7000.0,295.26,3000.0
1753546998908,16:23:18.908,AAVE/USDT:USDT,294.82,115000.0,294.62,732000.0,295.03,7000.0,295.26,3000.0
1753546998964,16:23:18.964,AAVE/USDT:USDT,294.82,115000.0,294.62,732000.0,295.03,7000.0,295.26,3000.0
1753546999229,16:23:19.229,AAVE/USDT:USDT,294.82,115000.0,294.62,732000.0,295.03,7000.0,295.26,3000.0
1753546999278,16:23:19.278,AAVE/USDT:USDT,294.82,115000.0,294.62,732000.0,295.03,7000.0,295.26,3000.0
1753547000003,16:23:20.003,AAVE/USDT:USDT,294.82,115000.0,294.62,732000.0,295.03,7000.0,295.25,3000.0
1753547000225,16:23:20.225,AAVE/USDT:USDT,294.82,115000.0,294.62,732000.0,295.03,7000.0,295.25,3000.0
1753547000274,16:23:20.274,AAVE/USDT:USDT,294.82,115000.0,294.62,732000.0,295.03,7000.0,295.25,3000.0
1753547001244,16:23:21.244,AAVE/USDT:USDT,294.82,115000.0,294.62,732000.0,295.03,7000.0,295.25,3000.0
1753547001293,16:23:21.293,AAVE/USDT:USDT,294.82,115000.0,294.62,732000.0,295.03,7000.0,295.25,3000.0
1753547002354,16:23:22.354,AAVE/USDT:USDT,294.82,115000.0,294.62,732000.0,295.03,7000.0,295.25,3000.0
1753547002404,16:23:22.404,AAVE/USDT:USDT,294.82,115000.0,294.62,732000.0,295.03,7000.0,295.25,3000.0
1753547002850,16:23:22.850,AAVE/USDT:USDT,294.82,115000.0,294.62,732000.0,295.03,7000.0,295.25,3000.0
1753547002899,16:23:22.899,AAVE/USDT:USDT,294.82,115000.0,294.62,732000.0,295.03,7000.0,295.25,3000.0
1753547002948,16:23:22.948,AAVE/USDT:USDT,294.82,115000.0,294.62,732000.0,295.25,3000.0,295.26,3000.0
1753547003513,16:23:23.513,AAVE/USDT:USDT,294.82,115000.0,294.62,732000.0,295.26,3000.0,295.27,3000.0
1753547003563,16:23:23.563,AAVE/USDT:USDT,294.82,115000.0,294.62,732000.0,295.26,3000.0,295.27,3000.0
1753547003612,16:23:23.612,AAVE/USDT:USDT,294.82,115000.0,294.62,732000.0,295.25,3000.0,295.26,3000.0
1753547003661,16:23:23.661,AAVE/USDT:USDT,294.82,115000.0,294.62,732000.0,295.14,7000.0,295.15,7000.0
1753547003710,16:23:23.710,AAVE/USDT:USDT,294.82,115000.0,294.62,732000.0,295.04,7000.0,295.25,3000.0
1753547004030,16:23:24.030,AAVE/USDT:USDT,294.82,115000.0,294.62,732000.0,295.04,7000.0,295.25,3000.0
1753547004079,16:23:24.079,AAVE/USDT:USDT,294.82,115000.0,294.62,732000.0,295.04,7000.0,295.26,3000.0
1753547004425,16:23:24.425,AAVE/USDT:USDT,294.82,115000.0,294.62,732000.0,295.04,7000.0,295.26,3000.0
1753547004697,16:23:24.697,AAVE/USDT:USDT,294.82,115000.0,294.62,732000.0,295.04,7000.0,295.26,3000.0
1753547004746,16:23:24.746,AAVE/USDT:USDT,294.82,115000.0,294.62,732000.0,295.04,7000.0,295.26,3000.0
1753547004845,16:23:24.845,AAVE/USDT:USDT,294.82,115000.0,294.62,732000.0,295.04,7000.0,295.25,3000.0
1753547005182,16:23:25.182,AAVE/USDT:USDT,294.82,115000.0,294.62,732000.0,295.03,7000.0,295.04,7000.0
1753547005231,16:23:25.231,AAVE/USDT:USDT,294.82,115000.0,294.62,732000.0,295.01,7000.0,295.25,3000.0
1753547005939,16:23:25.939,AAVE/USDT:USDT,294.82,115000.0,294.62,732000.0,295.01,7000.0,295.25,3000.0
1753547005988,16:23:25.988,AAVE/USDT:USDT,294.82,115000.0,294.62,732000.0,295.01,7000.0,295.25,3000.0
1753547006543,16:23:26.543,AAVE/USDT:USDT,294.82,115000.0,294.62,732000.0,295.01,7000.0,295.26,3000.0
1753547006593,16:23:26.593,AAVE/USDT:USDT,294.82,115000.0,294.62,732000.0,295.01,7000.0,295.25,3000.0
1753547007003,16:23:27.003,AAVE/USDT:USDT,294.82,115000.0,294.62,732000.0,295.01,7000.0,295.25,3000.0
1753547007064,16:23:27.064,AAVE/USDT:USDT,294.82,115000.0,294.62,732000.0,295.01,7000.0,295.25,3000.0
1753547007629,16:23:27.629,AAVE/USDT:USDT,294.82,115000.0,294.62,732000.0,295.01,7000.0,295.26,3000.0
1753547008314,16:23:28.314,AAVE/USDT:USDT,294.82,115000.0,294.62,732000.0,295.01,7000.0,295.26,3000.0
1753547008829,16:23:28.829,AAVE/USDT:USDT,294.82,115000.0,294.28,3000.0,295.01,7000.0,295.26,3000.0
1753547008879,16:23:28.879,AAVE/USDT:USDT,294.82,115000.0,294.77,731000.0,295.01,7000.0,295.26,3000.0
1753547009312,16:23:29.312,AAVE/USDT:USDT,294.82,115000.0,294.77,731000.0,295.0,7000.0,295.01,7000.0
1753547009361,16:23:29.361,AAVE/USDT:USDT,294.82,115000.0,294.77,731000.0,294.95,7000.0,294.96,7000.0
1753547009411,16:23:29.411,AAVE/USDT:USDT,294.82,115000.0,294.77,731000.0,294.93,7000.0,295.25,3000.0
1753547009460,16:23:29.460,AAVE/USDT:USDT,294.82,115000.0,294.77,731000.0,294.93,7000.0,295.24,3000.0
1753547009511,16:23:29.511,AAVE/USDT:USDT,294.82,115000.0,294.77,731000.0,294.93,7000.0,295.23,3000.0
1753547009561,16:23:29.561,AAVE/USDT:USDT,294.82,115000.0,294.77,731000.0,294.93,7000.0,295.24,3000.0
1753547009610,16:23:29.610,AAVE/USDT:USDT,294.82,115000.0,294.77,731000.0,294.93,7000.0,295.22,3000.0
1753547009659,16:23:29.659,AAVE/USDT:USDT,294.82,115000.0,294.77,731000.0,294.93,7000.0,295.22,3000.0
1753547010542,16:23:30.542,AAVE/USDT:USDT,294.82,115000.0,294.77,731000.0,294.93,7000.0,295.21,3000.0
1753547010624,16:23:30.624,AAVE/USDT:USDT,294.82,115000.0,294.77,731000.0,294.93,7000.0,295.21,3000.0
1753547010673,16:23:30.673,AAVE/USDT:USDT,294.82,115000.0,294.77,731000.0,294.93,7000.0,295.21,3000.0
1753547010722,16:23:30.722,AAVE/USDT:USDT,294.82,115000.0,294.77,731000.0,294.93,7000.0,295.21,3000.0
1753547010771,16:23:30.771,AAVE/USDT:USDT,294.82,115000.0,294.77,731000.0,294.93,7000.0,295.21,3000.0
1753547011616,16:23:31.616,AAVE/USDT:USDT,294.82,115000.0,294.77,731000.0,295.21,3000.0,295.22,3000.0
1753547011665,16:23:31.665,AAVE/USDT:USDT,294.82,115000.0,294.77,731000.0,295.21,3000.0,295.22,3000.0
1753547011721,16:23:31.721,AAVE/USDT:USDT,294.82,115000.0,294.77,731000.0,295.21,3000.0,295.22,3000.0
1753547011771,16:23:31.771,AAVE/USDT:USDT,294.82,115000.0,294.77,731000.0,295.22,3000.0,295.23,3000.0
1753547012337,16:23:32.337,AAVE/USDT:USDT,294.82,115000.0,294.77,731000.0,295.21,3000.0,295.22,3000.0
1753547012387,16:23:32.387,AAVE/USDT:USDT,294.82,115000.0,294.77,731000.0,295.11,7000.0,295.12,7000.0
1753547012436,16:23:32.436,AAVE/USDT:USDT,294.82,115000.0,294.77,731000.0,295.0,7000.0,295.01,7000.0
1753547012485,16:23:32.485,AAVE/USDT:USDT,294.82,115000.0,294.77,731000.0,294.98,7000.0,295.21,3000.0
1753547012687,16:23:32.687,AAVE/USDT:USDT,294.82,115000.0,294.77,731000.0,294.98,7000.0,295.22,3000.0
1753547012736,16:23:32.736,AAVE/USDT:USDT,294.82,115000.0,294.77,731000.0,294.98,7000.0,295.21,3000.0
1753547013020,16:23:33.020,AAVE/USDT:USDT,294.82,115000.0,294.77,731000.0,294.98,7000.0,295.21,3000.0
1753547013070,16:23:33.070,AAVE/USDT:USDT,294.82,115000.0,294.77,731000.0,294.98,7000.0,295.21,3000.0
1753547013630,16:23:33.630,AAVE/USDT:USDT,294.82,115000.0,294.77,731000.0,294.98,7000.0,295.21,3000.0
1753547013679,16:23:33.679,AAVE/USDT:USDT,294.82,115000.0,294.77,731000.0,294.98,7000.0,295.21,3000.0
1753547014150,16:23:34.150,AAVE/USDT:USDT,294.82,115000.0,294.77,731000.0,294.98,7000.0,295.21,3000.0
1753547014199,16:23:34.199,AAVE/USDT:USDT,294.82,115000.0,294.77,731000.0,294.98,7000.0,295.21,3000.0
1753547014312,16:23:34.312,AAVE/USDT:USDT,294.82,115000.0,294.77,731000.0,294.97,7000.0,294.98,7000.0
1753547014361,16:23:34.361,AAVE/USDT:USDT,294.82,115000.0,294.77,731000.0,294.93,7000.0,295.22,3000.0
1753547014410,16:23:34.410,AAVE/USDT:USDT,294.82,115000.0,294.77,731000.0,294.93,7000.0,295.21,3000.0
1753547014568,16:23:34.568,AAVE/USDT:USDT,294.82,115000.0,294.77,731000.0,294.93,7000.0,295.22,3000.0
1753547014618,16:23:34.618,AAVE/USDT:USDT,294.82,115000.0,294.77,731000.0,294.93,7000.0,295.21,3000.0
1753547015294,16:23:35.294,AAVE/USDT:USDT,294.82,115000.0,294.77,731000.0,294.93,7000.0,295.21,3000.0
1753547015363,16:23:35.363,AAVE/USDT:USDT,294.82,115000.0,294.77,731000.0,294.93,7000.0,295.21,3000.0
1753547015412,16:23:35.412,AAVE/USDT:USDT,294.82,115000.0,294.77,731000.0,294.93,7000.0,295.21,3000.0
1753547015492,16:23:35.492,AAVE/USDT:USDT,294.82,115000.0,294.77,731000.0,295.21,3000.0,295.22,3000.0
1753547015541,16:23:35.541,AAVE/USDT:USDT,294.82,115000.0,294.77,731000.0,295.21,3000.0,295.22,3000.0
1753547015610,16:23:35.610,AAVE/USDT:USDT,294.82,115000.0,294.77,731000.0,295.21,3000.0,295.22,3000.0
1753547016155,16:23:36.155,AAVE/USDT:USDT,294.82,115000.0,294.77,731000.0,295.22,3000.0,295.23,3000.0
1753547016464,16:23:36.464,AAVE/USDT:USDT,294.82,115000.0,294.77,731000.0,295.22,3000.0,295.23,3000.0
1753547016513,16:23:36.513,AAVE/USDT:USDT,294.82,115000.0,294.77,731000.0,295.22,3000.0,295.23,3000.0
1753547017252,16:23:37.252,AAVE/USDT:USDT,294.82,115000.0,294.77,731000.0,295.21,3000.0,295.22,3000.0
1753547017301,16:23:37.301,AAVE/USDT:USDT,294.82,115000.0,294.77,731000.0,295.12,7000.0,295.21,3000.0
1753547017350,16:23:37.350,AAVE/USDT:USDT,294.82,115000.0,294.77,731000.0,295.02,7000.0,295.03,7000.0
1753547017399,16:23:37.399,AAVE/USDT:USDT,294.82,115000.0,294.77,731000.0,294.98,7000.0,295.21,3000.0
1753547017448,16:23:37.448,AAVE/USDT:USDT,294.82,115000.0,294.77,731000.0,294.98,7000.0,295.22,3000.0
1753547017497,16:23:37.497,AAVE/USDT:USDT,294.82,115000.0,294.77,731000.0,294.98,7000.0,295.22,3000.0
1753547017645,16:23:37.645,AAVE/USDT:USDT,294.82,115000.0,294.77,731000.0,294.98,7000.0,295.22,3000.0
1753547017695,16:23:37.695,AAVE/USDT:USDT,294.82,115000.0,294.77,731000.0,294.98,7000.0,295.22,3000.0
1753547018429,16:23:38.429,AAVE/USDT:USDT,294.82,115000.0,294.77,731000.0,294.98,7000.0,295.22,3000.0
1753547018479,16:23:38.479,AAVE/USDT:USDT,294.82,115000.0,294.77,731000.0,294.98,7000.0,295.22,3000.0
1753547018988,16:23:38.988,AAVE/USDT:USDT,294.82,115000.0,294.77,731000.0,294.98,7000.0,295.22,3000.0
1753547019038,16:23:39.038,AAVE/USDT:USDT,294.82,115000.0,294.77,731000.0,294.98,7000.0,295.22,3000.0
1753547019087,16:23:39.087,AAVE/USDT:USDT,294.82,115000.0,294.77,731000.0,294.98,7000.0,295.22,3000.0
1753547019994,16:23:39.994,AAVE/USDT:USDT,294.82,115000.0,294.77,731000.0,294.98,7000.0,295.22,3000.0
1753547020745,16:23:40.745,AAVE/USDT:USDT,294.82,115000.0,294.77,731000.0,294.98,7000.0,295.23,3000.0
1753547020794,16:23:40.794,AAVE/USDT:USDT,294.82,115000.0,294.77,731000.0,294.98,7000.0,295.22,3000.0
1753547021115,16:23:41.115,AAVE/USDT:USDT,294.82,115000.0,294.77,731000.0,294.98,7000.0,295.22,3000.0
1753547021165,16:23:41.165,AAVE/USDT:USDT,294.82,115000.0,294.77,731000.0,294.98,7000.0,295.22,3000.0
1753547022205,16:23:42.205,AAVE/USDT:USDT,294.82,115000.0,294.77,731000.0,294.98,7000.0,295.22,3000.0
1753547022254,16:23:42.254,AAVE/USDT:USDT,294.82,115000.0,294.77,731000.0,294.98,7000.0,295.22,3000.0
1753547023080,16:23:43.080,AAVE/USDT:USDT,294.82,115000.0,294.77,731000.0,295.22,3000.0,295.23,3000.0
1753547023130,16:23:43.130,AAVE/USDT:USDT,294.82,115000.0,294.77,731000.0,295.22,3000.0,295.23,3000.0
1753547023179,16:23:43.179,AAVE/USDT:USDT,294.82,115000.0,294.77,731000.0,295.24,3000.0,295.25,3000.0
1753547023229,16:23:43.229,AAVE/USDT:USDT,294.82,115000.0,294.77,731000.0,295.24,3000.0,295.25,3000.0
1753547023279,16:23:43.279,AAVE/USDT:USDT,294.82,115000.0,294.77,731000.0,295.24,3000.0,295.25,3000.0
1753547023483,16:23:43.483,AAVE/USDT:USDT,294.82,115000.0,294.77,731000.0,295.24,3000.0,295.25,3000.0
1753547023533,16:23:43.533,AAVE/USDT:USDT,294.82,115000.0,294.77,731000.0,295.24,3000.0,295.25,3000.0
1753547023989,16:23:43.989,AAVE/USDT:USDT,294.82,115000.0,294.77,731000.0,295.23,7000.0,295.24,3000.0
1753547024039,16:23:44.039,AAVE/USDT:USDT,294.82,115000.0,294.77,731000.0,295.12,7000.0,295.13,7000.0
1753547024088,16:23:44.088,AAVE/USDT:USDT,294.82,115000.0,294.77,731000.0,295.01,7000.0,295.02,7000.0
1753547024137,16:23:44.137,AAVE/USDT:USDT,294.82,115000.0,294.77,731000.0,295.0,7000.0,295.24,3000.0
1753547024751,16:23:44.751,AAVE/USDT:USDT,294.82,115000.0,294.77,731000.0,295.0,7000.0,295.24,3000.0
1753547024800,16:23:44.800,AAVE/USDT:USDT,294.82,115000.0,294.77,731000.0,295.0,7000.0,295.24,3000.0
1753547024902,16:23:44.902,AAVE/USDT:USDT,294.82,115000.0,294.77,731000.0,295.0,7000.0,295.24,3000.0
1753547024951,16:23:44.951,AAVE/USDT:USDT,294.82,115000.0,294.77,731000.0,295.0,7000.0,295.23,3000.0
1753547025000,16:23:45.000,AAVE/USDT:USDT,294.82,115000.0,294.77,731000.0,295.0,7000.0,295.22,3000.0
1753547025049,16:23:45.049,AAVE/USDT:USDT,294.82,115000.0,294.77,731000.0,295.0,7000.0,295.21,3000.0
1753547025796,16:23:45.796,AAVE/USDT:USDT,294.82,115000.0,294.77,731000.0,295.0,7000.0,295.21,3000.0
1753547025846,16:23:45.846,AAVE/USDT:USDT,294.82,115000.0,294.77,731000.0,295.0,7000.0,295.21,3000.0
1753547026893,16:23:46.893,AAVE/USDT:USDT,294.82,115000.0,294.77,731000.0,295.0,7000.0,295.21,3000.0
1753547026943,16:23:46.943,AAVE/USDT:USDT,294.82,115000.0,294.77,731000.0,295.0,7000.0,295.21,3000.0
1753547027703,16:23:47.703,AAVE/USDT:USDT,294.82,115000.0,294.77,731000.0,295.21,3000.0,295.22,3000.0
1753547027753,16:23:47.753,AAVE/USDT:USDT,294.94,115000.0,294.77,731000.0,295.19,7000.0,295.21,3000.0
1753547027802,16:23:47.802,AAVE/USDT:USDT,294.94,115000.0,294.77,731000.0,295.18,7000.0,295.19,7000.0
1753547027851,16:23:47.851,AAVE/USDT:USDT,294.94,115000.0,294.77,731000.0,295.07,7000.0,295.08,7000.0
1753547027900,16:23:47.900,AAVE/USDT:USDT,294.94,115000.0,294.77,731000.0,294.95,7000.0,295.24,3000.0
1753547027949,16:23:47.949,AAVE/USDT:USDT,294.94,115000.0,294.77,731000.0,294.95,7000.0,295.23,3000.0
1753547028030,16:23:48.030,AAVE/USDT:USDT,294.94,115000.0,294.77,731000.0,294.95,7000.0,295.23,3000.0
1753547028080,16:23:48.080,AAVE/USDT:USDT,294.94,115000.0,294.77,731000.0,294.95,7000.0,295.23,3000.0
1753547028129,16:23:48.129,AAVE/USDT:USDT,294.94,115000.0,294.77,731000.0,294.95,7000.0,295.23,3000.0
1753547028178,16:23:48.178,AAVE/USDT:USDT,294.94,115000.0,294.77,731000.0,294.95,7000.0,295.23,3000.0
1753547028493,16:23:48.493,AAVE/USDT:USDT,294.94,115000.0,294.77,731000.0,294.95,7000.0,295.22,3000.0
1753547028542,16:23:48.542,AAVE/USDT:USDT,294.94,115000.0,294.77,731000.0,294.95,7000.0,295.21,3000.0
1753547029294,16:23:49.294,AAVE/USDT:USDT,294.94,115000.0,294.77,731000.0,294.95,7000.0,295.21,3000.0
1753547029344,16:23:49.344,AAVE/USDT:USDT,294.94,115000.0,294.77,731000.0,294.95,7000.0,295.21,3000.0
1753547030303,16:23:50.303,AAVE/USDT:USDT,294.94,115000.0,294.77,731000.0,295.21,3000.0,295.22,3000.0
1753547030352,16:23:50.352,AAVE/USDT:USDT,294.94,115000.0,294.77,731000.0,295.22,3000.0,295.23,3000.0
1753547030401,16:23:50.401,AAVE/USDT:USDT,294.94,115000.0,294.77,731000.0,295.23,3000.0,295.24,3000.0
1753547030619,16:23:50.619,AAVE/USDT:USDT,294.94,115000.0,294.77,731000.0,295.23,3000.0,295.24,3000.0
1753547030669,16:23:50.669,AAVE/USDT:USDT,294.94,115000.0,294.77,731000.0,295.23,3000.0,295.24,3000.0
1753547031724,16:23:51.724,AAVE/USDT:USDT,294.94,115000.0,294.77,731000.0,295.23,3000.0,295.24,3000.0
1753547031774,16:23:51.774,AAVE/USDT:USDT,294.94,115000.0,294.77,731000.0,295.23,3000.0,295.24,3000.0
1753547031823,16:23:51.823,AAVE/USDT:USDT,294.94,115000.0,294.77,731000.0,295.23,3000.0,295.24,3000.0
1753547032759,16:23:52.759,AAVE/USDT:USDT,294.94,115000.0,294.77,731000.0,295.23,3000.0,295.24,3000.0
1753547032809,16:23:52.809,AAVE/USDT:USDT,294.94,115000.0,294.77,731000.0,295.23,3000.0,295.24,3000.0
1753547032858,16:23:52.858,AAVE/USDT:USDT,294.94,115000.0,294.77,731000.0,295.23,3000.0,295.24,3000.0
1753547033999,16:23:53.999,AAVE/USDT:USDT,294.94,115000.0,294.77,731000.0,295.23,3000.0,295.24,3000.0
1753547034049,16:23:54.049,AAVE/USDT:USDT,294.94,115000.0,294.77,731000.0,295.23,3000.0,295.24,3000.0
1753547034763,16:23:54.763,AAVE/USDT:USDT,294.94,115000.0,294.77,731000.0,295.22,7000.0,295.23,3000.0
1753547034812,16:23:54.812,AAVE/USDT:USDT,294.94,115000.0,294.77,731000.0,295.12,7000.0,295.13,7000.0
1753547034861,16:23:54.861,AAVE/USDT:USDT,294.94,115000.0,294.77,731000.0,295.01,7000.0,295.02,7000.0
1753547034910,16:23:54.910,AAVE/USDT:USDT,294.94,115000.0,294.77,731000.0,294.98,7000.0,295.21,3000.0
1753547034959,16:23:54.959,AAVE/USDT:USDT,294.94,115000.0,294.77,731000.0,294.98,7000.0,295.23,3000.0
1753547035046,16:23:55.046,AAVE/USDT:USDT,294.94,115000.0,294.77,731000.0,294.98,7000.0,295.23,3000.0
1753547035096,16:23:55.096,AAVE/USDT:USDT,294.94,115000.0,294.77,731000.0,294.98,7000.0,295.23,3000.0
1753547035624,16:23:55.624,AAVE/USDT:USDT,294.94,115000.0,294.77,731000.0,294.98,7000.0,295.23,3000.0
1753547036376,16:23:56.376,AAVE/USDT:USDT,294.94,115000.0,294.77,731000.0,294.98,7000.0,295.23,3000.0
1753547036425,16:23:56.425,AAVE/USDT:USDT,294.94,115000.0,294.77,731000.0,295.23,3000.0,295.24,3000.0
1753547036474,16:23:56.474,AAVE/USDT:USDT,294.94,115000.0,294.77,731000.0,295.23,3000.0,295.24,3000.0
1753547037573,16:23:57.573,AAVE/USDT:USDT,294.94,115000.0,294.77,731000.0,295.23,3000.0,295.24,3000.0
1753547037623,16:23:57.623,AAVE/USDT:USDT,294.94,115000.0,294.77,731000.0,295.23,3000.0,295.24,3000.0
1753547037672,16:23:57.672,AAVE/USDT:USDT,294.94,115000.0,294.77,731000.0,295.23,3000.0,295.24,3000.0
1753547038541,16:23:58.541,AAVE/USDT:USDT,294.94,115000.0,294.77,731000.0,295.22,3000.0,295.23,3000.0
1753547038590,16:23:58.590,AAVE/USDT:USDT,294.94,115000.0,294.77,731000.0,295.12,7000.0,295.13,7000.0
1753547038639,16:23:58.639,AAVE/USDT:USDT,294.94,115000.0,294.77,731000.0,295.02,7000.0,295.22,3000.0
1753547038743,16:23:58.743,AAVE/USDT:USDT,294.94,115000.0,294.77,731000.0,295.02,7000.0,295.22,3000.0
1753547038793,16:23:58.793,AAVE/USDT:USDT,294.94,115000.0,294.77,731000.0,295.02,7000.0,295.22,3000.0
1753547040978,16:24:00.978,AAVE/USDT:USDT,294.94,115000.0,294.77,731000.0,295.02,7000.0,295.22,3000.0
1753547041064,16:24:01.064,AAVE/USDT:USDT,294.94,115000.0,294.77,731000.0,295.02,7000.0,295.22,3000.0
1753547041738,16:24:01.738,AAVE/USDT:USDT,294.94,115000.0,294.77,731000.0,295.02,7000.0,295.22,3000.0
1753547042169,16:24:02.169,AAVE/USDT:USDT,294.94,115000.0,294.77,731000.0,295.02,7000.0,295.22,3000.0
1753547042219,16:24:02.219,AAVE/USDT:USDT,294.94,115000.0,294.77,731000.0,295.02,7000.0,295.22,3000.0
1753547042430,16:24:02.430,AAVE/USDT:USDT,294.94,115000.0,294.77,731000.0,295.02,7000.0,295.22,3000.0
1753547042480,16:24:02.480,AAVE/USDT:USDT,294.94,115000.0,294.77,731000.0,295.02,7000.0,295.22,3000.0
1753547043172,16:24:03.172,AAVE/USDT:USDT,294.94,115000.0,294.77,731000.0,295.02,7000.0,295.23,3000.0
1753547043221,16:24:03.221,AAVE/USDT:USDT,294.94,115000.0,294.77,731000.0,295.02,7000.0,295.22,3000.0
1753547043528,16:24:03.528,AAVE/USDT:USDT,294.94,115000.0,294.77,731000.0,295.02,7000.0,295.22,3000.0
1753547043577,16:24:03.577,AAVE/USDT:USDT,294.94,115000.0,294.77,731000.0,295.02,7000.0,295.22,3000.0
1753547044289,16:24:04.289,AAVE/USDT:USDT,294.94,115000.0,294.77,731000.0,295.22,3000.0,295.23,3000.0
1753547044338,16:24:04.338,AAVE/USDT:USDT,294.94,115000.0,294.77,731000.0,295.23,3000.0,295.24,3000.0
1753547044412,16:24:04.412,AAVE/USDT:USDT,294.94,115000.0,294.77,731000.0,295.24,3000.0,295.25,3000.0
1753547044484,16:24:04.484,AAVE/USDT:USDT,294.94,115000.0,294.77,731000.0,295.24,3000.0,295.25,3000.0
1753547044533,16:24:04.533,AAVE/USDT:USDT,294.94,115000.0,294.77,731000.0,295.24,3000.0,295.25,3000.0
1753547044582,16:24:04.582,AAVE/USDT:USDT,294.94,115000.0,294.77,731000.0,295.24,3000.0,295.25,3000.0
1753547045663,16:24:05.663,AAVE/USDT:USDT,294.94,115000.0,294.77,731000.0,295.24,3000.0,295.25,3000.0
1753547045713,16:24:05.713,AAVE/USDT:USDT,294.94,115000.0,294.77,731000.0,295.24,3000.0,295.25,3000.0
1753547045762,16:24:05.762,AAVE/USDT:USDT,294.94,115000.0,294.77,731000.0,295.24,3000.0,295.25,3000.0
1753547046905,16:24:06.905,AAVE/USDT:USDT,294.94,115000.0,294.77,731000.0,295.24,3000.0,295.25,3000.0
1753547046965,16:24:06.965,AAVE/USDT:USDT,294.94,115000.0,294.77,731000.0,295.24,3000.0,295.25,3000.0
1753547047232,16:24:07.232,AAVE/USDT:USDT,294.94,115000.0,294.77,731000.0,295.24,3000.0,295.25,3000.0
1753547047281,16:24:07.281,AAVE/USDT:USDT,294.94,115000.0,294.77,731000.0,295.24,3000.0,295.25,3000.0
1753547047564,16:24:07.564,AAVE/USDT:USDT,294.94,115000.0,294.77,731000.0,295.25,3000.0,295.26,3000.0
1753547047814,16:24:07.814,AAVE/USDT:USDT,294.94,115000.0,294.77,731000.0,295.24,7000.0,295.25,3000.0
1753547047863,16:24:07.863,AAVE/USDT:USDT,294.94,115000.0,294.77,731000.0,295.13,7000.0,295.14,7000.0
1753547047912,16:24:07.912,AAVE/USDT:USDT,294.94,115000.0,294.77,731000.0,295.02,7000.0,295.03,7000.0
1753547047961,16:24:07.961,AAVE/USDT:USDT,294.94,115000.0,294.77,731000.0,295.02,7000.0,295.25,3000.0
1753547048108,16:24:08.108,AAVE/USDT:USDT,294.94,115000.0,294.77,731000.0,295.02,7000.0,295.25,3000.0
1753547048157,16:24:08.157,AAVE/USDT:USDT,294.94,115000.0,294.77,731000.0,295.02,7000.0,295.25,3000.0
1753547048430,16:24:08.430,AAVE/USDT:USDT,294.94,115000.0,294.77,731000.0,295.02,7000.0,295.24,3000.0
1753547048631,16:24:08.631,AAVE/USDT:USDT,294.94,115000.0,294.77,731000.0,295.02,7000.0,295.24,3000.0
1753547048680,16:24:08.680,AAVE/USDT:USDT,294.94,115000.0,294.77,731000.0,295.02,7000.0,295.25,3000.0
1753547049314,16:24:09.314,AAVE/USDT:USDT,294.94,115000.0,294.77,731000.0,295.02,7000.0,295.25,3000.0
1753547049364,16:24:09.364,AAVE/USDT:USDT,294.94,115000.0,294.77,731000.0,295.02,7000.0,295.25,3000.0
1753547050383,16:24:10.383,AAVE/USDT:USDT,294.94,115000.0,294.77,731000.0,295.02,7000.0,295.25,3000.0
1753547050443,16:24:10.443,AAVE/USDT:USDT,294.94,115000.0,294.77,731000.0,295.02,7000.0,295.25,3000.0
1753547050915,16:24:10.915,AAVE/USDT:USDT,294.94,115000.0,294.77,731000.0,295.02,7000.0,295.24,3000.0
1753547050983,16:24:10.983,AAVE/USDT:USDT,294.94,115000.0,294.77,731000.0,295.02,7000.0,295.25,3000.0
1753547051033,16:24:11.033,AAVE/USDT:USDT,294.94,115000.0,294.77,731000.0,295.02,7000.0,295.25,3000.0
1753547051535,16:24:11.535,AAVE/USDT:USDT,294.94,115000.0,294.77,731000.0,295.02,7000.0,295.25,3000.0
1753547051585,16:24:11.585,AAVE/USDT:USDT,294.94,115000.0,294.77,731000.0,295.02,7000.0,295.25,3000.0
1753547051634,16:24:11.634,AAVE/USDT:USDT,294.94,115000.0,294.77,731000.0,295.02,7000.0,295.24,3000.0
1753547051730,16:24:11.730,AAVE/USDT:USDT,294.94,115000.0,294.77,731000.0,295.02,7000.0,295.25,3000.0
1753547051779,16:24:11.779,AAVE/USDT:USDT,294.94,115000.0,294.77,731000.0,295.02,7000.0,295.25,3000.0
1753547051983,16:24:11.983,AAVE/USDT:USDT,294.94,115000.0,294.77,731000.0,295.02,7000.0,295.24,3000.0
1753547052033,16:24:12.033,AAVE/USDT:USDT,294.94,115000.0,294.77,731000.0,295.02,7000.0,295.25,3000.0
1753547052082,16:24:12.082,AAVE/USDT:USDT,294.94,115000.0,294.77,731000.0,295.02,7000.0,295.25,3000.0
1753547052386,16:24:12.386,AAVE/USDT:USDT,294.94,115000.0,294.77,731000.0,295.02,7000.0,295.24,3000.0
1753547052471,16:24:12.471,AAVE/USDT:USDT,294.94,115000.0,294.77,731000.0,295.02,7000.0,295.25,3000.0
1753547052793,16:24:12.793,AAVE/USDT:USDT,294.94,115000.0,294.77,731000.0,295.02,7000.0,295.25,3000.0
1753547052884,16:24:12.884,AAVE/USDT:USDT,294.94,115000.0,294.77,731000.0,295.02,7000.0,295.25,3000.0
1753547053955,16:24:13.955,AAVE/USDT:USDT,294.94,115000.0,294.77,731000.0,295.02,7000.0,295.25,3000.0
1753547054004,16:24:14.004,AAVE/USDT:USDT,294.94,115000.0,294.77,731000.0,295.02,7000.0,295.25,3000.0
1753547054596,16:24:14.596,AAVE/USDT:USDT,294.94,115000.0,294.77,731000.0,295.01,7000.0,295.02,7000.0
1753547054645,16:24:14.645,AAVE/USDT:USDT,294.94,115000.0,294.77,731000.0,295.01,7000.0,295.25,3000.0
1753547055334,16:24:15.334,AAVE/USDT:USDT,294.94,115000.0,294.77,731000.0,295.01,7000.0,295.25,3000.0
1753547055383,16:24:15.383,AAVE/USDT:USDT,294.94,115000.0,294.77,731000.0,295.01,7000.0,295.25,3000.0
1753547055438,16:24:15.438,AAVE/USDT:USDT,294.94,115000.0,294.77,731000.0,295.0,7000.0,295.01,7000.0
1753547055488,16:24:15.488,AAVE/USDT:USDT,294.94,115000.0,294.77,731000.0,294.95,7000.0,295.26,3000.0
1753547055537,16:24:15.537,AAVE/USDT:USDT,294.94,115000.0,294.77,731000.0,294.95,7000.0,295.25,3000.0
1753547055586,16:24:15.586,AAVE/USDT:USDT,294.94,115000.0,294.77,731000.0,294.95,7000.0,295.26,3000.0
1753547055670,16:24:15.670,AAVE/USDT:USDT,294.94,115000.0,294.77,731000.0,294.95,7000.0,295.25,3000.0
1753547055720,16:24:15.720,AAVE/USDT:USDT,294.94,115000.0,294.77,731000.0,294.95,7000.0,295.24,3000.0
1753547056296,16:24:16.296,AAVE/USDT:USDT,294.94,115000.0,294.77,731000.0,294.95,7000.0,295.24,3000.0
1753547056346,16:24:16.346,AAVE/USDT:USDT,294.94,115000.0,294.77,731000.0,294.95,7000.0,295.24,3000.0
1753547056395,16:24:16.395,AAVE/USDT:USDT,294.94,115000.0,294.77,731000.0,294.95,7000.0,295.24,3000.0
1753547056448,16:24:16.448,AAVE/USDT:USDT,294.94,115000.0,294.77,731000.0,295.24,3000.0,295.25,3000.0
1753547056497,16:24:16.497,AAVE/USDT:USDT,294.94,115000.0,294.77,731000.0,295.24,3000.0,295.25,3000.0
1753547056701,16:24:16.701,AAVE/USDT:USDT,294.94,115000.0,294.77,731000.0,295.23,3000.0,295.24,3000.0
1753547056750,16:24:16.750,AAVE/USDT:USDT,294.94,115000.0,294.77,731000.0,295.13,7000.0,295.23,3000.0
1753547056799,16:24:16.799,AAVE/USDT:USDT,294.94,115000.0,294.77,731000.0,295.02,7000.0,295.03,7000.0
1753547056848,16:24:16.848,AAVE/USDT:USDT,294.94,115000.0,294.77,731000.0,295.01,7000.0,295.23,3000.0
1753547056985,16:24:16.985,AAVE/USDT:USDT,294.94,115000.0,294.77,731000.0,295.01,7000.0,295.24,3000.0
1753547057183,16:24:17.183,AAVE/USDT:USDT,294.94,115000.0,294.77,731000.0,295.24,3000.0,295.25,3000.0
1753547057232,16:24:17.232,AAVE/USDT:USDT,294.94,115000.0,294.77,731000.0,295.25,3000.0,295.26,3000.0
1753547057281,16:24:17.281,AAVE/USDT:USDT,294.94,115000.0,294.77,731000.0,295.26,3000.0,295.27,3000.0
1753547057392,16:24:17.392,AAVE/USDT:USDT,294.94,115000.0,294.77,731000.0,295.25,3000.0,295.26,3000.0
1753547057441,16:24:17.441,AAVE/USDT:USDT,294.94,115000.0,294.77,731000.0,295.14,7000.0,295.15,7000.0
1753547057490,16:24:17.490,AAVE/USDT:USDT,294.94,115000.0,294.77,731000.0,295.03,7000.0,295.04,7000.0
1753547057539,16:24:17.539,AAVE/USDT:USDT,294.94,115000.0,294.77,731000.0,295.03,7000.0,295.25,3000.0
1753547057588,16:24:17.588,AAVE/USDT:USDT,294.94,115000.0,294.77,731000.0,295.03,7000.0,295.25,3000.0
1753547058198,16:24:18.198,AAVE/USDT:USDT,294.94,115000.0,294.77,731000.0,295.03,7000.0,295.26,3000.0
1753547058634,16:24:18.634,AAVE/USDT:USDT,294.94,115000.0,294.77,731000.0,295.03,7000.0,295.26,3000.0
1753547058684,16:24:18.684,AAVE/USDT:USDT,294.94,115000.0,294.77,731000.0,295.03,7000.0,295.26,3000.0
1753547058733,16:24:18.733,AAVE/USDT:USDT,294.94,115000.0,294.77,731000.0,295.03,7000.0,295.25,3000.0
1753547059394,16:24:19.394,AAVE/USDT:USDT,294.94,115000.0,294.77,731000.0,295.03,7000.0,295.26,3000.0
1753547059443,16:24:19.443,AAVE/USDT:USDT,294.94,115000.0,294.77,731000.0,295.03,7000.0,295.26,3000.0
1753547059493,16:24:19.493,AAVE/USDT:USDT,294.94,115000.0,294.77,731000.0,295.03,7000.0,295.25,3000.0
1753547059543,16:24:19.543,AAVE/USDT:USDT,294.94,115000.0,294.77,731000.0,295.03,7000.0,295.26,3000.0
1753547059592,16:24:19.592,AAVE/USDT:USDT,294.94,115000.0,294.77,731000.0,295.03,7000.0,295.27,3000.0
1753547059884,16:24:19.884,AAVE/USDT:USDT,294.94,115000.0,294.77,731000.0,295.03,7000.0,295.27,3000.0
1753547059938,16:24:19.938,AAVE/USDT:USDT,294.94,115000.0,294.77,731000.0,295.03,7000.0,295.27,3000.0
1753547060138,16:24:20.138,AAVE/USDT:USDT,294.94,115000.0,294.77,731000.0,295.03,7000.0,295.26,3000.0
1753547060427,16:24:20.427,AAVE/USDT:USDT,294.94,115000.0,294.77,731000.0,295.03,7000.0,295.27,3000.0
1753547060529,16:24:20.529,AAVE/USDT:USDT,294.94,115000.0,294.77,731000.0,295.03,7000.0,295.26,3000.0
1753547060581,16:24:20.581,AAVE/USDT:USDT,294.94,115000.0,294.77,731000.0,295.03,7000.0,295.27,3000.0
1753547060631,16:24:20.631,AAVE/USDT:USDT,294.94,115000.0,294.77,731000.0,295.03,7000.0,295.26,3000.0
1753547061631,16:24:21.631,AAVE/USDT:USDT,294.94,115000.0,294.77,731000.0,295.03,7000.0,295.26,3000.0
1753547061680,16:24:21.680,AAVE/USDT:USDT,294.94,115000.0,294.77,731000.0,295.03,7000.0,295.26,3000.0
1753547061911,16:24:21.911,AAVE/USDT:USDT,294.94,115000.0,294.77,731000.0,295.03,7000.0,295.26,3000.0
1753547062234,16:24:22.234,AAVE/USDT:USDT,294.94,115000.0,294.77,731000.0,295.03,7000.0,295.26,3000.0
1753547062545,16:24:22.545,AAVE/USDT:USDT,294.94,115000.0,294.77,731000.0,295.03,7000.0,295.27,3000.0
1753547062594,16:24:22.594,AAVE/USDT:USDT,294.94,115000.0,294.77,731000.0,295.03,7000.0,295.26,3000.0
1753547063823,16:24:23.823,AAVE/USDT:USDT,294.94,115000.0,294.77,731000.0,295.03,7000.0,295.27,3000.0
1753547064362,16:24:24.362,AAVE/USDT:USDT,294.94,115000.0,294.77,731000.0,295.03,7000.0,295.26,3000.0
1753547065687,16:24:25.687,AAVE/USDT:USDT,294.94,115000.0,294.77,731000.0,295.03,7000.0,295.27,3000.0
1753547065777,16:24:25.777,AAVE/USDT:USDT,294.94,115000.0,294.77,731000.0,295.03,7000.0,295.27,3000.0
1753547065826,16:24:25.826,AAVE/USDT:USDT,294.94,115000.0,294.77,731000.0,295.03,7000.0,295.26,3000.0
1753547065886,16:24:25.886,AAVE/USDT:USDT,294.94,115000.0,294.77,731000.0,295.03,7000.0,295.27,3000.0
1753547066019,16:24:26.019,AAVE/USDT:USDT,294.94,115000.0,294.77,731000.0,295.03,7000.0,295.26,3000.0
1753547066431,16:24:26.431,AAVE/USDT:USDT,294.94,115000.0,294.77,731000.0,295.03,7000.0,295.26,3000.0
1753547066481,16:24:26.481,AAVE/USDT:USDT,294.94,115000.0,294.77,731000.0,295.03,7000.0,295.26,3000.0
1753547067718,16:24:27.718,AAVE/USDT:USDT,294.94,115000.0,294.77,731000.0,295.03,7000.0,295.26,3000.0
1753547070698,16:24:30.698,AAVE/USDT:USDT,294.94,115000.0,294.77,731000.0,295.26,3000.0,295.27,3000.0
1753547070747,16:24:30.747,AAVE/USDT:USDT,294.94,115000.0,294.77,731000.0,295.27,3000.0,295.28,3000.0
1753547070796,16:24:30.796,AAVE/USDT:USDT,294.94,115000.0,294.77,731000.0,295.28,3000.0,295.29,3000.0
1753547071149,16:24:31.149,AAVE/USDT:USDT,294.94,115000.0,294.77,731000.0,295.27,7000.0,295.28,3000.0
1753547071198,16:24:31.198,AAVE/USDT:USDT,294.94,115000.0,294.77,731000.0,295.17,7000.0,295.18,7000.0
1753547071247,16:24:31.247,AAVE/USDT:USDT,294.94,115000.0,294.77,731000.0,295.06,7000.0,295.07,7000.0
1753547071296,16:24:31.296,AAVE/USDT:USDT,294.94,115000.0,294.77,731000.0,295.06,7000.0,295.28,3000.0
1753547071372,16:24:31.372,AAVE/USDT:USDT,294.94,115000.0,294.77,731000.0,295.06,7000.0,295.28,3000.0
1753547071421,16:24:31.421,AAVE/USDT:USDT,294.94,115000.0,294.77,731000.0,295.06,7000.0,295.3,3000.0
1753547071470,16:24:31.470,AAVE/USDT:USDT,294.94,115000.0,294.77,731000.0,295.3,3000.0,295.31,3000.0
1753547071519,16:24:31.519,AAVE/USDT:USDT,294.94,115000.0,294.77,731000.0,295.3,3000.0,295.31,3000.0
1753547071568,16:24:31.568,AAVE/USDT:USDT,294.94,115000.0,294.77,731000.0,295.3,3000.0,295.31,3000.0
1753547072410,16:24:32.410,AAVE/USDT:USDT,294.94,115000.0,294.77,731000.0,295.31,3000.0,295.32,3000.0
1753547072460,16:24:32.460,AAVE/USDT:USDT,294.94,115000.0,294.77,731000.0,295.29,7000.0,295.3,3000.0
1753547072509,16:24:32.509,AAVE/USDT:USDT,294.94,115000.0,294.77,731000.0,295.17,7000.0,295.18,7000.0
1753547072558,16:24:32.558,AAVE/USDT:USDT,294.94,115000.0,294.77,731000.0,295.09,7000.0,295.32,3000.0
1753547072663,16:24:32.663,AAVE/USDT:USDT,294.94,115000.0,294.77,731000.0,295.09,7000.0,295.32,3000.0
1753547072713,16:24:32.713,AAVE/USDT:USDT,294.94,115000.0,294.77,731000.0,295.09,7000.0,295.32,3000.0
1753547072762,16:24:32.762,AAVE/USDT:USDT,294.94,115000.0,294.77,731000.0,295.09,7000.0,295.32,3000.0
1753547073458,16:24:33.458,AAVE/USDT:USDT,294.94,115000.0,294.77,731000.0,295.09,7000.0,295.32,3000.0
1753547073508,16:24:33.508,AAVE/USDT:USDT,294.94,115000.0,294.77,731000.0,295.09,7000.0,295.35,3000.0
1753547073557,16:24:33.557,AAVE/USDT:USDT,294.94,115000.0,294.77,731000.0,295.09,7000.0,295.35,3000.0
1753547073815,16:24:33.815,AAVE/USDT:USDT,294.94,115000.0,294.77,731000.0,295.08,7000.0,295.09,7000.0
1753547073865,16:24:33.865,AAVE/USDT:USDT,294.94,115000.0,294.77,731000.0,295.04,7000.0,295.35,3000.0
1753547073934,16:24:33.934,AAVE/USDT:USDT,294.94,115000.0,294.77,731000.0,295.04,7000.0,295.34,3000.0
1753547073983,16:24:33.983,AAVE/USDT:USDT,294.94,115000.0,294.77,731000.0,295.34,3000.0,295.35,3000.0
1753547074037,16:24:34.037,AAVE/USDT:USDT,294.94,115000.0,294.77,731000.0,295.34,3000.0,295.35,3000.0
1753547075124,16:24:35.124,AAVE/USDT:USDT,294.94,115000.0,294.77,731000.0,295.34,3000.0,295.35,3000.0
1753547075215,16:24:35.215,AAVE/USDT:USDT,294.94,115000.0,294.77,731000.0,295.34,3000.0,295.35,3000.0
1753547075605,16:24:35.605,AAVE/USDT:USDT,294.94,115000.0,294.77,731000.0,295.35,3000.0,295.36,3000.0
1753547075655,16:24:35.655,AAVE/USDT:USDT,294.94,115000.0,294.77,731000.0,295.36,3000.0,295.37,3000.0
1753547076021,16:24:36.021,AAVE/USDT:USDT,294.94,115000.0,294.77,731000.0,295.36,3000.0,295.37,3000.0
1753547076071,16:24:36.071,AAVE/USDT:USDT,294.94,115000.0,294.77,731000.0,295.36,3000.0,295.37,3000.0
1753547076261,16:24:36.261,AAVE/USDT:USDT,294.94,115000.0,294.77,731000.0,295.35,7000.0,295.36,3000.0
1753547076311,16:24:36.311,AAVE/USDT:USDT,294.94,115000.0,294.77,731000.0,295.24,7000.0,295.25,7000.0
1753547076360,16:24:36.360,AAVE/USDT:USDT,294.94,115000.0,294.77,731000.0,295.14,7000.0,295.15,7000.0
1753547076409,16:24:36.409,AAVE/USDT:USDT,294.94,115000.0,294.77,731000.0,295.12,7000.0,295.35,3000.0
1753547076458,16:24:36.458,AAVE/USDT:USDT,294.94,115000.0,294.77,731000.0,295.12,7000.0,295.35,3000.0
1753547076507,16:24:36.507,AAVE/USDT:USDT,294.94,115000.0,294.77,731000.0,295.12,7000.0,295.35,3000.0
1753547077294,16:24:37.294,AAVE/USDT:USDT,294.94,115000.0,294.77,731000.0,295.12,7000.0,295.35,3000.0
1753547077344,16:24:37.344,AAVE/USDT:USDT,294.94,115000.0,294.77,731000.0,295.12,7000.0,295.35,3000.0
1753547077393,16:24:37.393,AAVE/USDT:USDT,294.94,115000.0,294.77,731000.0,295.12,7000.0,295.35,3000.0
1753547077960,16:24:37.960,AAVE/USDT:USDT,294.94,115000.0,294.77,731000.0,295.12,7000.0,295.34,3000.0
1753547078153,16:24:38.153,AAVE/USDT:USDT,294.94,115000.0,294.77,731000.0,295.12,7000.0,295.35,3000.0
1753547078532,16:24:38.532,AAVE/USDT:USDT,294.94,115000.0,294.77,731000.0,295.12,7000.0,295.35,3000.0
1753547078582,16:24:38.582,AAVE/USDT:USDT,294.94,115000.0,294.77,731000.0,295.12,7000.0,295.35,3000.0
1753547079307,16:24:39.307,AAVE/USDT:USDT,294.94,115000.0,294.77,731000.0,295.11,7000.0,295.12,7000.0
1753547079356,16:24:39.356,AAVE/USDT:USDT,294.94,115000.0,294.77,731000.0,295.09,7000.0,295.35,3000.0
1753547079917,16:24:39.917,AAVE/USDT:USDT,294.94,115000.0,294.77,731000.0,295.09,7000.0,295.35,3000.0
1753547079966,16:24:39.966,AAVE/USDT:USDT,294.94,115000.0,294.77,731000.0,295.09,7000.0,295.35,3000.0
1753547080839,16:24:40.839,AAVE/USDT:USDT,294.94,115000.0,294.77,731000.0,295.09,7000.0,295.35,3000.0
1753547080888,16:24:40.888,AAVE/USDT:USDT,294.94,115000.0,294.77,731000.0,295.09,7000.0,295.35,3000.0
1753547080937,16:24:40.937,AAVE/USDT:USDT,294.94,115000.0,294.77,731000.0,295.09,7000.0,295.35,3000.0
1753547081024,16:24:41.024,AAVE/USDT:USDT,294.94,115000.0,294.77,731000.0,295.09,7000.0,295.35,3000.0
1753547081456,16:24:41.456,AAVE/USDT:USDT,294.94,115000.0,294.77,731000.0,295.35,3000.0,295.36,3000.0
1753547081505,16:24:41.505,AAVE/USDT:USDT,294.94,115000.0,294.77,731000.0,295.35,3000.0,295.36,3000.0
1753547081554,16:24:41.554,AAVE/USDT:USDT,294.94,115000.0,294.77,731000.0,295.35,3000.0,295.36,3000.0
1753547081603,16:24:41.603,AAVE/USDT:USDT,294.94,115000.0,294.77,731000.0,295.36,3000.0,295.37,3000.0
1753547081652,16:24:41.652,AAVE/USDT:USDT,294.94,115000.0,294.77,731000.0,295.36,3000.0,295.37,3000.0
1753547081885,16:24:41.885,AAVE/USDT:USDT,294.94,115000.0,294.77,731000.0,295.35,3000.0,295.36,3000.0
1753547081935,16:24:41.935,AAVE/USDT:USDT,294.94,115000.0,294.77,731000.0,295.31,7000.0,295.32,7000.0
1753547081984,16:24:41.984,AAVE/USDT:USDT,294.94,115000.0,294.77,731000.0,295.2,7000.0,295.21,7000.0
1753547082033,16:24:42.033,AAVE/USDT:USDT,294.94,115000.0,294.77,731000.0,295.12,7000.0,295.35,3000.0
1753547082083,16:24:42.083,AAVE/USDT:USDT,294.94,115000.0,294.77,731000.0,295.12,7000.0,295.36,3000.0
1753547082133,16:24:42.133,AAVE/USDT:USDT,294.94,115000.0,294.77,731000.0,295.12,7000.0,295.36,3000.0
1753547083052,16:24:43.052,AAVE/USDT:USDT,294.94,115000.0,294.77,731000.0,295.12,7000.0,295.35,3000.0
1753547083353,16:24:43.353,AAVE/USDT:USDT,294.94,115000.0,294.77,731000.0,295.12,7000.0,295.35,3000.0
1753547083403,16:24:43.403,AAVE/USDT:USDT,294.94,115000.0,294.77,731000.0,295.12,7000.0,295.35,3000.0
1753547084010,16:24:44.010,AAVE/USDT:USDT,294.94,115000.0,294.77,731000.0,295.11,7000.0,295.12,7000.0
1753547084059,16:24:44.059,AAVE/USDT:USDT,294.94,115000.0,294.77,731000.0,295.08,7000.0,295.35,3000.0
1753547084445,16:24:44.445,AAVE/USDT:USDT,294.94,115000.0,294.77,731000.0,295.08,7000.0,295.35,3000.0
1753547084495,16:24:44.495,AAVE/USDT:USDT,294.94,115000.0,294.77,731000.0,295.08,7000.0,295.35,3000.0
1753547084544,16:24:44.544,AAVE/USDT:USDT,294.94,115000.0,294.77,731000.0,295.08,7000.0,295.35,3000.0
1753547085632,16:24:45.632,AAVE/USDT:USDT,294.94,115000.0,294.77,731000.0,295.08,7000.0,295.35,3000.0
1753547085682,16:24:45.682,AAVE/USDT:USDT,294.94,115000.0,294.77,731000.0,295.35,3000.0,295.36,3000.0
1753547085731,16:24:45.731,AAVE/USDT:USDT,294.94,115000.0,294.77,731000.0,295.35,3000.0,295.36,3000.0
1753547085780,16:24:45.780,AAVE/USDT:USDT,294.94,115000.0,294.77,731000.0,295.35,3000.0,295.36,3000.0
1753547085829,16:24:45.829,AAVE/USDT:USDT,294.94,115000.0,294.77,731000.0,295.36,3000.0,295.37,3000.0
1753547086874,16:24:46.874,AAVE/USDT:USDT,294.94,115000.0,294.77,731000.0,295.36,3000.0,295.37,3000.0
1753547087761,16:24:47.761,AAVE/USDT:USDT,294.94,115000.0,294.77,731000.0,295.35,3000.0,295.36,3000.0
1753547087811,16:24:47.811,AAVE/USDT:USDT,294.94,115000.0,294.77,731000.0,295.27,7000.0,295.28,7000.0
1753547087861,16:24:47.861,AAVE/USDT:USDT,294.94,115000.0,294.77,731000.0,295.17,7000.0,295.18,7000.0
1753547087911,16:24:47.911,AAVE/USDT:USDT,294.94,115000.0,294.77,731000.0,295.11,7000.0,295.35,3000.0
1753547087975,16:24:47.975,AAVE/USDT:USDT,294.94,115000.0,294.77,731000.0,295.11,7000.0,295.35,3000.0
1753547088024,16:24:48.024,AAVE/USDT:USDT,294.94,115000.0,294.77,731000.0,295.11,7000.0,295.35,3000.0
1753547088131,16:24:48.131,AAVE/USDT:USDT,294.94,115000.0,294.77,731000.0,295.35,3000.0,295.36,3000.0
1753547088180,16:24:48.180,AAVE/USDT:USDT,294.94,115000.0,294.77,731000.0,295.35,3000.0,295.36,3000.0
1753547088229,16:24:48.229,AAVE/USDT:USDT,294.94,115000.0,294.77,731000.0,295.36,3000.0,295.37,3000.0
1753547088333,16:24:48.333,AAVE/USDT:USDT,294.94,115000.0,294.77,731000.0,295.35,3000.0,295.36,3000.0
1753547088382,16:24:48.382,AAVE/USDT:USDT,294.94,115000.0,294.77,731000.0,295.25,7000.0,295.26,7000.0
1753547088431,16:24:48.431,AAVE/USDT:USDT,294.94,115000.0,294.77,731000.0,295.14,7000.0,295.15,7000.0
1753547088480,16:24:48.480,AAVE/USDT:USDT,294.94,115000.0,294.77,731000.0,295.13,7000.0,295.36,3000.0
1753547088744,16:24:48.744,AAVE/USDT:USDT,294.94,115000.0,294.77,731000.0,295.13,7000.0,295.35,3000.0
1753547088794,16:24:48.794,AAVE/USDT:USDT,294.94,115000.0,294.77,731000.0,295.13,7000.0,295.36,3000.0
1753547089160,16:24:49.160,AAVE/USDT:USDT,294.94,115000.0,294.77,731000.0,295.13,7000.0,295.36,3000.0
1753547089210,16:24:49.210,AAVE/USDT:USDT,294.94,115000.0,294.77,731000.0,295.13,7000.0,295.36,3000.0
1753547089259,16:24:49.259,AAVE/USDT:USDT,294.94,115000.0,294.77,731000.0,295.13,7000.0,295.35,3000.0
1753547090315,16:24:50.315,AAVE/USDT:USDT,294.94,115000.0,294.77,731000.0,295.13,7000.0,295.35,3000.0
1753547090364,16:24:50.364,AAVE/USDT:USDT,294.94,115000.0,294.77,731000.0,295.13,7000.0,295.35,3000.0
1753547090413,16:24:50.413,AAVE/USDT:USDT,294.94,115000.0,294.77,731000.0,295.36,3000.0,295.37,3000.0
1753547090462,16:24:50.462,AAVE/USDT:USDT,294.94,115000.0,294.77,731000.0,295.39,3000.0,295.4,3000.0
1753547090511,16:24:50.511,AAVE/USDT:USDT,294.94,115000.0,294.77,731000.0,295.4,3000.0,295.41,3000.0
1753547090560,16:24:50.560,AAVE/USDT:USDT,294.94,115000.0,294.77,731000.0,295.33,7000.0,295.34,7000.0
1753547090609,16:24:50.609,AAVE/USDT:USDT,294.94,115000.0,294.77,731000.0,295.22,7000.0,295.23,7000.0
1753547090658,16:24:50.658,AAVE/USDT:USDT,294.94,115000.0,294.77,731000.0,295.18,7000.0,295.39,3000.0
1753547091614,16:24:51.614,AAVE/USDT:USDT,294.94,115000.0,294.77,731000.0,295.18,7000.0,295.39,3000.0
1753547091664,16:24:51.664,AAVE/USDT:USDT,294.94,115000.0,294.77,731000.0,295.18,7000.0,295.39,3000.0
1753547092679,16:24:52.679,AAVE/USDT:USDT,294.94,115000.0,294.77,731000.0,295.18,7000.0,295.39,3000.0
1753547092757,16:24:52.757,AAVE/USDT:USDT,294.94,115000.0,294.77,731000.0,295.18,7000.0,295.39,3000.0
1753547092873,16:24:52.873,AAVE/USDT:USDT,294.94,115000.0,294.77,731000.0,295.18,7000.0,295.39,3000.0
1753547093348,16:24:53.348,AAVE/USDT:USDT,294.94,115000.0,294.77,731000.0,295.17,7000.0,295.18,7000.0
1753547093397,16:24:53.397,AAVE/USDT:USDT,294.94,115000.0,294.77,731000.0,295.15,7000.0,295.39,3000.0
1753547093480,16:24:53.480,AAVE/USDT:USDT,294.94,115000.0,294.77,731000.0,295.39,3000.0,295.4,3000.0
1753547093529,16:24:53.529,AAVE/USDT:USDT,294.94,115000.0,294.77,731000.0,295.43,3000.0,295.44,3000.0
1753547093578,16:24:53.578,AAVE/USDT:USDT,294.94,115000.0,294.77,731000.0,295.35,7000.0,295.36,7000.0
1753547093627,16:24:53.627,AAVE/USDT:USDT,294.94,115000.0,294.77,731000.0,295.24,7000.0,295.25,7000.0
1753547093676,16:24:53.676,AAVE/USDT:USDT,294.94,115000.0,294.77,731000.0,295.17,7000.0,295.42,3000.0
1753547093739,16:24:53.739,AAVE/USDT:USDT,294.94,115000.0,294.77,731000.0,295.17,7000.0,295.43,3000.0
1753547093844,16:24:53.844,AAVE/USDT:USDT,294.94,115000.0,294.77,731000.0,295.17,7000.0,295.43,3000.0
1753547093894,16:24:53.894,AAVE/USDT:USDT,294.94,115000.0,294.77,731000.0,295.17,7000.0,295.43,3000.0
1753547095034,16:24:55.034,AAVE/USDT:USDT,294.94,115000.0,294.77,731000.0,295.17,7000.0,295.43,3000.0
1753547095084,16:24:55.084,AAVE/USDT:USDT,294.94,115000.0,294.77,731000.0,295.17,7000.0,295.43,3000.0
1753547095233,16:24:55.233,AAVE/USDT:USDT,294.94,115000.0,294.77,731000.0,295.17,7000.0,295.43,3000.0
1753547095283,16:24:55.283,AAVE/USDT:USDT,294.94,115000.0,294.77,731000.0,295.17,7000.0,295.43,3000.0
1753547095581,16:24:55.581,AAVE/USDT:USDT,294.94,115000.0,294.77,731000.0,295.17,7000.0,295.43,3000.0
1753547095877,16:24:55.877,AAVE/USDT:USDT,294.94,115000.0,294.77,731000.0,295.16,7000.0,295.17,7000.0
1753547095926,16:24:55.926,AAVE/USDT:USDT,294.94,115000.0,294.77,731000.0,295.14,7000.0,295.43,3000.0
1753547096196,16:24:56.196,AAVE/USDT:USDT,294.94,115000.0,294.77,731000.0,295.14,7000.0,295.43,3000.0
1753547096258,16:24:56.258,AAVE/USDT:USDT,294.94,115000.0,294.77,731000.0,295.14,7000.0,295.43,3000.0
1753547097375,16:24:57.375,AAVE/USDT:USDT,294.94,115000.0,294.77,731000.0,295.14,7000.0,295.43,3000.0
1753547097424,16:24:57.424,AAVE/USDT:USDT,294.94,115000.0,294.77,731000.0,295.14,7000.0,295.43,3000.0
1753547097967,16:24:57.967,AAVE/USDT:USDT,294.94,115000.0,294.77,731000.0,295.43,3000.0,295.44,3000.0
1753547098017,16:24:58.017,AAVE/USDT:USDT,294.94,115000.0,294.77,731000.0,295.43,3000.0,295.44,3000.0
1753547098066,16:24:58.066,AAVE/USDT:USDT,294.94,115000.0,294.77,731000.0,295.44,3000.0,295.45,3000.0
1753547098115,16:24:58.115,AAVE/USDT:USDT,294.94,115000.0,294.77,731000.0,295.4,7000.0,295.41,7000.0
1753547098165,16:24:58.165,AAVE/USDT:USDT,294.94,115000.0,294.77,731000.0,295.29,7000.0,295.3,7000.0
1753547098214,16:24:58.214,AAVE/USDT:USDT,294.94,115000.0,294.77,731000.0,295.18,7000.0,295.19,7000.0
1753547098263,16:24:58.263,AAVE/USDT:USDT,294.94,115000.0,294.77,731000.0,295.16,7000.0,295.43,3000.0
1753547098353,16:24:58.353,AAVE/USDT:USDT,294.94,115000.0,294.77,731000.0,295.16,7000.0,295.44,3000.0
1753547098402,16:24:58.402,AAVE/USDT:USDT,294.94,115000.0,294.77,731000.0,295.16,7000.0,295.43,3000.0
1753547098596,16:24:58.596,AAVE/USDT:USDT,294.94,115000.0,294.77,731000.0,295.16,7000.0,295.43,3000.0
1753547098645,16:24:58.645,AAVE/USDT:USDT,294.94,115000.0,294.77,731000.0,295.16,7000.0,295.43,3000.0
1753547098694,16:24:58.694,AAVE/USDT:USDT,294.94,115000.0,294.77,731000.0,295.16,7000.0,295.43,3000.0
1753547099031,16:24:59.031,AAVE/USDT:USDT,294.94,115000.0,294.77,731000.0,295.16,7000.0,295.44,3000.0
1753547099080,16:24:59.080,AAVE/USDT:USDT,294.94,115000.0,294.77,731000.0,295.16,7000.0,295.43,3000.0
1753547099716,16:24:59.716,AAVE/USDT:USDT,294.94,115000.0,294.77,731000.0,295.16,7000.0,295.43,3000.0
1753547099765,16:24:59.765,AAVE/USDT:USDT,294.94,115000.0,294.77,731000.0,295.16,7000.0,295.43,3000.0
1753547099814,16:24:59.814,AAVE/USDT:USDT,294.94,115000.0,294.77,731000.0,295.16,7000.0,295.43,3000.0
1753547100039,16:25:00.039,AAVE/USDT:USDT,294.94,115000.0,294.5,3000.0,295.16,7000.0,295.43,3000.0
1753547100088,16:25:00.088,AAVE/USDT:USDT,294.94,115000.0,294.93,731000.0,295.16,7000.0,295.43,3000.0
1753547100265,16:25:00.265,AAVE/USDT:USDT,294.94,115000.0,294.93,731000.0,295.16,7000.0,295.42,3000.0
1753547100314,16:25:00.314,AAVE/USDT:USDT,294.94,115000.0,294.93,731000.0,295.16,7000.0,295.43,3000.0
1753547100365,16:25:00.365,AAVE/USDT:USDT,294.94,115000.0,294.93,731000.0,295.15,7000.0,295.16,7000.0
1753547100414,16:25:00.414,AAVE/USDT:USDT,294.94,115000.0,294.93,731000.0,295.08,7000.0,295.09,7000.0
1753547100463,16:25:00.463,AAVE/USDT:USDT,294.94,115000.0,294.93,731000.0,295.07,7000.0,295.39,3000.0
1753547100591,16:25:00.591,AAVE/USDT:USDT,294.94,115000.0,294.93,731000.0,295.07,7000.0,295.39,3000.0
1753547100640,16:25:00.640,AAVE/USDT:USDT,294.94,115000.0,294.93,731000.0,295.07,7000.0,295.4,3000.0
1753547100689,16:25:00.689,AAVE/USDT:USDT,294.94,115000.0,294.93,731000.0,295.07,7000.0,295.39,3000.0
1753547100738,16:25:00.738,AAVE/USDT:USDT,294.94,115000.0,294.93,731000.0,295.07,7000.0,295.39,3000.0
1753547100924,16:25:00.924,AAVE/USDT:USDT,294.94,115000.0,294.93,731000.0,295.07,7000.0,295.39,3000.0
1753547100974,16:25:00.974,AAVE/USDT:USDT,294.94,115000.0,294.93,731000.0,295.07,7000.0,295.39,3000.0
1753547101023,16:25:01.023,AAVE/USDT:USDT,294.94,115000.0,294.93,731000.0,295.39,3000.0,295.4,3000.0
1753547101072,16:25:01.072,AAVE/USDT:USDT,294.94,115000.0,294.93,731000.0,295.4,3000.0,295.41,3000.0
1753547101567,16:25:01.567,AAVE/USDT:USDT,294.94,115000.0,294.93,731000.0,295.41,3000.0,295.42,3000.0
1753547101617,16:25:01.617,AAVE/USDT:USDT,294.94,115000.0,294.93,731000.0,295.4,3000.0,295.41,3000.0
1753547101666,16:25:01.666,AAVE/USDT:USDT,294.94,115000.0,294.93,731000.0,295.31,7000.0,295.32,7000.0
1753547101715,16:25:01.715,AAVE/USDT:USDT,294.94,115000.0,294.93,731000.0,295.26,7000.0,295.27,7000.0
1753547101766,16:25:01.766,AAVE/USDT:USDT,294.94,115000.0,294.93,731000.0,295.26,7000.0,295.27,7000.0
1753547101815,16:25:01.815,AAVE/USDT:USDT,294.94,115000.0,294.93,731000.0,295.26,7000.0,295.41,3000.0
1753547101864,16:25:01.864,AAVE/USDT:USDT,294.94,115000.0,294.93,731000.0,295.22,7000.0,295.23,7000.0
1753547101913,16:25:01.913,AAVE/USDT:USDT,294.94,115000.0,294.93,731000.0,295.14,7000.0,295.24,7000.0
1753547102066,16:25:02.066,AAVE/USDT:USDT,294.94,115000.0,294.93,731000.0,295.13,7000.0,295.4,3000.0
1753547102116,16:25:02.116,AAVE/USDT:USDT,294.94,115000.0,294.93,731000.0,295.13,7000.0,295.4,3000.0
1753547102165,16:25:02.165,AAVE/USDT:USDT,294.94,115000.0,294.93,731000.0,295.13,7000.0,295.4,3000.0
1753547102444,16:25:02.444,AAVE/USDT:USDT,294.94,115000.0,294.93,731000.0,295.13,7000.0,295.39,3000.0
1753547103174,16:25:03.174,AAVE/USDT:USDT,294.94,115000.0,294.93,731000.0,295.13,7000.0,295.39,3000.0
1753547103223,16:25:03.223,AAVE/USDT:USDT,294.94,115000.0,294.93,731000.0,295.13,7000.0,295.39,3000.0
1753547103579,16:25:03.579,AAVE/USDT:USDT,294.94,115000.0,294.93,731000.0,295.13,7000.0,295.39,3000.0
1753547103628,16:25:03.628,AAVE/USDT:USDT,294.94,115000.0,294.93,731000.0,295.39,3000.0,295.4,3000.0
1753547103678,16:25:03.678,AAVE/USDT:USDT,294.94,115000.0,294.93,731000.0,295.39,3000.0,295.4,3000.0
1753547103727,16:25:03.727,AAVE/USDT:USDT,294.94,115000.0,294.93,731000.0,295.4,3000.0,295.41,3000.0
1753547103777,16:25:03.777,AAVE/USDT:USDT,294.94,115000.0,294.93,731000.0,295.41,3000.0,295.42,3000.0
1753547103826,16:25:03.826,AAVE/USDT:USDT,295.08,115000.0,294.93,731000.0,295.39,7000.0,295.41,3000.0
1753547104201,16:25:04.201,AAVE/USDT:USDT,295.08,115000.0,294.93,731000.0,295.38,7000.0,295.39,7000.0
1753547104250,16:25:04.250,AAVE/USDT:USDT,295.08,115000.0,294.93,731000.0,295.28,7000.0,295.29,7000.0
1753547104299,16:25:04.299,AAVE/USDT:USDT,295.08,115000.0,294.93,731000.0,295.19,7000.0,295.2,7000.0
1753547104348,16:25:04.348,AAVE/USDT:USDT,295.08,115000.0,294.93,731000.0,295.11,7000.0,295.4,3000.0
1753547104564,16:25:04.564,AAVE/USDT:USDT,295.08,115000.0,294.93,731000.0,295.11,7000.0,295.4,3000.0
1753547104679,16:25:04.679,AAVE/USDT:USDT,295.08,115000.0,294.93,731000.0,295.11,7000.0,295.39,3000.0
1753547104728,16:25:04.728,AAVE/USDT:USDT,295.08,115000.0,294.93,731000.0,295.11,7000.0,295.4,3000.0
1753547104833,16:25:04.833,AAVE/USDT:USDT,295.08,115000.0,294.93,731000.0,295.11,7000.0,295.4,3000.0
1753547104883,16:25:04.883,AAVE/USDT:USDT,295.08,115000.0,294.93,731000.0,295.11,7000.0,295.39,3000.0
1753547104932,16:25:04.932,AAVE/USDT:USDT,295.08,115000.0,294.93,731000.0,295.11,7000.0,295.39,3000.0
1753547105213,16:25:05.213,AAVE/USDT:USDT,295.08,115000.0,294.93,731000.0,295.09,7000.0,295.11,7000.0
1753547105263,16:25:05.263,AAVE/USDT:USDT,295.08,115000.0,294.93,731000.0,295.09,7000.0,295.4,3000.0
1753547105312,16:25:05.312,AAVE/USDT:USDT,295.08,115000.0,294.93,731000.0,295.09,7000.0,295.36,3000.0
1753547105361,16:25:05.361,AAVE/USDT:USDT,295.08,115000.0,294.93,731000.0,295.09,7000.0,295.37,3000.0
1753547105411,16:25:05.411,AAVE/USDT:USDT,294.93,731000.0,294.5,3000.0,295.09,7000.0,295.37,3000.0
1753547105460,16:25:05.460,AAVE/USDT:USDT,294.93,731000.0,294.5,3000.0,295.02,7000.0,295.03,7000.0
1753547105509,16:25:05.509,AAVE/USDT:USDT,294.93,731000.0,294.5,3000.0,294.99,7000.0,295.34,3000.0
1753547105558,16:25:05.558,AAVE/USDT:USDT,294.98,115000.0,294.93,731000.0,294.99,7000.0,295.34,3000.0
1753547105684,16:25:05.684,AAVE/USDT:USDT,294.98,115000.0,294.93,731000.0,294.99,7000.0,295.34,3000.0
1753547105733,16:25:05.733,AAVE/USDT:USDT,294.98,115000.0,294.93,731000.0,294.99,7000.0,295.34,3000.0
1753547105782,16:25:05.782,AAVE/USDT:USDT,294.98,115000.0,294.93,731000.0,294.99,7000.0,295.31,3000.0
1753547105831,16:25:05.831,AAVE/USDT:USDT,294.98,115000.0,294.93,731000.0,294.99,7000.0,295.31,3000.0
1753547106222,16:25:06.222,AAVE/USDT:USDT,294.98,115000.0,294.5,3000.0,294.99,7000.0,295.31,3000.0
1753547106271,16:25:06.271,AAVE/USDT:USDT,294.98,115000.0,294.76,731000.0,294.99,7000.0,295.28,3000.0
1753547106320,16:25:06.320,AAVE/USDT:USDT,294.98,115000.0,294.76,731000.0,294.99,7000.0,295.28,3000.0
1753547106370,16:25:06.370,AAVE/USDT:USDT,294.76,731000.0,294.5,3000.0,295.51,3000.0,295.52,731000.0
1753547106370,16:25:06.370,AAVE/USDT:USDT,294.76,731000.0,294.5,3000.0,294.95,7000.0,294.96,7000.0
1753547106419,16:25:06.419,AAVE/USDT:USDT,294.47,1625000.0,294.3,3000.0,294.92,7000.0,295.25,3000.0
1753547106469,16:25:06.469,AAVE/USDT:USDT,294.47,1625000.0,294.3,3000.0,294.92,7000.0,295.24,3000.0
1753547106518,16:25:06.518,AAVE/USDT:USDT,294.9,115000.0,294.69,731000.0,294.92,7000.0,295.24,3000.0
1753547106894,16:25:06.894,AAVE/USDT:USDT,294.9,115000.0,294.69,731000.0,294.92,7000.0,295.24,3000.0
1753547106944,16:25:06.944,AAVE/USDT:USDT,294.9,115000.0,294.69,731000.0,294.92,7000.0,295.24,3000.0
1753547106993,16:25:06.993,AAVE/USDT:USDT,294.9,115000.0,294.69,731000.0,294.92,7000.0,295.24,3000.0
1753547107132,16:25:07.132,AAVE/USDT:USDT,294.9,115000.0,294.69,731000.0,294.92,7000.0,295.23,3000.0
1753547107261,16:25:07.261,AAVE/USDT:USDT,294.9,115000.0,294.69,731000.0,294.92,7000.0,295.24,3000.0
1753547107496,16:25:07.496,AAVE/USDT:USDT,294.9,115000.0,294.69,731000.0,294.92,7000.0,295.23,3000.0
1753547107631,16:25:07.631,AAVE/USDT:USDT,294.9,115000.0,294.69,731000.0,294.92,7000.0,295.24,3000.0
1753547107681,16:25:07.681,AAVE/USDT:USDT,294.9,115000.0,294.69,731000.0,294.92,7000.0,295.23,3000.0
1753547107730,16:25:07.730,AAVE/USDT:USDT,294.9,115000.0,294.69,731000.0,294.92,7000.0,295.24,3000.0
1753547107873,16:25:07.873,AAVE/USDT:USDT,294.9,115000.0,294.69,731000.0,295.24,3000.0,295.25,3000.0
1753547107922,16:25:07.922,AAVE/USDT:USDT,294.9,115000.0,294.69,731000.0,295.24,3000.0,295.25,3000.0
1753547107971,16:25:07.971,AAVE/USDT:USDT,294.9,115000.0,294.69,731000.0,295.24,3000.0,295.38,3000.0
1753547107971,16:25:07.971,AAVE/USDT:USDT,294.9,115000.0,294.69,731000.0,295.15,7000.0,295.16,7000.0
1753547108020,16:25:08.020,AAVE/USDT:USDT,294.9,115000.0,294.69,731000.0,295.05,7000.0,295.06,7000.0
1753547108069,16:25:08.069,AAVE/USDT:USDT,294.9,115000.0,294.69,731000.0,294.94,7000.0,295.23,3000.0
1753547108118,16:25:08.118,AAVE/USDT:USDT,294.9,115000.0,294.69,731000.0,294.94,7000.0,295.23,3000.0
1753547108394,16:25:08.394,AAVE/USDT:USDT,294.9,115000.0,294.69,731000.0,294.94,7000.0,295.23,3000.0
1753547108444,16:25:08.444,AAVE/USDT:USDT,294.9,115000.0,294.69,731000.0,294.94,7000.0,295.23,3000.0
1753547108508,16:25:08.508,AAVE/USDT:USDT,294.9,115000.0,294.69,731000.0,294.94,7000.0,295.24,3000.0
1753547109089,16:25:09.089,AAVE/USDT:USDT,294.9,115000.0,294.69,731000.0,294.94,7000.0,295.24,3000.0
1753547109138,16:25:09.138,AAVE/USDT:USDT,294.9,115000.0,294.69,731000.0,294.94,7000.0,295.24,3000.0
1753547110363,16:25:10.363,AAVE/USDT:USDT,294.9,115000.0,294.69,731000.0,294.94,7000.0,295.23,3000.0
1753547110413,16:25:10.413,AAVE/USDT:USDT,294.9,115000.0,294.69,731000.0,294.94,7000.0,295.23,3000.0
1753547110462,16:25:10.462,AAVE/USDT:USDT,294.9,115000.0,294.69,731000.0,294.94,7000.0,295.23,3000.0
1753547110551,16:25:10.551,AAVE/USDT:USDT,294.9,115000.0,294.69,731000.0,294.94,7000.0,295.22,3000.0
1753547111129,16:25:11.129,AAVE/USDT:USDT,294.9,115000.0,294.69,731000.0,294.94,7000.0,295.22,3000.0
1753547111178,16:25:11.178,AAVE/USDT:USDT,294.9,115000.0,294.69,731000.0,294.94,7000.0,295.22,3000.0
1753547111433,16:25:11.433,AAVE/USDT:USDT,294.9,115000.0,294.69,731000.0,294.94,7000.0,295.22,3000.0
1753547111482,16:25:11.482,AAVE/USDT:USDT,294.9,115000.0,294.69,731000.0,294.94,7000.0,295.22,3000.0
1753547111531,16:25:11.531,AAVE/USDT:USDT,294.9,115000.0,294.69,731000.0,294.94,7000.0,295.22,3000.0
1753547112666,16:25:12.666,AAVE/USDT:USDT,294.9,115000.0,294.69,731000.0,294.94,7000.0,295.22,3000.0
1753547112743,16:25:12.743,AAVE/USDT:USDT,294.9,115000.0,294.69,731000.0,294.94,7000.0,295.22,3000.0
1753547112888,16:25:12.888,AAVE/USDT:USDT,294.9,115000.0,294.69,731000.0,294.93,7000.0,294.94,7000.0
1753547112938,16:25:12.938,AAVE/USDT:USDT,294.9,115000.0,294.69,731000.0,294.91,7000.0,295.22,3000.0
1753547112987,16:25:12.987,AAVE/USDT:USDT,294.9,115000.0,294.69,731000.0,294.91,7000.0,295.19,3000.0
1753547113037,16:25:13.037,AAVE/USDT:USDT,294.9,115000.0,294.69,731000.0,294.91,7000.0,295.2,3000.0
1753547113123,16:25:13.123,AAVE/USDT:USDT,294.9,115000.0,294.69,731000.0,294.91,7000.0,295.19,3000.0
1753547113201,16:25:13.201,AAVE/USDT:USDT,294.9,115000.0,294.69,731000.0,294.91,7000.0,295.2,3000.0
1753547113251,16:25:13.251,AAVE/USDT:USDT,294.9,115000.0,294.69,731000.0,294.91,7000.0,295.19,3000.0
1753547113900,16:25:13.900,AAVE/USDT:USDT,294.9,115000.0,294.69,731000.0,294.91,7000.0,295.19,3000.0
1753547113949,16:25:13.949,AAVE/USDT:USDT,294.9,115000.0,294.69,731000.0,294.91,7000.0,295.19,3000.0
1753547113998,16:25:13.998,AAVE/USDT:USDT,294.9,115000.0,294.69,731000.0,294.91,7000.0,295.17,3000.0
1753547114047,16:25:14.047,AAVE/USDT:USDT,294.69,731000.0,294.47,1625000.0,294.87,7000.0,295.15,3000.0
1753547114096,16:25:14.096,AAVE/USDT:USDT,294.69,731000.0,294.47,1625000.0,294.87,7000.0,295.16,3000.0
1753547114146,16:25:14.146,AAVE/USDT:USDT,294.69,731000.0,294.47,1625000.0,294.87,7000.0,295.16,3000.0
1753547114215,16:25:14.215,AAVE/USDT:USDT,294.86,115000.0,294.69,731000.0,294.87,7000.0,295.16,3000.0
1753547114674,16:25:14.674,AAVE/USDT:USDT,294.86,115000.0,294.69,731000.0,294.87,7000.0,295.15,3000.0
1753547114724,16:25:14.724,AAVE/USDT:USDT,294.86,115000.0,294.69,731000.0,294.87,7000.0,295.14,3000.0
1753547114773,16:25:14.773,AAVE/USDT:USDT,294.86,115000.0,294.69,731000.0,294.87,7000.0,295.13,3000.0
1753547114984,16:25:14.984,AAVE/USDT:USDT,294.86,115000.0,294.69,731000.0,294.87,7000.0,295.13,3000.0
1753547115034,16:25:15.034,AAVE/USDT:USDT,294.86,115000.0,294.69,731000.0,295.13,3000.0,295.14,3000.0
1753547115083,16:25:15.083,AAVE/USDT:USDT,294.86,115000.0,294.69,731000.0,295.13,3000.0,295.14,3000.0
1753547115132,16:25:15.132,AAVE/USDT:USDT,294.86,115000.0,294.69,731000.0,295.15,3000.0,295.16,3000.0
1753547115181,16:25:15.181,AAVE/USDT:USDT,294.86,115000.0,294.69,731000.0,295.05,7000.0,295.06,7000.0
1753547115230,16:25:15.230,AAVE/USDT:USDT,294.86,115000.0,294.69,731000.0,294.87,7000.0,294.98,1000.0
1753547116233,16:25:16.233,AAVE/USDT:USDT,294.86,115000.0,294.69,731000.0,294.87,7000.0,294.98,1000.0
1753547116283,16:25:16.283,AAVE/USDT:USDT,294.86,115000.0,294.69,731000.0,294.87,7000.0,294.98,1000.0
1753547116483,16:25:16.483,AAVE/USDT:USDT,294.86,115000.0,294.69,731000.0,294.87,7000.0,294.98,1000.0
1753547116533,16:25:16.533,AAVE/USDT:USDT,294.86,115000.0,294.69,731000.0,294.87,7000.0,294.98,1000.0
1753547116612,16:25:16.612,AAVE/USDT:USDT,294.86,115000.0,294.69,731000.0,294.87,7000.0,294.98,1000.0
1753547117169,16:25:17.169,AAVE/USDT:USDT,294.86,115000.0,294.69,731000.0,294.98,1000.0,295.14,3000.0
1753547117218,16:25:17.218,AAVE/USDT:USDT,294.86,115000.0,294.69,731000.0,294.98,1000.0,295.14,3000.0
1753547117380,16:25:17.380,AAVE/USDT:USDT,294.86,115000.0,294.69,731000.0,294.98,1000.0,295.14,3000.0
1753547117430,16:25:17.430,AAVE/USDT:USDT,294.86,115000.0,294.69,731000.0,294.98,1000.0,295.14,3000.0
1753547118506,16:25:18.506,AAVE/USDT:USDT,294.86,115000.0,294.69,731000.0,294.98,1000.0,295.14,3000.0
1753547118578,16:25:18.578,AAVE/USDT:USDT,294.86,115000.0,294.69,731000.0,294.98,1000.0,295.14,3000.0
1753547119418,16:25:19.418,AAVE/USDT:USDT,294.86,115000.0,294.69,731000.0,294.98,1000.0,295.14,3000.0
1753547119749,16:25:19.749,AAVE/USDT:USDT,294.86,115000.0,294.69,731000.0,294.98,1000.0,295.14,3000.0
1753547119798,16:25:19.798,AAVE/USDT:USDT,294.86,115000.0,294.69,731000.0,294.98,1000.0,295.14,3000.0
1753547120916,16:25:20.916,AAVE/USDT:USDT,294.86,115000.0,294.69,731000.0,294.98,1000.0,295.14,3000.0
1753547121033,16:25:21.033,AAVE/USDT:USDT,294.86,115000.0,294.69,731000.0,294.98,1000.0,295.14,3000.0
1753547121083,16:25:21.083,AAVE/USDT:USDT,294.86,115000.0,294.69,731000.0,294.98,1000.0,295.14,3000.0
1753547121542,16:25:21.542,AAVE/USDT:USDT,294.86,115000.0,294.69,731000.0,294.97,7000.0,294.98,1000.0
1753547121591,16:25:21.591,AAVE/USDT:USDT,294.86,115000.0,294.69,731000.0,294.88,7000.0,295.14,3000.0
1753547122205,16:25:22.205,AAVE/USDT:USDT,294.86,115000.0,294.69,731000.0,294.88,7000.0,295.14,3000.0
1753547122293,16:25:22.293,AAVE/USDT:USDT,294.86,115000.0,294.69,731000.0,294.88,7000.0,295.14,3000.0
1753547122342,16:25:22.342,AAVE/USDT:USDT,294.86,115000.0,294.69,731000.0,294.88,7000.0,295.14,3000.0
1753547124063,16:25:24.063,AAVE/USDT:USDT,294.86,115000.0,294.69,731000.0,294.88,7000.0,295.14,3000.0
1753547124063,16:25:24.063,AAVE/USDT:USDT,294.86,115000.0,294.69,731000.0,294.88,7000.0,295.14,3000.0
1753547124112,16:25:24.112,AAVE/USDT:USDT,294.86,115000.0,294.69,731000.0,294.88,7000.0,295.14,3000.0
1753547124486,16:25:24.486,AAVE/USDT:USDT,294.86,115000.0,294.69,731000.0,294.88,7000.0,295.13,3000.0
1753547124627,16:25:24.627,AAVE/USDT:USDT,294.86,115000.0,294.69,731000.0,294.88,7000.0,295.13,3000.0
1753547124717,16:25:24.717,AAVE/USDT:USDT,294.86,115000.0,294.69,731000.0,294.88,7000.0,295.14,3000.0
1753547124974,16:25:24.974,AAVE/USDT:USDT,294.86,115000.0,294.69,731000.0,294.88,7000.0,295.14,3000.0
1753547125034,16:25:25.034,AAVE/USDT:USDT,294.86,115000.0,294.69,731000.0,294.88,7000.0,295.14,3000.0
1753547125834,16:25:25.834,AAVE/USDT:USDT,294.86,115000.0,294.69,731000.0,294.88,7000.0,295.14,3000.0
1753547125883,16:25:25.883,AAVE/USDT:USDT,294.86,115000.0,294.69,731000.0,294.88,7000.0,295.14,3000.0
1753547126225,16:25:26.225,AAVE/USDT:USDT,294.86,115000.0,294.69,731000.0,294.88,7000.0,295.14,3000.0
1753547126334,16:25:26.334,AAVE/USDT:USDT,294.86,115000.0,294.69,731000.0,294.88,7000.0,295.14,3000.0
1753547126519,16:25:26.519,AAVE/USDT:USDT,294.86,115000.0,294.69,731000.0,295.14,3000.0,295.15,3000.0
1753547126568,16:25:26.568,AAVE/USDT:USDT,294.86,115000.0,294.69,731000.0,295.14,3000.0,295.15,3000.0
1753547126799,16:25:26.799,AAVE/USDT:USDT,294.86,115000.0,294.69,731000.0,295.15,3000.0,295.16,3000.0
1753547126848,16:25:26.848,AAVE/USDT:USDT,294.86,115000.0,294.69,731000.0,295.06,7000.0,295.07,7000.0
1753547126897,16:25:26.897,AAVE/USDT:USDT,294.86,115000.0,294.69,731000.0,294.96,7000.0,294.97,7000.0
1753547126946,16:25:26.946,AAVE/USDT:USDT,294.86,115000.0,294.69,731000.0,294.95,7000.0,295.16,3000.0
1753547127354,16:25:27.354,AAVE/USDT:USDT,294.86,115000.0,294.69,731000.0,294.95,7000.0,295.16,3000.0
1753547127404,16:25:27.404,AAVE/USDT:USDT,294.86,115000.0,294.69,731000.0,294.95,7000.0,295.16,3000.0
1753547127454,16:25:27.454,AAVE/USDT:USDT,294.86,115000.0,294.69,731000.0,294.95,7000.0,295.17,3000.0
1753547128066,16:25:28.066,AAVE/USDT:USDT,294.86,115000.0,294.69,731000.0,295.17,3000.0,295.18,3000.0
1753547128121,16:25:28.121,AAVE/USDT:USDT,294.86,115000.0,294.69,731000.0,295.17,3000.0,295.18,3000.0
1753547128173,16:25:28.173,AAVE/USDT:USDT,294.86,115000.0,294.69,731000.0,295.24,3000.0,295.25,3000.0
1753547128235,16:25:28.235,AAVE/USDT:USDT,294.86,115000.0,294.69,731000.0,295.25,3000.0,295.26,3000.0
1753547128431,16:25:28.431,AAVE/USDT:USDT,294.97,115000.0,294.69,731000.0,295.18,7000.0,295.24,3000.0
1753547128480,16:25:28.480,AAVE/USDT:USDT,294.97,115000.0,294.69,731000.0,295.18,7000.0,295.26,3000.0
1753547128529,16:25:28.529,AAVE/USDT:USDT,294.97,115000.0,294.69,731000.0,295.18,7000.0,295.25,3000.0
1753547128578,16:25:28.578,AAVE/USDT:USDT,294.97,115000.0,294.69,731000.0,295.18,7000.0,295.26,3000.0
1753547128627,16:25:28.627,AAVE/USDT:USDT,294.97,115000.0,294.69,731000.0,295.18,7000.0,295.26,3000.0
1753547128676,16:25:28.676,AAVE/USDT:USDT,294.97,115000.0,294.69,731000.0,295.18,7000.0,295.25,3000.0
1753547129280,16:25:29.280,AAVE/USDT:USDT,294.97,115000.0,294.69,731000.0,295.18,7000.0,295.25,3000.0
1753547129329,16:25:29.329,AAVE/USDT:USDT,294.97,115000.0,294.69,731000.0,295.18,7000.0,295.25,3000.0
1753547129460,16:25:29.460,AAVE/USDT:USDT,294.97,115000.0,294.69,731000.0,295.17,7000.0,295.18,7000.0
1753547129509,16:25:29.509,AAVE/USDT:USDT,294.97,115000.0,294.69,731000.0,294.98,7000.0,295.17,1000.0
1753547129574,16:25:29.574,AAVE/USDT:USDT,294.97,115000.0,294.69,731000.0,294.98,7000.0,295.17,1000.0
1753547129623,16:25:29.623,AAVE/USDT:USDT,294.97,115000.0,294.69,731000.0,294.98,7000.0,295.17,1000.0
1753547129725,16:25:29.725,AAVE/USDT:USDT,294.97,115000.0,294.69,731000.0,294.98,7000.0,295.17,1000.0
1753547129814,16:25:29.814,AAVE/USDT:USDT,294.97,115000.0,294.69,731000.0,294.98,7000.0,295.17,1000.0
1753547129913,16:25:29.913,AAVE/USDT:USDT,294.92,115000.0,294.69,731000.0,294.93,7000.0,295.17,1000.0
1753547130054,16:25:30.054,AAVE/USDT:USDT,294.92,115000.0,294.69,731000.0,294.93,7000.0,295.17,1000.0
1753547130104,16:25:30.104,AAVE/USDT:USDT,294.92,115000.0,294.69,731000.0,294.93,7000.0,295.17,1000.0
1753547130286,16:25:30.286,AAVE/USDT:USDT,294.92,115000.0,294.69,731000.0,294.93,7000.0,295.17,1000.0
1753547130335,16:25:30.335,AAVE/USDT:USDT,294.92,115000.0,294.69,731000.0,294.93,7000.0,295.17,1000.0
1753547130335,16:25:30.335,AAVE/USDT:USDT,294.92,115000.0,294.69,731000.0,294.93,7000.0,295.17,1000.0
1753547130384,16:25:30.384,AAVE/USDT:USDT,294.92,115000.0,294.69,731000.0,294.93,7000.0,295.17,1000.0
1753547130459,16:25:30.459,AAVE/USDT:USDT,294.92,115000.0,294.69,731000.0,294.93,7000.0,295.17,1000.0
1753547130509,16:25:30.509,AAVE/USDT:USDT,294.92,115000.0,294.69,731000.0,294.93,7000.0,295.17,1000.0
1753547130633,16:25:30.633,AAVE/USDT:USDT,294.92,115000.0,294.69,731000.0,294.93,7000.0,295.17,1000.0
1753547130683,16:25:30.683,AAVE/USDT:USDT,294.92,115000.0,294.69,731000.0,294.93,7000.0,295.17,1000.0
1753547131368,16:25:31.368,AAVE/USDT:USDT,294.92,115000.0,294.69,731000.0,294.93,7000.0,295.17,1000.0
1753547131417,16:25:31.417,AAVE/USDT:USDT,294.92,115000.0,294.69,731000.0,294.93,7000.0,295.17,1000.0
1753547131466,16:25:31.466,AAVE/USDT:USDT,294.92,115000.0,294.69,731000.0,294.93,7000.0,295.17,1000.0
1753547132303,16:25:32.303,AAVE/USDT:USDT,294.92,115000.0,294.69,731000.0,294.93,7000.0,295.17,1000.0
1753547132352,16:25:32.352,AAVE/USDT:USDT,294.92,115000.0,294.69,731000.0,294.93,7000.0,295.17,1000.0
1753547133387,16:25:33.387,AAVE/USDT:USDT,294.92,115000.0,294.69,731000.0,294.93,7000.0,295.17,1000.0
1753547133554,16:25:33.554,AAVE/USDT:USDT,294.92,115000.0,294.69,731000.0,294.93,7000.0,295.17,1000.0
1753547133603,16:25:33.603,AAVE/USDT:USDT,294.92,115000.0,294.69,731000.0,294.93,7000.0,295.17,1000.0
1753547133652,16:25:33.652,AAVE/USDT:USDT,294.92,115000.0,294.69,731000.0,294.93,7000.0,295.17,1000.0
1753547134130,16:25:34.130,AAVE/USDT:USDT,294.92,115000.0,294.69,731000.0,294.93,7000.0,295.17,1000.0
1753547134180,16:25:34.180,AAVE/USDT:USDT,294.92,115000.0,294.69,731000.0,294.93,7000.0,295.17,1000.0
1753547134713,16:25:34.713,AAVE/USDT:USDT,294.92,115000.0,294.69,731000.0,294.93,7000.0,295.17,1000.0
1753547134762,16:25:34.762,AAVE/USDT:USDT,294.92,115000.0,294.69,731000.0,294.93,7000.0,295.17,1000.0
1753547134811,16:25:34.811,AAVE/USDT:USDT,294.92,115000.0,294.69,731000.0,294.93,7000.0,295.17,1000.0
1753547135143,16:25:35.143,AAVE/USDT:USDT,294.92,115000.0,294.69,731000.0,294.93,7000.0,295.17,1000.0
1753547135434,16:25:35.434,AAVE/USDT:USDT,294.92,115000.0,294.69,731000.0,294.93,7000.0,295.17,1000.0
1753547135483,16:25:35.483,AAVE/USDT:USDT,294.92,115000.0,294.69,731000.0,294.93,7000.0,295.17,1000.0
1753547135918,16:25:35.918,AAVE/USDT:USDT,294.92,115000.0,294.69,731000.0,294.93,7000.0,295.17,1000.0
1753547135976,16:25:35.976,AAVE/USDT:USDT,294.92,115000.0,294.69,731000.0,294.93,7000.0,295.17,1000.0
1753547136037,16:25:36.037,AAVE/USDT:USDT,294.92,115000.0,294.69,731000.0,294.93,7000.0,295.15,3000.0
1753547136087,16:25:36.087,AAVE/USDT:USDT,294.92,115000.0,294.69,731000.0,294.93,7000.0,295.16,3000.0
1753547136233,16:25:36.233,AAVE/USDT:USDT,294.69,731000.0,294.24,3000.0,294.93,7000.0,295.16,3000.0
1753547136282,16:25:36.282,AAVE/USDT:USDT,294.69,731000.0,294.24,3000.0,294.85,7000.0,294.86,7000.0
1753547136331,16:25:36.331,AAVE/USDT:USDT,294.84,115000.0,294.69,731000.0,294.85,7000.0,295.16,3000.0
1753547136932,16:25:36.932,AAVE/USDT:USDT,294.84,115000.0,294.69,731000.0,294.85,7000.0,295.15,3000.0
1753547136982,16:25:36.982,AAVE/USDT:USDT,294.84,115000.0,294.69,731000.0,294.85,7000.0,295.16,3000.0
1753547137049,16:25:37.049,AAVE/USDT:USDT,294.84,115000.0,294.69,731000.0,294.85,7000.0,295.15,3000.0
1753547137157,16:25:37.157,AAVE/USDT:USDT,294.84,115000.0,294.69,731000.0,294.85,7000.0,295.15,3000.0
1753547137207,16:25:37.207,AAVE/USDT:USDT,294.84,115000.0,294.69,731000.0,294.85,7000.0,295.15,3000.0
1753547138139,16:25:38.139,AAVE/USDT:USDT,294.84,115000.0,294.69,731000.0,295.15,3000.0,295.16,3000.0
1753547138188,16:25:38.188,AAVE/USDT:USDT,294.84,115000.0,294.69,731000.0,295.15,3000.0,295.16,3000.0
1753547138393,16:25:38.393,AAVE/USDT:USDT,294.84,115000.0,294.69,731000.0,294.97,7000.0,294.98,7000.0
1753547138442,16:25:38.442,AAVE/USDT:USDT,294.84,115000.0,294.69,731000.0,294.89,7000.0,295.16,3000.0
1753547138742,16:25:38.742,AAVE/USDT:USDT,294.84,115000.0,294.69,731000.0,294.89,7000.0,295.15,3000.0
1753547138791,16:25:38.791,AAVE/USDT:USDT,294.84,115000.0,294.69,731000.0,294.89,7000.0,295.16,3000.0
1753547139090,16:25:39.090,AAVE/USDT:USDT,294.84,115000.0,294.69,731000.0,294.89,7000.0,295.16,3000.0
1753547140131,16:25:40.131,AAVE/USDT:USDT,294.84,115000.0,294.69,731000.0,294.85,7000.0,295.12,3000.0
1753547140180,16:25:40.180,AAVE/USDT:USDT,294.84,115000.0,294.69,731000.0,294.85,7000.0,295.11,3000.0
1753547140235,16:25:40.235,AAVE/USDT:USDT,294.84,115000.0,294.69,731000.0,294.85,7000.0,295.11,3000.0
1753547140284,16:25:40.284,AAVE/USDT:USDT,294.84,115000.0,294.69,731000.0,294.85,7000.0,295.09,3000.0
1753547140423,16:25:40.423,AAVE/USDT:USDT,294.84,115000.0,294.69,731000.0,294.85,7000.0,295.1,3000.0
1753547140472,16:25:40.472,AAVE/USDT:USDT,294.84,115000.0,294.69,731000.0,294.85,7000.0,295.09,3000.0
1753547140585,16:25:40.585,AAVE/USDT:USDT,294.84,115000.0,294.69,731000.0,294.85,7000.0,295.09,3000.0
1753547140634,16:25:40.634,AAVE/USDT:USDT,294.84,115000.0,294.69,731000.0,294.85,7000.0,295.1,3000.0
1753547140732,16:25:40.732,AAVE/USDT:USDT,294.84,115000.0,294.69,731000.0,294.85,7000.0,295.09,3000.0
1753547140820,16:25:40.820,AAVE/USDT:USDT,294.84,115000.0,294.69,731000.0,294.85,7000.0,295.1,3000.0
1753547140870,16:25:40.870,AAVE/USDT:USDT,294.84,115000.0,294.69,731000.0,294.85,7000.0,295.09,3000.0
1753547140919,16:25:40.919,AAVE/USDT:USDT,294.84,115000.0,294.69,731000.0,294.85,7000.0,295.1,3000.0
1753547140968,16:25:40.968,AAVE/USDT:USDT,294.84,115000.0,294.69,731000.0,294.85,7000.0,295.09,3000.0
1753547141081,16:25:41.081,AAVE/USDT:USDT,294.84,115000.0,294.69,731000.0,294.85,7000.0,295.09,3000.0
1753547141130,16:25:41.130,AAVE/USDT:USDT,294.84,115000.0,294.69,731000.0,294.85,7000.0,295.1,3000.0
1753547141179,16:25:41.179,AAVE/USDT:USDT,294.84,115000.0,294.69,731000.0,294.85,7000.0,295.09,3000.0
1753547141228,16:25:41.228,AAVE/USDT:USDT,294.84,115000.0,294.69,731000.0,294.85,7000.0,295.09,3000.0
1753547141650,16:25:41.650,AAVE/USDT:USDT,294.84,115000.0,294.69,731000.0,294.85,7000.0,295.08,3000.0
1753547141740,16:25:41.740,AAVE/USDT:USDT,294.84,115000.0,294.69,731000.0,294.85,7000.0,295.08,3000.0
1753547141813,16:25:41.813,AAVE/USDT:USDT,294.84,115000.0,294.69,731000.0,294.85,7000.0,295.08,3000.0
1753547141911,16:25:41.911,AAVE/USDT:USDT,294.79,115000.0,294.69,731000.0,294.8,7000.0,295.08,3000.0
1753547141960,16:25:41.960,AAVE/USDT:USDT,294.79,115000.0,294.69,731000.0,294.8,7000.0,295.08,3000.0
1753547142968,16:25:42.968,AAVE/USDT:USDT,294.79,115000.0,294.69,731000.0,294.8,7000.0,295.08,3000.0
1753547143018,16:25:43.018,AAVE/USDT:USDT,294.79,115000.0,294.69,731000.0,294.8,7000.0,295.08,3000.0
1753547144029,16:25:44.029,AAVE/USDT:USDT,294.79,115000.0,294.69,731000.0,294.8,7000.0,295.08,3000.0
1753547144079,16:25:44.079,AAVE/USDT:USDT,294.79,115000.0,294.69,731000.0,294.8,7000.0,295.08,3000.0
1753547144512,16:25:44.512,AAVE/USDT:USDT,294.79,115000.0,294.69,731000.0,294.8,7000.0,295.08,3000.0
1753547145034,16:25:45.034,AAVE/USDT:USDT,294.79,115000.0,294.69,731000.0,294.8,7000.0,295.08,3000.0
1753547145084,16:25:45.084,AAVE/USDT:USDT,294.79,115000.0,294.69,731000.0,294.8,7000.0,295.08,3000.0
1753547145205,16:25:45.205,AAVE/USDT:USDT,294.79,115000.0,294.69,731000.0,294.8,7000.0,295.08,3000.0
1753547145285,16:25:45.285,AAVE/USDT:USDT,294.79,115000.0,294.69,731000.0,294.8,7000.0,295.08,3000.0
1753547146344,16:25:46.344,AAVE/USDT:USDT,294.79,115000.0,294.69,731000.0,294.8,7000.0,295.09,3000.0
1753547146393,16:25:46.393,AAVE/USDT:USDT,294.79,115000.0,294.69,731000.0,294.8,7000.0,295.08,3000.0
1753547146442,16:25:46.442,AAVE/USDT:USDT,294.79,115000.0,294.69,731000.0,294.8,7000.0,295.08,3000.0
1753547146774,16:25:46.774,AAVE/USDT:USDT,294.79,115000.0,294.69,731000.0,294.8,7000.0,295.09,3000.0
1753547147251,16:25:47.251,AAVE/USDT:USDT,294.79,115000.0,294.24,3000.0,294.8,7000.0,295.09,3000.0
1753547147301,16:25:47.301,AAVE/USDT:USDT,294.79,115000.0,294.53,732000.0,294.8,7000.0,295.05,3000.0
1753547147502,16:25:47.502,AAVE/USDT:USDT,294.79,115000.0,294.53,732000.0,295.05,3000.0,295.06,3000.0
1753547147602,16:25:47.602,AAVE/USDT:USDT,294.79,115000.0,294.53,732000.0,294.93,7000.0,294.94,7000.0
1753547147651,16:25:47.651,AAVE/USDT:USDT,294.79,115000.0,294.53,732000.0,294.86,7000.0,294.87,7000.0
1753547147700,16:25:47.700,AAVE/USDT:USDT,294.79,115000.0,294.53,732000.0,294.84,7000.0,295.06,3000.0
1753547147904,16:25:47.904,AAVE/USDT:USDT,294.79,115000.0,294.53,732000.0,294.84,7000.0,295.06,3000.0
1753547147954,16:25:47.954,AAVE/USDT:USDT,294.79,115000.0,294.53,732000.0,294.84,7000.0,295.06,3000.0
1753547148003,16:25:48.003,AAVE/USDT:USDT,294.79,115000.0,294.53,732000.0,294.84,7000.0,295.06,3000.0
1753547148153,16:25:48.153,AAVE/USDT:USDT,294.79,115000.0,294.53,732000.0,294.84,7000.0,295.05,3000.0
1753547148202,16:25:48.202,AAVE/USDT:USDT,294.79,115000.0,294.53,732000.0,294.84,7000.0,295.05,3000.0
1753547148305,16:25:48.305,AAVE/USDT:USDT,294.79,115000.0,294.53,732000.0,294.84,7000.0,295.06,3000.0
1753547148354,16:25:48.354,AAVE/USDT:USDT,294.79,115000.0,294.53,732000.0,294.84,7000.0,295.05,3000.0
1753547148504,16:25:48.504,AAVE/USDT:USDT,294.79,115000.0,294.53,732000.0,294.83,7000.0,294.84,7000.0
1753547148554,16:25:48.554,AAVE/USDT:USDT,294.79,115000.0,294.53,732000.0,294.8,7000.0,295.06,3000.0
1753547148603,16:25:48.603,AAVE/USDT:USDT,294.53,732000.0,294.24,3000.0,294.72,7000.0,294.73,7000.0
1753547148652,16:25:48.652,AAVE/USDT:USDT,294.53,732000.0,294.24,3000.0,294.99,7000.0,295.0,7000.0
1753547148701,16:25:48.701,AAVE/USDT:USDT,294.53,732000.0,294.24,3000.0,294.88,7000.0,294.89,7000.0
1753547148750,16:25:48.750,AAVE/USDT:USDT,294.69,115000.0,294.53,732000.0,294.79,7000.0,294.8,7000.0
1753547148799,16:25:48.799,AAVE/USDT:USDT,294.69,115000.0,294.53,732000.0,294.75,7000.0,295.06,3000.0
1753547148897,16:25:48.897,AAVE/USDT:USDT,294.69,115000.0,294.53,732000.0,295.03,7000.0,295.07,3000.0
1753547148946,16:25:48.946,AAVE/USDT:USDT,294.69,115000.0,294.53,732000.0,295.03,7000.0,295.06,3000.0
1753547149005,16:25:49.005,AAVE/USDT:USDT,294.69,115000.0,294.53,732000.0,295.03,7000.0,295.05,3000.0
1753547149684,16:25:49.684,AAVE/USDT:USDT,294.69,115000.0,294.53,732000.0,295.02,7000.0,295.03,7000.0
1753547149734,16:25:49.734,AAVE/USDT:USDT,294.69,115000.0,294.53,732000.0,294.92,7000.0,294.93,7000.0
1753547149783,16:25:49.783,AAVE/USDT:USDT,294.69,115000.0,294.53,732000.0,294.83,7000.0,295.05,3000.0
1753547149832,16:25:49.832,AAVE/USDT:USDT,294.69,115000.0,294.53,732000.0,294.72,7000.0,294.73,7000.0
1753547149881,16:25:49.881,AAVE/USDT:USDT,294.69,115000.0,294.53,732000.0,294.72,7000.0,295.05,3000.0
1753547150014,16:25:50.014,AAVE/USDT:USDT,294.69,115000.0,294.53,732000.0,294.72,7000.0,295.05,3000.0
1753547150063,16:25:50.063,AAVE/USDT:USDT,294.69,115000.0,294.53,732000.0,294.72,7000.0,295.05,3000.0
1753547150112,16:25:50.112,AAVE/USDT:USDT,294.69,115000.0,294.53,732000.0,294.72,7000.0,295.05,3000.0
1753547150916,16:25:50.916,AAVE/USDT:USDT,294.69,115000.0,294.53,732000.0,295.05,3000.0,295.06,3000.0
1753547150965,16:25:50.965,AAVE/USDT:USDT,294.69,115000.0,294.53,732000.0,295.05,3000.0,295.06,3000.0
1753547151034,16:25:51.034,AAVE/USDT:USDT,294.69,115000.0,294.53,732000.0,295.05,3000.0,295.06,3000.0
1753547151083,16:25:51.083,AAVE/USDT:USDT,294.69,115000.0,294.53,732000.0,295.05,3000.0,295.06,3000.0
1753547151132,16:25:51.132,AAVE/USDT:USDT,294.69,115000.0,294.53,732000.0,295.05,3000.0,295.06,3000.0
1753547151832,16:25:51.832,AAVE/USDT:USDT,294.69,115000.0,294.53,732000.0,295.04,3000.0,295.06,3000.0
1753547151882,16:25:51.882,AAVE/USDT:USDT,294.69,115000.0,294.53,732000.0,294.95,7000.0,294.96,7000.0
1753547151932,16:25:51.932,AAVE/USDT:USDT,294.69,115000.0,294.53,732000.0,294.86,7000.0,294.87,7000.0
1753547151982,16:25:51.982,AAVE/USDT:USDT,294.69,115000.0,294.53,732000.0,294.75,7000.0,294.76,7000.0
1753547152031,16:25:52.031,AAVE/USDT:USDT,294.69,115000.0,294.53,732000.0,294.75,7000.0,295.04,3000.0
1753547152090,16:25:52.090,AAVE/USDT:USDT,294.69,115000.0,294.53,732000.0,294.75,7000.0,295.03,3000.0
1753547152140,16:25:52.140,AAVE/USDT:USDT,294.69,115000.0,294.53,732000.0,295.03,3000.0,295.04,3000.0
1753547152189,16:25:52.189,AAVE/USDT:USDT,294.69,115000.0,294.53,732000.0,295.04,3000.0,295.05,3000.0
1753547152238,16:25:52.238,AAVE/USDT:USDT,294.69,115000.0,294.53,732000.0,294.96,7000.0,295.05,3000.0
1753547152287,16:25:52.287,AAVE/USDT:USDT,294.69,115000.0,294.53,732000.0,294.7,7000.0,294.89,1000.0
1753547152336,16:25:52.336,AAVE/USDT:USDT,294.69,115000.0,294.53,732000.0,294.89,1000.0,295.03,3000.0
1753547152385,16:25:52.385,AAVE/USDT:USDT,294.69,115000.0,294.53,732000.0,294.89,1000.0,295.03,3000.0
1753547152434,16:25:52.434,AAVE/USDT:USDT,294.69,115000.0,294.53,732000.0,294.89,1000.0,295.02,3000.0
1753547152708,16:25:52.708,AAVE/USDT:USDT,294.69,115000.0,294.53,732000.0,294.89,1000.0,295.02,3000.0
1753547153704,16:25:53.704,AAVE/USDT:USDT,294.69,115000.0,294.53,732000.0,294.89,1000.0,295.01,3000.0
1753547153784,16:25:53.784,AAVE/USDT:USDT,294.69,115000.0,294.53,732000.0,294.89,1000.0,295.02,3000.0
1753547153833,16:25:53.833,AAVE/USDT:USDT,294.69,115000.0,294.53,732000.0,294.89,1000.0,295.01,3000.0
1753547154487,16:25:54.487,AAVE/USDT:USDT,294.69,115000.0,294.53,732000.0,294.89,1000.0,295.02,3000.0
1753547154536,16:25:54.536,AAVE/USDT:USDT,294.69,115000.0,294.53,732000.0,294.89,1000.0,295.01,3000.0
1753547154585,16:25:54.585,AAVE/USDT:USDT,294.69,115000.0,294.53,732000.0,294.89,1000.0,295.02,3000.0
1753547154634,16:25:54.634,AAVE/USDT:USDT,294.69,115000.0,294.53,732000.0,294.84,7000.0,294.85,7000.0
1753547154683,16:25:54.683,AAVE/USDT:USDT,294.69,115000.0,294.53,732000.0,294.75,7000.0,295.02,3000.0
1753547155494,16:25:55.494,AAVE/USDT:USDT,294.69,115000.0,294.53,732000.0,294.75,7000.0,295.03,3000.0
1753547155559,16:25:55.559,AAVE/USDT:USDT,294.69,115000.0,294.53,732000.0,294.75,7000.0,295.02,3000.0
1753547155609,16:25:55.609,AAVE/USDT:USDT,294.69,115000.0,294.53,732000.0,294.75,7000.0,295.03,3000.0
1753547155695,16:25:55.695,AAVE/USDT:USDT,294.69,115000.0,294.53,732000.0,294.75,7000.0,295.02,3000.0
1753547155835,16:25:55.835,AAVE/USDT:USDT,294.69,115000.0,294.53,732000.0,294.75,7000.0,295.02,3000.0
1753547155885,16:25:55.885,AAVE/USDT:USDT,294.69,115000.0,294.53,732000.0,294.75,7000.0,295.02,3000.0
1753547157023,16:25:57.023,AAVE/USDT:USDT,294.69,115000.0,294.53,732000.0,294.75,7000.0,295.02,3000.0
1753547157073,16:25:57.073,AAVE/USDT:USDT,294.69,115000.0,294.53,732000.0,294.75,7000.0,295.02,3000.0
1753547157853,16:25:57.853,AAVE/USDT:USDT,294.69,115000.0,294.53,732000.0,295.02,3000.0,295.03,3000.0
1753547157903,16:25:57.903,AAVE/USDT:USDT,294.69,115000.0,294.53,732000.0,295.02,3000.0,295.03,3000.0
1753547158025,16:25:58.025,AAVE/USDT:USDT,294.69,115000.0,294.53,732000.0,295.02,3000.0,295.03,3000.0
1753547158243,16:25:58.243,AAVE/USDT:USDT,294.69,115000.0,294.53,732000.0,295.03,3000.0,295.04,3000.0
1753547158293,16:25:58.293,AAVE/USDT:USDT,294.69,115000.0,294.53,732000.0,294.98,7000.0,294.99,7000.0
1753547158342,16:25:58.342,AAVE/USDT:USDT,294.69,115000.0,294.53,732000.0,294.87,7000.0,294.88,7000.0
1753547158391,16:25:58.391,AAVE/USDT:USDT,294.69,115000.0,294.53,732000.0,294.81,7000.0,295.03,3000.0
1753547158440,16:25:58.440,AAVE/USDT:USDT,294.69,115000.0,294.53,732000.0,294.81,7000.0,295.04,3000.0
1753547160044,16:26:00.044,AAVE/USDT:USDT,294.69,115000.0,294.53,732000.0,294.81,7000.0,295.04,3000.0
1753547160094,16:26:00.094,AAVE/USDT:USDT,294.69,115000.0,294.53,732000.0,294.81,7000.0,295.04,3000.0
1753547160292,16:26:00.292,AAVE/USDT:USDT,294.69,115000.0,294.53,732000.0,294.81,7000.0,295.03,3000.0
1753547160342,16:26:00.342,AAVE/USDT:USDT,294.69,115000.0,294.53,732000.0,295.04,3000.0,295.05,3000.0
1753547160391,16:26:00.391,AAVE/USDT:USDT,294.69,115000.0,294.53,732000.0,295.08,3000.0,295.09,3000.0
1753547160635,16:26:00.635,AAVE/USDT:USDT,294.69,115000.0,294.53,732000.0,295.08,3000.0,295.09,3000.0
1753547160684,16:26:00.684,AAVE/USDT:USDT,294.69,115000.0,294.53,732000.0,295.08,3000.0,295.09,3000.0
1753547161294,16:26:01.294,AAVE/USDT:USDT,294.69,115000.0,294.53,732000.0,295.07,3000.0,295.08,3000.0
1753547161344,16:26:01.344,AAVE/USDT:USDT,294.69,115000.0,294.53,732000.0,294.96,7000.0,294.97,7000.0
1753547161393,16:26:01.393,AAVE/USDT:USDT,294.69,115000.0,294.53,732000.0,294.86,7000.0,294.87,7000.0
1753547161442,16:26:01.442,AAVE/USDT:USDT,294.69,115000.0,294.53,732000.0,295.08,3000.0,295.09,3000.0
1753547161491,16:26:01.491,AAVE/USDT:USDT,294.69,115000.0,294.53,732000.0,295.1,3000.0,295.11,3000.0
1753547161540,16:26:01.540,AAVE/USDT:USDT,294.69,115000.0,294.53,732000.0,295.06,7000.0,295.07,7000.0
1753547161589,16:26:01.589,AAVE/USDT:USDT,294.69,115000.0,294.53,732000.0,294.97,7000.0,294.98,7000.0
1753547161687,16:26:01.687,AAVE/USDT:USDT,294.69,115000.0,294.53,732000.0,294.89,7000.0,295.11,3000.0
1753547161813,16:26:01.813,AAVE/USDT:USDT,294.69,115000.0,294.53,732000.0,294.89,7000.0,295.1,3000.0
1753547162021,16:26:02.021,AAVE/USDT:USDT,294.69,115000.0,294.53,732000.0,294.89,7000.0,295.11,3000.0
1753547162071,16:26:02.071,AAVE/USDT:USDT,294.69,115000.0,294.53,732000.0,295.14,3000.0,295.15,3000.0
1753547162120,16:26:02.120,AAVE/USDT:USDT,294.69,115000.0,294.53,732000.0,295.16,3000.0,295.17,3000.0
1753547162186,16:26:02.186,AAVE/USDT:USDT,294.69,115000.0,294.53,732000.0,295.16,3000.0,295.17,3000.0
