timestamp,time,exchange,symbol,bid1_price,bid1_volume,bid2_price,bid2_volume,ask1_price,ask1_volume,ask2_price,ask2_volume
1753591900607,04:51:40.607,okx,A/USDT:USDT,0.5756,273.0,0.5755,254.0,0.5757,1280.0,0.5758,462.0
1753591901007,04:51:41.007,okx,A/USDT:USDT,0.5756,273.0,0.5755,254.0,0.5757,1280.0,0.5758,314.0
1753591901807,04:51:41.807,okx,A/USDT:USDT,0.5756,273.0,0.5755,254.0,0.5757,1280.0,0.5758,314.0
1753591902007,04:51:42.007,okx,A/USDT:USDT,0.5756,273.0,0.5755,254.0,0.5757,1280.0,0.5758,314.0
1753591902407,04:51:42.407,okx,A/USDT:USDT,0.5756,273.0,0.5755,254.0,0.5757,1280.0,0.5758,314.0
1753591902607,04:51:42.607,okx,A/USDT:USDT,0.5756,273.0,0.5755,254.0,0.5757,1280.0,0.5758,314.0
1753591903007,04:51:43.007,okx,A/USDT:USDT,0.5756,273.0,0.5755,254.0,0.5757,1347.0,0.5758,247.0
1753591904207,04:51:44.207,okx,A/USDT:USDT,0.5756,273.0,0.5755,254.0,0.5757,1280.0,0.5758,303.0
1753591904607,04:51:44.607,okx,A/USDT:USDT,0.5756,273.0,0.5755,254.0,0.5757,1280.0,0.5758,303.0
1753591905407,04:51:45.407,okx,A/USDT:USDT,0.5756,273.0,0.5755,254.0,0.5757,1346.0,0.5758,247.0
1753591905507,04:51:45.507,okx,A/USDT:USDT,0.5756,273.0,0.5755,254.0,0.5757,1280.0,0.5758,247.0
1753591905807,04:51:45.807,okx,A/USDT:USDT,0.5756,273.0,0.5755,254.0,0.5757,1346.0,0.5758,247.0
1753591906507,04:51:46.507,okx,A/USDT:USDT,0.5756,273.0,0.5755,254.0,0.5757,1351.0,0.5758,247.0
1753591907207,04:51:47.207,okx,A/USDT:USDT,0.5756,272.0,0.5755,252.0,0.5757,1285.0,0.5758,309.0
1753591907407,04:51:47.407,okx,A/USDT:USDT,0.5756,273.0,0.5755,253.0,0.5757,1285.0,0.5758,309.0
1753591907507,04:51:47.507,okx,A/USDT:USDT,0.5756,273.0,0.5755,253.0,0.5757,1285.0,0.5758,309.0
1753591908307,04:51:48.307,okx,A/USDT:USDT,0.5756,272.0,0.5755,253.0,0.5757,1285.0,0.5758,309.0
1753591910107,04:51:50.107,okx,A/USDT:USDT,0.5756,290.0,0.5755,253.0,0.5757,1349.0,0.5758,247.0
1753591911807,04:51:51.807,okx,A/USDT:USDT,0.5756,213.0,0.5755,253.0,0.5757,1389.0,0.5758,247.0
1753591912807,04:51:52.807,okx,A/USDT:USDT,0.5756,290.0,0.5755,238.0,0.5757,1349.0,0.5758,247.0
1753591912907,04:51:52.907,okx,A/USDT:USDT,0.5756,290.0,0.5755,254.0,0.5757,1349.0,0.5758,247.0
1753591913307,04:51:53.307,okx,A/USDT:USDT,0.5756,260.0,0.5755,254.0,0.5757,1349.0,0.5758,247.0
1753591914107,04:51:54.107,okx,A/USDT:USDT,0.5756,260.0,0.5755,254.0,0.5757,1349.0,0.5758,247.0
1753591915507,04:51:55.507,okx,A/USDT:USDT,0.5756,250.0,0.5755,254.0,0.5757,1389.0,0.5758,247.0
1753591916007,04:51:56.007,okx,A/USDT:USDT,0.5756,249.0,0.5755,254.0,0.5757,1389.0,0.5758,247.0
1753591916207,04:51:56.207,okx,A/USDT:USDT,0.5756,249.0,0.5755,254.0,0.5757,1440.0,0.5758,247.0
1753591917507,04:51:57.507,okx,A/USDT:USDT,0.5756,392.0,0.5755,254.0,0.5757,1411.0,0.5758,247.0
1753591918307,04:51:58.307,okx,A/USDT:USDT,0.5756,393.0,0.5755,254.0,0.5757,1411.0,0.5758,247.0
1753591918707,04:51:58.707,okx,A/USDT:USDT,0.5756,392.0,0.5755,254.0,0.5757,1411.0,0.5758,247.0
1753591919407,04:51:59.407,okx,A/USDT:USDT,0.5756,323.0,0.5755,254.0,0.5757,1411.0,0.5758,247.0
1753591920007,04:52:00.007,okx,A/USDT:USDT,0.5756,425.0,0.5755,254.0,0.5757,1411.0,0.5758,179.0
1753591920307,04:52:00.307,okx,A/USDT:USDT,0.5756,425.0,0.5755,254.0,0.5757,1411.0,0.5758,179.0
1753591920607,04:52:00.607,okx,A/USDT:USDT,0.5756,281.0,0.5755,254.0,0.5757,1411.0,0.5758,179.0
1753591920707,04:52:00.707,okx,A/USDT:USDT,0.5756,414.0,0.5755,254.0,0.5757,1411.0,0.5758,179.0
1753591922007,04:52:02.007,okx,A/USDT:USDT,0.5758,131.0,0.5757,391.0,0.5759,2.0,0.576,487.0
1753591922207,04:52:02.207,okx,A/USDT:USDT,0.5758,231.0,0.5757,325.0,0.5759,57.0,0.576,673.0
1753591922307,04:52:02.307,okx,A/USDT:USDT,0.5758,191.0,0.5757,354.0,0.5759,59.0,0.576,673.0
1753591922407,04:52:02.407,okx,A/USDT:USDT,0.5758,191.0,0.5757,354.0,0.5759,59.0,0.576,673.0
1753591922607,04:52:02.607,okx,A/USDT:USDT,0.5758,209.0,0.5757,325.0,0.5759,59.0,0.576,702.0
1753591922707,04:52:02.707,okx,A/USDT:USDT,0.5758,221.0,0.5757,325.0,0.5759,59.0,0.576,702.0
1753591922807,04:52:02.807,okx,A/USDT:USDT,0.5758,284.0,0.5757,325.0,0.5759,4.0,0.576,673.0
1753591922907,04:52:02.907,okx,A/USDT:USDT,0.5758,250.0,0.5757,222.0,0.5759,1.0,0.576,673.0
1753591923807,04:52:03.807,okx,A/USDT:USDT,0.5758,413.0,0.5757,196.0,0.5759,1.0,0.576,554.0
1753591923907,04:52:03.907,okx,A/USDT:USDT,0.5758,413.0,0.5757,197.0,0.5759,1.0,0.576,554.0
1753591924007,04:52:04.007,okx,A/USDT:USDT,0.5758,413.0,0.5757,197.0,0.5759,1.0,0.576,554.0
1753591924407,04:52:04.407,okx,A/USDT:USDT,0.5758,413.0,0.5757,197.0,0.5759,1.0,0.576,421.0
1753591925507,04:52:05.507,okx,A/USDT:USDT,0.5758,383.0,0.5757,412.0,0.5759,1.0,0.576,546.0
1753591926107,04:52:06.107,okx,A/USDT:USDT,0.5758,383.0,0.5757,412.0,0.5759,67.0,0.576,479.0
1753591926307,04:52:06.307,okx,A/USDT:USDT,0.5758,354.0,0.5757,412.0,0.5759,67.0,0.576,479.0
1753591926407,04:52:06.407,okx,A/USDT:USDT,0.5758,354.0,0.5757,412.0,0.5759,67.0,0.576,479.0
1753591926507,04:52:06.507,okx,A/USDT:USDT,0.5758,383.0,0.5757,412.0,0.5759,67.0,0.576,479.0
1753591927907,04:52:07.907,okx,A/USDT:USDT,0.5758,383.0,0.5757,412.0,0.5759,61.0,0.576,479.0
1753591928107,04:52:08.107,okx,A/USDT:USDT,0.5758,354.0,0.5757,412.0,0.5759,61.0,0.576,479.0
1753591928207,04:52:08.207,okx,A/USDT:USDT,0.5758,354.0,0.5757,412.0,0.5759,61.0,0.576,479.0
1753591928707,04:52:08.707,okx,A/USDT:USDT,0.5758,383.0,0.5757,412.0,0.5759,4.0,0.576,479.0
1753591929007,04:52:09.007,okx,A/USDT:USDT,0.5758,383.0,0.5757,412.0,0.5759,1.0,0.576,539.0
1753591929407,04:52:09.407,okx,A/USDT:USDT,0.5758,383.0,0.5757,412.0,0.5759,1.0,0.576,539.0
1753591929507,04:52:09.507,okx,A/USDT:USDT,0.5758,383.0,0.5757,429.0,0.5759,1.0,0.576,539.0
1753591929907,04:52:09.907,okx,A/USDT:USDT,0.5758,383.0,0.5757,429.0,0.5759,1.0,0.576,539.0
1753591930207,04:52:10.207,okx,A/USDT:USDT,0.5758,280.0,0.5757,429.0,0.5759,1.0,0.576,539.0
1753591930807,04:52:10.807,okx,A/USDT:USDT,0.5758,383.0,0.5757,429.0,0.5759,1.0,0.576,539.0
1753591932307,04:52:12.307,okx,A/USDT:USDT,0.5758,383.0,0.5757,429.0,0.5759,69.0,0.576,479.0
1753591932607,04:52:12.607,okx,A/USDT:USDT,0.5758,280.0,0.5757,429.0,0.5759,69.0,0.576,479.0
1753591934207,04:52:14.207,okx,A/USDT:USDT,0.5758,383.0,0.5757,429.0,0.5759,68.0,0.576,479.0
1753591934507,04:52:14.507,okx,A/USDT:USDT,0.5758,383.0,0.5757,429.0,0.5759,68.0,0.576,479.0
1753591934807,04:52:14.807,okx,A/USDT:USDT,0.5758,383.0,0.5757,429.0,0.5759,1.0,0.576,479.0
1753591934907,04:52:14.907,okx,A/USDT:USDT,0.5758,383.0,0.5757,429.0,0.5759,1.0,0.576,538.0
1753591935107,04:52:15.107,okx,A/USDT:USDT,0.5758,383.0,0.5757,433.0,0.5759,1.0,0.576,538.0
1753591936707,04:52:16.707,okx,A/USDT:USDT,0.5758,567.0,0.5757,433.0,0.5759,5.0,0.576,538.0
1753591937107,04:52:17.107,okx,A/USDT:USDT,0.5758,562.0,0.5757,433.0,0.5759,5.0,0.576,480.0
1753591938307,04:52:18.307,okx,A/USDT:USDT,0.5758,533.0,0.5757,433.0,0.5759,5.0,0.576,480.0
1753591938607,04:52:18.607,okx,A/USDT:USDT,0.5758,459.0,0.5757,433.0,0.5759,5.0,0.576,480.0
1753591939607,04:52:19.607,okx,A/USDT:USDT,0.5758,533.0,0.5757,466.0,0.5759,5.0,0.576,480.0
1753591940607,04:52:20.607,okx,A/USDT:USDT,0.5758,533.0,0.5757,466.0,0.5759,6.0,0.576,480.0
1753591941607,04:52:21.607,okx,A/USDT:USDT,0.5759,332.0,0.5758,450.0,0.576,362.0,0.5761,251.0
1753591941907,04:52:21.907,okx,A/USDT:USDT,0.5759,332.0,0.5758,450.0,0.576,362.0,0.5761,251.0
1753591942007,04:52:22.007,okx,A/USDT:USDT,0.5759,332.0,0.5758,441.0,0.576,362.0,0.5761,251.0
1753591942307,04:52:22.307,okx,A/USDT:USDT,0.5759,222.0,0.5758,441.0,0.576,362.0,0.5761,251.0
1753591944307,04:52:24.307,okx,A/USDT:USDT,0.5759,223.0,0.5758,441.0,0.576,356.0,0.5761,251.0
1753591944507,04:52:24.507,okx,A/USDT:USDT,0.5759,120.0,0.5758,441.0,0.576,356.0,0.5761,251.0
1753591944807,04:52:24.807,okx,A/USDT:USDT,0.5759,223.0,0.5758,441.0,0.576,356.0,0.5761,251.0
1753591945207,04:52:25.207,okx,A/USDT:USDT,0.5759,223.0,0.5758,441.0,0.576,356.0,0.5761,251.0
1753591946007,04:52:26.007,okx,A/USDT:USDT,0.5759,223.0,0.5758,455.0,0.576,356.0,0.5761,251.0
1753591947007,04:52:27.007,okx,A/USDT:USDT,0.5759,222.0,0.5758,455.0,0.576,356.0,0.5761,251.0
1753591948307,04:52:28.307,okx,A/USDT:USDT,0.5759,223.0,0.5758,455.0,0.576,356.0,0.5761,251.0
1753591949707,04:52:29.707,okx,A/USDT:USDT,0.5759,223.0,0.5758,455.0,0.576,356.0,0.5761,251.0
1753591950007,04:52:30.007,okx,A/USDT:USDT,0.5759,223.0,0.5758,455.0,0.576,396.0,0.5761,251.0
1753591950207,04:52:30.207,okx,A/USDT:USDT,0.5759,223.0,0.5758,455.0,0.576,396.0,0.5761,251.0
1753591951207,04:52:31.207,okx,A/USDT:USDT,0.5759,223.0,0.5758,491.0,0.576,404.0,0.5761,254.0
1753591951307,04:52:31.307,okx,A/USDT:USDT,0.5759,223.0,0.5758,491.0,0.576,404.0,0.5761,254.0
1753591951407,04:52:31.407,okx,A/USDT:USDT,0.5759,223.0,0.5758,491.0,0.576,404.0,0.5761,254.0
1753591951907,04:52:31.907,okx,A/USDT:USDT,0.5759,223.0,0.5758,491.0,0.576,393.0,0.5761,256.0
1753591956907,04:52:36.907,okx,A/USDT:USDT,0.5759,433.0,0.5758,310.0,0.576,364.0,0.5761,256.0
1753591957607,04:52:37.607,okx,A/USDT:USDT,0.5759,433.0,0.5758,310.0,0.576,301.0,0.5761,256.0
1753591957707,04:52:37.707,okx,A/USDT:USDT,0.5759,433.0,0.5758,310.0,0.576,363.0,0.5761,256.0
1753591958407,04:52:38.407,okx,A/USDT:USDT,0.5759,433.0,0.5758,310.0,0.576,363.0,0.5761,206.0
1753591958607,04:52:38.607,okx,A/USDT:USDT,0.5759,433.0,0.5758,310.0,0.576,363.0,0.5761,206.0
1753591959907,04:52:39.907,okx,A/USDT:USDT,0.5759,433.0,0.5758,310.0,0.576,301.0,0.5761,267.0
1753591960007,04:52:40.007,okx,A/USDT:USDT,0.5759,433.0,0.5758,310.0,0.576,301.0,0.5761,267.0
1753591960307,04:52:40.307,okx,A/USDT:USDT,0.5759,462.0,0.5758,310.0,0.576,301.0,0.5761,267.0
1753591960507,04:52:40.507,okx,A/USDT:USDT,0.5759,433.0,0.5758,310.0,0.576,301.0,0.5761,267.0
1753591960707,04:52:40.707,okx,A/USDT:USDT,0.5759,433.0,0.5758,310.0,0.576,301.0,0.5761,267.0
1753591961507,04:52:41.507,okx,A/USDT:USDT,0.5759,433.0,0.5758,310.0,0.576,357.0,0.5761,206.0
1753591962407,04:52:42.407,okx,A/USDT:USDT,0.5759,449.0,0.5758,325.0,0.576,301.0,0.5761,271.0
1753591962707,04:52:42.707,okx,A/USDT:USDT,0.5759,478.0,0.5758,325.0,0.576,301.0,0.5761,271.0
1753591963807,04:52:43.807,okx,A/USDT:USDT,0.5759,478.0,0.5758,325.0,0.576,301.0,0.5761,271.0
1753591963907,04:52:43.907,okx,A/USDT:USDT,0.5759,478.0,0.5758,325.0,0.576,301.0,0.5761,271.0
1753591964407,04:52:44.407,okx,A/USDT:USDT,0.5759,467.0,0.5758,325.0,0.576,301.0,0.5761,271.0
1753591965707,04:52:45.707,okx,A/USDT:USDT,0.5759,438.0,0.5758,325.0,0.576,301.0,0.5761,206.0
1753591965807,04:52:45.807,okx,A/USDT:USDT,0.5759,438.0,0.5758,325.0,0.576,301.0,0.5761,267.0
1753591966107,04:52:46.107,okx,A/USDT:USDT,0.5759,335.0,0.5758,325.0,0.576,301.0,0.5761,267.0
1753591966207,04:52:46.207,okx,A/USDT:USDT,0.5759,438.0,0.5758,325.0,0.576,301.0,0.5761,267.0
1753591967307,04:52:47.307,okx,A/USDT:USDT,0.5759,335.0,0.5758,325.0,0.576,301.0,0.5761,206.0
1753591967407,04:52:47.407,okx,A/USDT:USDT,0.5759,335.0,0.5758,325.0,0.576,312.0,0.5761,268.0
1753591967507,04:52:47.507,okx,A/USDT:USDT,0.5759,438.0,0.5758,325.0,0.576,358.0,0.5761,206.0
1753591967607,04:52:47.607,okx,A/USDT:USDT,0.5759,438.0,0.5758,325.0,0.576,301.0,0.5761,206.0
1753591968007,04:52:48.007,okx,A/USDT:USDT,0.5759,438.0,0.5758,328.0,0.576,341.0,0.5761,266.0
1753591968807,04:52:48.807,okx,A/USDT:USDT,0.5759,438.0,0.5758,328.0,0.576,301.0,0.5761,219.0
1753591968907,04:52:48.907,okx,A/USDT:USDT,0.5759,438.0,0.5758,328.0,0.576,330.0,0.5761,219.0
1753591969007,04:52:49.007,okx,A/USDT:USDT,0.5759,438.0,0.5758,328.0,0.576,330.0,0.5761,219.0
1753591969807,04:52:49.807,okx,A/USDT:USDT,0.5759,335.0,0.5758,328.0,0.576,341.0,0.5761,219.0
1753591970007,04:52:50.007,okx,A/USDT:USDT,0.5759,438.0,0.5758,328.0,0.576,330.0,0.5761,219.0
1753591970507,04:52:50.507,okx,A/USDT:USDT,0.5759,437.0,0.5758,328.0,0.576,354.0,0.5761,219.0
1753591971207,04:52:51.207,okx,A/USDT:USDT,0.5759,466.0,0.5758,328.0,0.576,303.0,0.5761,159.0
1753591972307,04:52:52.307,okx,A/USDT:USDT,0.5759,437.0,0.5758,328.0,0.576,303.0,0.5761,222.0
1753591972507,04:52:52.507,okx,A/USDT:USDT,0.5759,437.0,0.5758,328.0,0.576,303.0,0.5761,222.0
1753591972707,04:52:52.707,okx,A/USDT:USDT,0.5759,437.0,0.5758,328.0,0.576,303.0,0.5761,222.0
1753591973107,04:52:53.107,okx,A/USDT:USDT,0.5759,437.0,0.5758,328.0,0.576,303.0,0.5761,201.0
1753591974007,04:52:54.007,okx,A/USDT:USDT,0.5759,437.0,0.5758,331.0,0.576,47.0,0.5761,272.0
1753591974207,04:52:54.207,okx,A/USDT:USDT,0.5759,437.0,0.5758,331.0,0.576,47.0,0.5761,272.0
1753591974407,04:52:54.407,okx,A/USDT:USDT,0.5759,437.0,0.5758,331.0,0.576,47.0,0.5761,272.0
1753591974607,04:52:54.607,okx,A/USDT:USDT,0.5759,334.0,0.5758,331.0,0.576,47.0,0.5761,272.0
1753591975107,04:52:55.107,okx,A/USDT:USDT,0.5759,437.0,0.5758,331.0,0.576,47.0,0.5761,272.0
1753591975507,04:52:55.507,okx,A/USDT:USDT,0.5759,437.0,0.5758,331.0,0.576,111.0,0.5761,209.0
1753591975907,04:52:55.907,okx,A/USDT:USDT,0.5759,437.0,0.5758,331.0,0.576,111.0,0.5761,209.0
1753591978607,04:52:58.607,okx,A/USDT:USDT,0.5759,437.0,0.5758,331.0,0.576,108.0,0.5761,209.0
1753591978907,04:52:58.907,okx,A/USDT:USDT,0.5759,437.0,0.5758,329.0,0.576,108.0,0.5761,209.0
1753591979607,04:52:59.607,okx,A/USDT:USDT,0.5759,437.0,0.5758,329.0,0.576,18.0,0.5761,182.0
1753591980707,04:53:00.707,okx,A/USDT:USDT,0.576,233.0,0.5759,368.0,0.5761,119.0,0.5762,509.0
1753591981307,04:53:01.307,okx,A/USDT:USDT,0.576,233.0,0.5759,368.0,0.5761,120.0,0.5762,509.0
1753591981407,04:53:01.407,okx,A/USDT:USDT,0.576,233.0,0.5759,368.0,0.5761,120.0,0.5762,509.0
1753591981507,04:53:01.507,okx,A/USDT:USDT,0.576,233.0,0.5759,368.0,0.5761,120.0,0.5762,509.0
1753591982807,04:53:02.807,okx,A/USDT:USDT,0.576,233.0,0.5759,368.0,0.5761,116.0,0.5762,509.0
1753591982907,04:53:02.907,okx,A/USDT:USDT,0.576,233.0,0.5759,368.0,0.5761,116.0,0.5762,509.0
1753591983107,04:53:03.107,okx,A/USDT:USDT,0.576,233.0,0.5759,368.0,0.5761,116.0,0.5762,509.0
1753591985207,04:53:05.207,okx,A/USDT:USDT,0.576,220.0,0.5759,334.0,0.5761,412.0,0.5762,253.0
1753591988607,04:53:08.607,okx,A/USDT:USDT,0.576,264.0,0.5759,153.0,0.5761,427.0,0.5762,303.0
1753591989607,04:53:09.607,okx,A/USDT:USDT,0.576,264.0,0.5759,153.0,0.5761,427.0,0.5762,303.0
1753591989807,04:53:09.807,okx,A/USDT:USDT,0.576,264.0,0.5759,154.0,0.5761,427.0,0.5762,303.0
1753591990307,04:53:10.307,okx,A/USDT:USDT,0.576,264.0,0.5759,154.0,0.5761,427.0,0.5762,303.0
1753591991507,04:53:11.507,okx,A/USDT:USDT,0.576,264.0,0.5759,154.0,0.5761,427.0,0.5762,303.0
1753591991907,04:53:11.907,okx,A/USDT:USDT,0.576,264.0,0.5759,154.0,0.5761,427.0,0.5762,303.0
1753591992707,04:53:12.707,okx,A/USDT:USDT,0.576,199.0,0.5759,154.0,0.5761,427.0,0.5762,303.0
1753591992907,04:53:12.907,okx,A/USDT:USDT,0.5759,119.0,0.5758,283.0,0.576,235.0,0.5761,386.0
1753591993507,04:53:13.507,okx,A/USDT:USDT,0.5759,102.0,0.5758,283.0,0.576,224.0,0.5761,388.0
1753591993907,04:53:13.907,okx,A/USDT:USDT,0.5759,104.0,0.5758,283.0,0.576,382.0,0.5761,241.0
1753591994007,04:53:14.007,okx,A/USDT:USDT,0.5759,104.0,0.5758,283.0,0.576,382.0,0.5761,241.0
1753591994307,04:53:14.307,okx,A/USDT:USDT,0.5759,104.0,0.5758,283.0,0.576,382.0,0.5761,241.0
1753591994407,04:53:14.407,okx,A/USDT:USDT,0.5759,104.0,0.5758,283.0,0.576,382.0,0.5761,241.0
1753591994507,04:53:14.507,okx,A/USDT:USDT,0.5759,104.0,0.5758,283.0,0.576,382.0,0.5761,241.0
1753591994807,04:53:14.807,okx,A/USDT:USDT,0.5759,104.0,0.5758,283.0,0.576,382.0,0.5761,241.0
1753591995307,04:53:15.307,okx,A/USDT:USDT,0.5759,104.0,0.5758,283.0,0.576,342.0,0.5761,241.0
1753591995407,04:53:15.407,okx,A/USDT:USDT,0.5759,104.0,0.5758,268.0,0.576,342.0,0.5761,241.0
1753591995507,04:53:15.507,okx,A/USDT:USDT,0.5759,104.0,0.5758,269.0,0.576,342.0,0.5761,241.0
1753591997007,04:53:17.007,okx,A/USDT:USDT,0.5759,104.0,0.5758,283.0,0.576,371.0,0.5761,241.0
1753591997107,04:53:17.107,okx,A/USDT:USDT,0.5759,104.0,0.5758,283.0,0.576,342.0,0.5761,241.0
1753591997207,04:53:17.207,okx,A/USDT:USDT,0.5759,104.0,0.5758,283.0,0.576,382.0,0.5761,241.0
1753591999307,04:53:19.307,okx,A/USDT:USDT,0.5759,103.0,0.5758,283.0,0.576,342.0,0.5761,241.0
1753592000607,04:53:20.607,okx,A/USDT:USDT,0.5759,103.0,0.5758,283.0,0.576,342.0,0.5761,241.0
1753592000807,04:53:20.807,okx,A/USDT:USDT,0.5759,103.0,0.5758,283.0,0.576,342.0,0.5761,241.0
1753592000907,04:53:20.907,okx,A/USDT:USDT,0.5759,103.0,0.5758,280.0,0.576,342.0,0.5761,241.0
1753592001407,04:53:21.407,okx,A/USDT:USDT,0.5759,103.0,0.5758,282.0,0.576,342.0,0.5761,241.0
1753592001807,04:53:21.807,okx,A/USDT:USDT,0.5759,103.0,0.5758,282.0,0.576,342.0,0.5761,241.0
1753592003407,04:53:23.407,okx,A/USDT:USDT,0.5759,132.0,0.5758,282.0,0.576,290.0,0.5761,241.0
1753592004007,04:53:24.007,okx,A/USDT:USDT,0.5759,195.0,0.5758,332.0,0.576,162.0,0.5761,308.0
1753592006207,04:53:26.207,okx,A/USDT:USDT,0.5759,134.0,0.5758,523.0,0.576,221.0,0.5761,228.0
1753592006407,04:53:26.407,okx,A/USDT:USDT,0.5759,134.0,0.5758,520.0,0.576,221.0,0.5761,228.0
1753592006607,04:53:26.607,okx,A/USDT:USDT,0.5759,134.0,0.5758,522.0,0.576,221.0,0.5761,228.0
1753592007007,04:53:27.007,okx,A/USDT:USDT,0.5759,134.0,0.5758,522.0,0.576,221.0,0.5761,228.0
1753592009107,04:53:29.107,okx,A/USDT:USDT,0.5759,134.0,0.5758,522.0,0.576,330.0,0.5761,119.0
1753592009607,04:53:29.607,okx,A/USDT:USDT,0.5759,134.0,0.5758,522.0,0.576,330.0,0.5761,118.0
1753592011807,04:53:31.807,okx,A/USDT:USDT,0.5759,174.0,0.5758,522.0,0.576,331.0,0.5761,118.0
1753592012107,04:53:32.107,okx,A/USDT:USDT,0.5759,174.0,0.5758,523.0,0.576,331.0,0.5761,118.0
1753592012407,04:53:32.407,okx,A/USDT:USDT,0.5759,174.0,0.5758,523.0,0.576,272.0,0.5761,118.0
1753592012707,04:53:32.707,okx,A/USDT:USDT,0.5759,174.0,0.5758,523.0,0.576,272.0,0.5761,178.0
1753592016007,04:53:36.007,okx,A/USDT:USDT,0.5759,134.0,0.5758,523.0,0.576,16.0,0.5761,433.0
1753592016107,04:53:36.107,okx,A/USDT:USDT,0.5759,208.0,0.5758,523.0,0.576,16.0,0.5761,433.0
1753592016807,04:53:36.807,okx,A/USDT:USDT,0.5759,208.0,0.5758,523.0,0.576,78.0,0.5761,374.0
1753592017107,04:53:37.107,okx,A/USDT:USDT,0.5759,174.0,0.5758,523.0,0.576,79.0,0.5761,374.0
1753592017507,04:53:37.507,okx,A/USDT:USDT,0.5759,208.0,0.5758,537.0,0.576,325.0,0.5761,227.0
1753592018407,04:53:38.407,okx,A/USDT:USDT,0.5759,114.0,0.5758,539.0,0.576,325.0,0.5761,212.0
1753592018807,04:53:38.807,okx,A/USDT:USDT,0.5759,162.0,0.5758,539.0,0.576,325.0,0.5761,212.0
1753592020507,04:53:40.507,okx,A/USDT:USDT,0.5759,222.0,0.5758,539.0,0.576,372.0,0.5761,167.0
1753592021507,04:53:41.507,okx,A/USDT:USDT,0.5759,139.0,0.5758,539.0,0.576,116.0,0.5761,359.0
1753592022107,04:53:42.107,okx,A/USDT:USDT,0.5759,153.0,0.5758,539.0,0.576,320.0,0.5761,212.0
1753592022607,04:53:42.607,okx,A/USDT:USDT,0.5759,152.0,0.5758,539.0,0.576,320.0,0.5761,212.0
1753592022907,04:53:42.907,okx,A/USDT:USDT,0.5759,152.0,0.5758,556.0,0.576,320.0,0.5761,212.0
1753592023207,04:53:43.207,okx,A/USDT:USDT,0.5759,152.0,0.5758,557.0,0.576,216.0,0.5761,359.0
1753592023507,04:53:43.507,okx,A/USDT:USDT,0.5759,151.0,0.5758,557.0,0.576,236.0,0.5761,344.0
1753592023707,04:53:43.707,okx,A/USDT:USDT,0.5759,152.0,0.5758,557.0,0.576,492.0,0.5761,88.0
1753592024107,04:53:44.107,okx,A/USDT:USDT,0.5759,163.0,0.5758,557.0,0.576,463.0,0.5761,88.0
1753592027807,04:53:47.807,okx,A/USDT:USDT,0.5759,151.0,0.5758,557.0,0.576,458.0,0.5761,88.0
1753592028107,04:53:48.107,okx,A/USDT:USDT,0.5759,238.0,0.5758,524.0,0.576,392.0,0.5761,53.0
1753592028207,04:53:48.207,okx,A/USDT:USDT,0.5759,191.0,0.5758,524.0,0.576,392.0,0.5761,144.0
1753592028907,04:53:48.907,okx,A/USDT:USDT,0.5759,191.0,0.5758,522.0,0.576,392.0,0.5761,144.0
1753592029307,04:53:49.307,okx,A/USDT:USDT,0.5759,162.0,0.5758,522.0,0.576,392.0,0.5761,144.0
1753592030007,04:53:50.007,okx,A/USDT:USDT,0.5759,183.0,0.5758,496.0,0.576,392.0,0.5761,144.0
1753592030307,04:53:50.307,okx,A/USDT:USDT,0.5759,183.0,0.5758,496.0,0.576,392.0,0.5761,144.0
1753592031407,04:53:51.407,okx,A/USDT:USDT,0.5759,181.0,0.5758,496.0,0.576,458.0,0.5761,86.0
1753592031607,04:53:51.607,okx,A/USDT:USDT,0.5759,179.0,0.5758,496.0,0.576,392.0,0.5761,151.0
1753592031707,04:53:51.707,okx,A/USDT:USDT,0.5759,191.0,0.5758,496.0,0.576,392.0,0.5761,151.0
1753592032007,04:53:52.007,okx,A/USDT:USDT,0.5759,221.0,0.5758,496.0,0.576,392.0,0.5761,151.0
1753592032107,04:53:52.107,okx,A/USDT:USDT,0.5759,221.0,0.5758,496.0,0.576,392.0,0.5761,151.0
1753592032407,04:53:52.407,okx,A/USDT:USDT,0.5759,221.0,0.5758,496.0,0.576,392.0,0.5761,151.0
1753592032807,04:53:52.807,okx,A/USDT:USDT,0.5759,184.0,0.5758,496.0,0.576,136.0,0.5761,407.0
1753592033007,04:53:53.007,okx,A/USDT:USDT,0.5759,184.0,0.5758,496.0,0.576,136.0,0.5761,407.0
1753592033707,04:53:53.707,okx,A/USDT:USDT,0.5759,184.0,0.5758,496.0,0.576,136.0,0.5761,407.0
1753592034407,04:53:54.407,okx,A/USDT:USDT,0.5759,184.0,0.5758,497.0,0.576,136.0,0.5761,401.0
1753592034907,04:53:54.907,okx,A/USDT:USDT,0.5759,184.0,0.5758,497.0,0.576,136.0,0.5761,403.0
1753592035207,04:53:55.207,okx,A/USDT:USDT,0.5759,218.0,0.5758,497.0,0.576,136.0,0.5761,403.0
1753592036107,04:53:56.107,okx,A/USDT:USDT,0.5759,184.0,0.5758,497.0,0.576,136.0,0.5761,403.0
1753592039107,04:53:59.107,okx,A/USDT:USDT,0.5759,218.0,0.5758,497.0,0.576,137.0,0.5761,403.0
1753592040607,04:54:00.607,okx,A/USDT:USDT,0.5759,218.0,0.5758,496.0,0.576,137.0,0.5761,402.0
1753592040807,04:54:00.807,okx,A/USDT:USDT,0.5759,220.0,0.5758,496.0,0.576,195.0,0.5761,343.0
1753592046707,04:54:06.707,okx,A/USDT:USDT,0.5759,209.0,0.5758,494.0,0.576,108.0,0.5761,408.0
1753592047407,04:54:07.407,okx,A/USDT:USDT,0.5759,209.0,0.5758,500.0,0.576,108.0,0.5761,408.0
1753592047607,04:54:07.607,okx,A/USDT:USDT,0.5759,220.0,0.5758,500.0,0.576,108.0,0.5761,408.0
1753592049507,04:54:09.507,okx,A/USDT:USDT,0.5759,209.0,0.5758,500.0,0.576,108.0,0.5761,299.0
1753592050907,04:54:10.907,okx,A/USDT:USDT,0.576,236.0,0.5759,289.0,0.5761,70.0,0.5762,362.0
1753592051107,04:54:11.107,okx,A/USDT:USDT,0.576,236.0,0.5759,278.0,0.5761,70.0,0.5762,362.0
1753592051307,04:54:11.307,okx,A/USDT:USDT,0.576,236.0,0.5759,278.0,0.5761,99.0,0.5762,362.0
1753592051407,04:54:11.407,okx,A/USDT:USDT,0.576,236.0,0.5759,278.0,0.5761,70.0,0.5762,362.0
1753592051807,04:54:11.807,okx,A/USDT:USDT,0.576,236.0,0.5759,278.0,0.5761,70.0,0.5762,362.0
1753592051907,04:54:11.907,okx,A/USDT:USDT,0.576,236.0,0.5759,278.0,0.5761,70.0,0.5762,362.0
1753592052107,04:54:12.107,okx,A/USDT:USDT,0.576,236.0,0.5759,278.0,0.5761,70.0,0.5762,362.0
1753592052207,04:54:12.207,okx,A/USDT:USDT,0.576,236.0,0.5759,278.0,0.5761,70.0,0.5762,362.0
1753592053107,04:54:13.107,okx,A/USDT:USDT,0.576,236.0,0.5759,278.0,0.5761,70.0,0.5762,362.0
1753592053507,04:54:13.507,okx,A/USDT:USDT,0.576,236.0,0.5759,278.0,0.5761,70.0,0.5762,362.0
1753592053807,04:54:13.807,okx,A/USDT:USDT,0.576,236.0,0.5759,278.0,0.5761,70.0,0.5762,362.0
1753592054707,04:54:14.707,okx,A/USDT:USDT,0.576,236.0,0.5759,278.0,0.5761,70.0,0.5762,362.0
1753592057207,04:54:17.207,okx,A/USDT:USDT,0.576,265.0,0.5759,278.0,0.5761,70.0,0.5762,362.0
1753592058607,04:54:18.607,okx,A/USDT:USDT,0.576,265.0,0.5759,278.0,0.5761,70.0,0.5762,362.0
1753592061707,04:54:21.707,okx,A/USDT:USDT,0.576,276.0,0.5759,293.0,0.5761,70.0,0.5762,362.0
1753592062707,04:54:22.707,okx,A/USDT:USDT,0.576,236.0,0.5759,372.0,0.5761,70.0,0.5762,362.0
1753592063007,04:54:23.007,okx,A/USDT:USDT,0.576,236.0,0.5759,346.0,0.5761,70.0,0.5762,362.0
1753592063807,04:54:23.807,okx,A/USDT:USDT,0.576,236.0,0.5759,346.0,0.5761,70.0,0.5762,362.0
1753592064007,04:54:24.007,okx,A/USDT:USDT,0.576,236.0,0.5759,346.0,0.5761,70.0,0.5762,362.0
1753592065307,04:54:25.307,okx,A/USDT:USDT,0.576,248.0,0.5759,346.0,0.5761,70.0,0.5762,362.0
1753592065507,04:54:25.507,okx,A/USDT:USDT,0.576,277.0,0.5759,346.0,0.5761,2.0,0.5762,297.0
1753592066307,04:54:26.307,okx,A/USDT:USDT,0.576,248.0,0.5759,379.0,0.5761,61.0,0.5762,190.0
1753592066807,04:54:26.807,okx,A/USDT:USDT,0.576,162.0,0.5759,379.0,0.5761,93.0,0.5762,219.0
1753592067407,04:54:27.407,okx,A/USDT:USDT,0.576,162.0,0.5759,370.0,0.5761,64.0,0.5762,219.0
1753592068707,04:54:28.707,okx,A/USDT:USDT,0.576,162.0,0.5759,370.0,0.5761,64.0,0.5762,219.0
1753592072707,04:54:32.707,okx,A/USDT:USDT,0.576,196.0,0.5759,370.0,0.5761,64.0,0.5762,219.0
1753592072807,04:54:32.807,okx,A/USDT:USDT,0.576,196.0,0.5759,370.0,0.5761,64.0,0.5762,219.0
1753592073407,04:54:33.407,okx,A/USDT:USDT,0.576,162.0,0.5759,341.0,0.5761,75.0,0.5762,219.0
1753592073507,04:54:33.507,okx,A/USDT:USDT,0.576,162.0,0.5759,341.0,0.5761,75.0,0.5762,219.0
1753592073607,04:54:33.607,okx,A/USDT:USDT,0.576,162.0,0.5759,341.0,0.5761,64.0,0.5762,219.0
1753592073707,04:54:33.707,okx,A/USDT:USDT,0.576,162.0,0.5759,341.0,0.5761,75.0,0.5762,219.0
1753592076707,04:54:36.707,okx,A/USDT:USDT,0.576,1.0,0.5759,328.0,0.5761,185.0,0.5762,262.0
1753592076807,04:54:36.807,okx,A/USDT:USDT,0.576,1.0,0.5759,271.0,0.5761,185.0,0.5762,262.0
1753592077107,04:54:37.107,okx,A/USDT:USDT,0.576,1.0,0.5759,271.0,0.5761,185.0,0.5762,262.0
1753592078407,04:54:38.407,okx,A/USDT:USDT,0.576,1.0,0.5759,280.0,0.5761,185.0,0.5762,388.0
1753592078707,04:54:38.707,okx,A/USDT:USDT,0.576,1.0,0.5759,280.0,0.5761,185.0,0.5762,279.0
1753592079107,04:54:39.107,okx,A/USDT:USDT,0.576,1.0,0.5759,280.0,0.5761,185.0,0.5762,279.0
1753592079307,04:54:39.307,okx,A/USDT:USDT,0.576,1.0,0.5759,280.0,0.5761,185.0,0.5762,279.0
1753592079907,04:54:39.907,okx,A/USDT:USDT,0.576,2.0,0.5759,280.0,0.5761,185.0,0.5762,295.0
1753592080607,04:54:40.607,okx,A/USDT:USDT,0.5759,48.0,0.5758,275.0,0.576,260.0,0.5761,159.0
1753592080707,04:54:40.707,okx,A/USDT:USDT,0.5759,149.0,0.5758,275.0,0.576,233.0,0.5761,159.0
1753592080807,04:54:40.807,okx,A/USDT:USDT,0.5759,149.0,0.5758,275.0,0.576,233.0,0.5761,226.0
1753592080907,04:54:40.907,okx,A/USDT:USDT,0.5759,149.0,0.5758,446.0,0.576,233.0,0.5761,226.0
1753592081607,04:54:41.607,okx,A/USDT:USDT,0.5759,149.0,0.5758,446.0,0.576,233.0,0.5761,226.0
1753592081707,04:54:41.707,okx,A/USDT:USDT,0.5759,149.0,0.5758,446.0,0.576,222.0,0.5761,226.0
1753592082807,04:54:42.807,okx,A/USDT:USDT,0.5758,122.0,0.5757,380.0,0.5759,234.0,0.576,287.0
1753592083107,04:54:43.107,okx,A/USDT:USDT,0.5758,13.0,0.5757,448.0,0.5759,205.0,0.576,337.0
1753592083407,04:54:43.407,okx,A/USDT:USDT,0.5758,80.0,0.5757,409.0,0.5759,205.0,0.576,337.0
1753592083607,04:54:43.607,okx,A/USDT:USDT,0.5758,81.0,0.5757,409.0,0.5759,205.0,0.576,337.0
1753592083707,04:54:43.707,okx,A/USDT:USDT,0.5758,80.0,0.5757,377.0,0.5759,314.0,0.576,337.0
1753592083907,04:54:43.907,okx,A/USDT:USDT,0.5758,80.0,0.5757,378.0,0.5759,490.0,0.576,337.0
1753592084407,04:54:44.407,okx,A/USDT:USDT,0.5758,80.0,0.5757,378.0,0.5759,461.0,0.576,337.0
1753592088607,04:54:48.607,okx,A/USDT:USDT,0.5758,80.0,0.5757,378.0,0.5759,491.0,0.576,308.0
1753592090007,04:54:50.007,okx,A/USDT:USDT,0.5758,79.0,0.5757,379.0,0.5759,491.0,0.576,308.0
1753592090107,04:54:50.107,okx,A/USDT:USDT,0.5758,79.0,0.5757,379.0,0.5759,491.0,0.576,308.0
1753592090407,04:54:50.407,okx,A/USDT:USDT,0.5758,79.0,0.5757,379.0,0.5759,462.0,0.576,308.0
1753592092207,04:54:52.207,okx,A/USDT:USDT,0.5758,79.0,0.5757,379.0,0.5759,491.0,0.576,308.0
1753592093907,04:54:53.907,okx,A/USDT:USDT,0.5758,79.0,0.5757,379.0,0.5759,462.0,0.576,308.0
1753592096307,04:54:56.307,okx,A/USDT:USDT,0.5758,78.0,0.5757,376.0,0.5759,491.0,0.576,308.0
1753592096807,04:54:56.807,okx,A/USDT:USDT,0.5758,78.0,0.5757,376.0,0.5759,491.0,0.576,308.0
1753592097707,04:54:57.707,okx,A/USDT:USDT,0.5758,78.0,0.5757,376.0,0.5759,491.0,0.576,308.0
1753592098707,04:54:58.707,okx,A/USDT:USDT,0.5758,78.0,0.5757,402.0,0.5759,352.0,0.576,308.0
1753592098907,04:54:58.907,okx,A/USDT:USDT,0.5758,107.0,0.5757,402.0,0.5759,352.0,0.576,308.0
1753592099407,04:54:59.407,okx,A/USDT:USDT,0.5758,145.0,0.5757,402.0,0.5759,260.0,0.576,263.0
1753592099907,04:54:59.907,okx,A/USDT:USDT,0.5758,145.0,0.5757,452.0,0.5759,324.0,0.576,263.0
1753592100207,04:55:00.207,okx,A/USDT:USDT,0.5758,72.0,0.5757,426.0,0.5759,365.0,0.576,263.0
1753592100707,04:55:00.707,okx,A/USDT:USDT,0.5758,75.0,0.5757,426.0,0.5759,324.0,0.576,263.0
1753592100907,04:55:00.907,okx,A/USDT:USDT,0.5758,76.0,0.5757,426.0,0.5759,324.0,0.576,263.0
1753592101007,04:55:01.007,okx,A/USDT:USDT,0.5758,76.0,0.5757,426.0,0.5759,324.0,0.576,263.0
1753592101207,04:55:01.207,okx,A/USDT:USDT,0.5758,117.0,0.5757,426.0,0.5759,324.0,0.576,263.0
1753592101607,04:55:01.607,okx,A/USDT:USDT,0.5758,117.0,0.5757,426.0,0.5759,324.0,0.576,263.0
1753592101907,04:55:01.907,okx,A/USDT:USDT,0.5758,117.0,0.5757,426.0,0.5759,260.0,0.576,331.0
1753592103507,04:55:03.507,okx,A/USDT:USDT,0.5758,75.0,0.5757,426.0,0.5759,318.0,0.576,263.0
1753592105407,04:55:05.407,okx,A/USDT:USDT,0.5758,75.0,0.5757,426.0,0.5759,318.0,0.576,263.0
1753592105507,04:55:05.507,okx,A/USDT:USDT,0.5758,75.0,0.5757,424.0,0.5759,329.0,0.576,263.0
1753592105607,04:55:05.607,okx,A/USDT:USDT,0.5758,74.0,0.5757,424.0,0.5759,359.0,0.576,263.0
1753592105707,04:55:05.707,okx,A/USDT:USDT,0.5758,75.0,0.5757,424.0,0.5759,329.0,0.576,263.0
1753592105807,04:55:05.807,okx,A/USDT:USDT,0.5758,75.0,0.5757,253.0,0.5759,329.0,0.576,263.0
1753592105907,04:55:05.907,okx,A/USDT:USDT,0.5758,75.0,0.5757,253.0,0.5759,329.0,0.576,263.0
1753592106607,04:55:06.607,okx,A/USDT:USDT,0.5758,75.0,0.5757,253.0,0.5759,329.0,0.576,263.0
1753592106807,04:55:06.807,okx,A/USDT:USDT,0.5758,74.0,0.5757,253.0,0.5759,359.0,0.576,263.0
1753592107007,04:55:07.007,okx,A/USDT:USDT,0.5758,75.0,0.5757,253.0,0.5759,318.0,0.576,263.0
1753592107407,04:55:07.407,okx,A/USDT:USDT,0.5758,74.0,0.5757,253.0,0.5759,318.0,0.576,263.0
1753592107607,04:55:07.607,okx,A/USDT:USDT,0.5758,75.0,0.5757,253.0,0.5759,348.0,0.576,263.0
1753592108907,04:55:08.907,okx,A/USDT:USDT,0.5758,75.0,0.5757,279.0,0.5759,359.0,0.576,263.0
1753592110507,04:55:10.507,okx,A/USDT:USDT,0.5758,75.0,0.5757,279.0,0.5759,103.0,0.576,519.0
1753592110907,04:55:10.907,okx,A/USDT:USDT,0.5758,74.0,0.5757,277.0,0.5759,359.0,0.576,263.0
1753592111407,04:55:11.407,okx,A/USDT:USDT,0.5758,71.0,0.5757,280.0,0.5759,359.0,0.576,263.0
1753592112907,04:55:12.907,okx,A/USDT:USDT,0.5758,54.0,0.5757,342.0,0.5759,359.0,0.576,263.0
1753592113807,04:55:13.807,okx,A/USDT:USDT,0.5758,137.0,0.5757,280.0,0.5759,318.0,0.576,263.0
1753592113907,04:55:13.907,okx,A/USDT:USDT,0.5758,137.0,0.5757,280.0,0.5759,318.0,0.576,263.0
1753592116207,04:55:16.207,okx,A/USDT:USDT,0.5758,126.0,0.5757,280.0,0.5759,318.0,0.576,263.0
1753592117807,04:55:17.807,okx,A/USDT:USDT,0.5758,126.0,0.5757,281.0,0.5759,318.0,0.576,263.0
1753592121007,04:55:21.007,okx,A/USDT:USDT,0.5758,96.0,0.5757,281.0,0.5759,318.0,0.576,263.0
1753592122307,04:55:22.307,okx,A/USDT:USDT,0.5758,2.0,0.5757,241.0,0.5759,342.0,0.576,329.0
1753592122707,04:55:22.707,okx,A/USDT:USDT,0.5757,76.0,0.5756,544.0,0.5758,261.0,0.5759,362.0
1753592122807,04:55:22.807,okx,A/USDT:USDT,0.5757,76.0,0.5756,562.0,0.5758,261.0,0.5759,363.0
1753592124707,04:55:24.707,okx,A/USDT:USDT,0.5756,87.0,0.5755,288.0,0.5757,223.0,0.5758,501.0
1753592127107,04:55:27.107,okx,A/USDT:USDT,0.5756,87.0,0.5755,262.0,0.5757,212.0,0.5758,501.0
1753592127207,04:55:27.207,okx,A/USDT:USDT,0.5756,87.0,0.5755,262.0,0.5757,212.0,0.5758,501.0
1753592127407,04:55:27.407,okx,A/USDT:USDT,0.5756,83.0,0.5755,261.0,0.5757,223.0,0.5758,490.0
1753592127507,04:55:27.507,okx,A/USDT:USDT,0.5756,83.0,0.5755,261.0,0.5757,223.0,0.5758,490.0
1753592128007,04:55:28.007,okx,A/USDT:USDT,0.5756,16.0,0.5755,235.0,0.5757,253.0,0.5758,490.0
1753592128207,04:55:28.207,okx,A/USDT:USDT,0.5756,15.0,0.5755,329.0,0.5757,221.0,0.5758,490.0
1753592130407,04:55:30.407,okx,A/USDT:USDT,0.5756,73.0,0.5755,265.0,0.5757,212.0,0.5758,490.0
1753592130507,04:55:30.507,okx,A/USDT:USDT,0.5756,73.0,0.5755,265.0,0.5757,212.0,0.5758,490.0
1753592133007,04:55:33.007,okx,A/USDT:USDT,0.5756,70.0,0.5755,264.0,0.5757,212.0,0.5758,599.0
1753592135507,04:55:35.507,okx,A/USDT:USDT,0.5756,70.0,0.5755,234.0,0.5757,223.0,0.5758,599.0
1753592136407,04:55:36.407,okx,A/USDT:USDT,0.5756,12.0,0.5755,302.0,0.5757,253.0,0.5758,599.0
1753592136707,04:55:36.707,okx,A/USDT:USDT,0.5756,12.0,0.5755,302.0,0.5757,254.0,0.5758,599.0
1753592136907,04:55:36.907,okx,A/USDT:USDT,0.5756,12.0,0.5755,302.0,0.5757,254.0,0.5758,599.0
1753592138107,04:55:38.107,okx,A/USDT:USDT,0.5756,13.0,0.5755,302.0,0.5757,268.0,0.5758,599.0
1753592138607,04:55:38.607,okx,A/USDT:USDT,0.5756,9.0,0.5755,302.0,0.5757,268.0,0.5758,565.0
1753592139507,04:55:39.507,okx,A/USDT:USDT,0.5756,10.0,0.5755,302.0,0.5757,238.0,0.5758,565.0
1753592139807,04:55:39.807,okx,A/USDT:USDT,0.5756,9.0,0.5755,302.0,0.5757,268.0,0.5758,565.0
1753592140207,04:55:40.207,okx,A/USDT:USDT,0.5756,10.0,0.5755,302.0,0.5757,268.0,0.5758,565.0
1753592140307,04:55:40.307,okx,A/USDT:USDT,0.5756,10.0,0.5755,302.0,0.5757,268.0,0.5758,565.0
1753592141007,04:55:41.007,okx,A/USDT:USDT,0.5756,10.0,0.5755,302.0,0.5757,268.0,0.5758,565.0
1753592141307,04:55:41.307,okx,A/USDT:USDT,0.5756,77.0,0.5755,234.0,0.5757,227.0,0.5758,565.0
1753592141707,04:55:41.707,okx,A/USDT:USDT,0.5756,77.0,0.5755,234.0,0.5757,238.0,0.5758,565.0
1753592144007,04:55:44.007,okx,A/USDT:USDT,0.5756,75.0,0.5755,232.0,0.5757,268.0,0.5758,565.0
1753592145007,04:55:45.007,okx,A/USDT:USDT,0.5756,75.0,0.5755,234.0,0.5757,268.0,0.5758,565.0
1753592145407,04:55:45.407,okx,A/USDT:USDT,0.5756,75.0,0.5755,234.0,0.5757,268.0,0.5758,565.0
1753592148307,04:55:48.307,okx,A/USDT:USDT,0.5756,75.0,0.5755,234.0,0.5757,268.0,0.5758,565.0
1753592149007,04:55:49.007,okx,A/USDT:USDT,0.5756,75.0,0.5755,234.0,0.5757,268.0,0.5758,565.0
1753592149507,04:55:49.507,okx,A/USDT:USDT,0.5756,72.0,0.5755,231.0,0.5757,268.0,0.5758,565.0
1753592150607,04:55:50.607,okx,A/USDT:USDT,0.5756,72.0,0.5755,260.0,0.5757,257.0,0.5758,565.0
1753592151607,04:55:51.607,okx,A/USDT:USDT,0.5756,72.0,0.5755,260.0,0.5757,268.0,0.5758,565.0
1753592152307,04:55:52.307,okx,A/USDT:USDT,0.5756,72.0,0.5755,260.0,0.5757,268.0,0.5758,565.0
1753592154607,04:55:54.607,okx,A/USDT:USDT,0.5756,72.0,0.5755,260.0,0.5757,271.0,0.5758,471.0
1753592154907,04:55:54.907,okx,A/USDT:USDT,0.5756,71.0,0.5755,257.0,0.5757,271.0,0.5758,362.0
1753592155107,04:55:55.107,okx,A/USDT:USDT,0.5756,71.0,0.5755,258.0,0.5757,271.0,0.5758,362.0
1753592155707,04:55:55.707,okx,A/USDT:USDT,0.5756,65.0,0.5755,258.0,0.5757,230.0,0.5758,471.0
1753592156307,04:55:56.307,okx,A/USDT:USDT,0.5756,65.0,0.5755,258.0,0.5757,230.0,0.5758,602.0
1753592156507,04:55:56.507,okx,A/USDT:USDT,0.5756,186.0,0.5755,258.0,0.5757,4.0,0.5758,474.0
1753592157207,04:55:57.207,okx,A/USDT:USDT,0.5756,156.0,0.5755,459.0,0.5757,5.0,0.5758,504.0
1753592157707,04:55:57.707,okx,A/USDT:USDT,0.5756,186.0,0.5755,459.0,0.5757,4.0,0.5758,474.0
1753592158107,04:55:58.107,okx,A/USDT:USDT,0.5756,186.0,0.5755,459.0,0.5757,4.0,0.5758,474.0
1753592158307,04:55:58.307,okx,A/USDT:USDT,0.5756,186.0,0.5755,459.0,0.5757,4.0,0.5758,412.0
1753592160607,04:56:00.607,okx,A/USDT:USDT,0.5756,186.0,0.5755,474.0,0.5757,4.0,0.5758,191.0
1753592160707,04:56:00.707,okx,A/USDT:USDT,0.5756,186.0,0.5755,474.0,0.5757,4.0,0.5758,191.0
1753592160807,04:56:00.807,okx,A/USDT:USDT,0.5756,188.0,0.5755,474.0,0.5757,4.0,0.5758,191.0
1753592161507,04:56:01.507,okx,A/USDT:USDT,0.5756,102.0,0.5755,474.0,0.5757,4.0,0.5758,191.0
1753592161907,04:56:01.907,okx,A/USDT:USDT,0.5756,132.0,0.5755,303.0,0.5757,4.0,0.5758,191.0
1753592163307,04:56:03.307,okx,A/USDT:USDT,0.5756,102.0,0.5755,531.0,0.5757,5.0,0.5758,103.0
1753592163407,04:56:03.407,okx,A/USDT:USDT,0.5756,102.0,0.5755,531.0,0.5757,5.0,0.5758,103.0
1753592165007,04:56:05.007,okx,A/USDT:USDT,0.5756,102.0,0.5755,531.0,0.5757,4.0,0.5758,103.0
1753592165107,04:56:05.107,okx,A/USDT:USDT,0.5756,102.0,0.5755,531.0,0.5757,4.0,0.5758,103.0
1753592165407,04:56:05.407,okx,A/USDT:USDT,0.5756,102.0,0.5755,632.0,0.5757,4.0,0.5758,103.0
1753592165507,04:56:05.507,okx,A/USDT:USDT,0.5756,132.0,0.5755,632.0,0.5757,4.0,0.5758,103.0
1753592166007,04:56:06.007,okx,A/USDT:USDT,0.5756,132.0,0.5755,632.0,0.5757,4.0,0.5758,103.0
1753592166207,04:56:06.207,okx,A/USDT:USDT,0.5756,132.0,0.5755,667.0,0.5757,4.0,0.5758,103.0
1753592166307,04:56:06.307,okx,A/USDT:USDT,0.5756,132.0,0.5755,667.0,0.5757,4.0,0.5758,103.0
1753592167507,04:56:07.507,okx,A/USDT:USDT,0.5756,132.0,0.5755,514.0,0.5757,10.0,0.5758,103.0
1753592168707,04:56:08.707,okx,A/USDT:USDT,0.5756,91.0,0.5755,685.0,0.5757,13.0,0.5758,103.0
1753592169707,04:56:09.707,okx,A/USDT:USDT,0.5756,102.0,0.5755,685.0,0.5757,13.0,0.5758,103.0
1753592171307,04:56:11.307,okx,A/USDT:USDT,0.5756,102.0,0.5755,507.0,0.5757,12.0,0.5758,103.0
1753592171507,04:56:11.507,okx,A/USDT:USDT,0.5756,102.0,0.5755,507.0,0.5757,12.0,0.5758,103.0
1753592171607,04:56:11.607,okx,A/USDT:USDT,0.5756,102.0,0.5755,507.0,0.5757,12.0,0.5758,103.0
1753592172207,04:56:12.207,okx,A/USDT:USDT,0.5756,102.0,0.5755,508.0,0.5757,12.0,0.5758,103.0
1753592172407,04:56:12.407,okx,A/USDT:USDT,0.5756,95.0,0.5755,508.0,0.5757,12.0,0.5758,103.0
1753592173007,04:56:13.007,okx,A/USDT:USDT,0.5756,125.0,0.5755,666.0,0.5757,12.0,0.5758,103.0
1753592173207,04:56:13.207,okx,A/USDT:USDT,0.5756,125.0,0.5755,666.0,0.5757,12.0,0.5758,103.0
1753592173507,04:56:13.507,okx,A/USDT:USDT,0.5756,125.0,0.5755,666.0,0.5757,12.0,0.5758,103.0
1753592175107,04:56:15.107,okx,A/USDT:USDT,0.5756,95.0,0.5755,666.0,0.5757,12.0,0.5758,114.0
1753592177207,04:56:17.207,okx,A/USDT:USDT,0.5756,84.0,0.5755,666.0,0.5757,12.0,0.5758,105.0
1753592177307,04:56:17.307,okx,A/USDT:USDT,0.5756,84.0,0.5755,664.0,0.5757,12.0,0.5758,105.0
1753592177607,04:56:17.607,okx,A/USDT:USDT,0.5756,84.0,0.5755,577.0,0.5757,12.0,0.5758,140.0
1753592177807,04:56:17.807,okx,A/USDT:USDT,0.5756,84.0,0.5755,607.0,0.5757,12.0,0.5758,140.0
1753592178607,04:56:18.607,okx,A/USDT:USDT,0.5756,84.0,0.5755,577.0,0.5757,12.0,0.5758,140.0
1753592179207,04:56:19.207,okx,A/USDT:USDT,0.5756,84.0,0.5755,577.0,0.5757,12.0,0.5758,140.0
1753592180607,04:56:20.607,okx,A/USDT:USDT,0.5756,84.0,0.5755,580.0,0.5757,11.0,0.5758,140.0
1753592181207,04:56:21.207,okx,A/USDT:USDT,0.5756,95.0,0.5755,610.0,0.5757,12.0,0.5758,99.0
1753592185807,04:56:25.807,okx,A/USDT:USDT,0.5756,95.0,0.5755,611.0,0.5757,44.0,0.5758,173.0
1753592186707,04:56:26.707,okx,A/USDT:USDT,0.5756,95.0,0.5755,578.0,0.5757,104.0,0.5758,113.0
1753592187107,04:56:27.107,okx,A/USDT:USDT,0.5756,95.0,0.5755,578.0,0.5757,104.0,0.5758,113.0
1753592187207,04:56:27.207,okx,A/USDT:USDT,0.5756,84.0,0.5755,548.0,0.5757,104.0,0.5758,143.0
1753592187307,04:56:27.307,okx,A/USDT:USDT,0.5756,84.0,0.5755,532.0,0.5757,104.0,0.5758,143.0
1753592187807,04:56:27.807,okx,A/USDT:USDT,0.5756,84.0,0.5755,542.0,0.5757,104.0,0.5758,143.0
1753592188207,04:56:28.207,okx,A/USDT:USDT,0.5756,95.0,0.5755,531.0,0.5757,109.0,0.5758,143.0
1753592188607,04:56:28.607,okx,A/USDT:USDT,0.5756,95.0,0.5755,560.0,0.5757,109.0,0.5758,143.0
1753592188707,04:56:28.707,okx,A/USDT:USDT,0.5756,95.0,0.5755,562.0,0.5757,109.0,0.5758,143.0
1753592190607,04:56:30.607,okx,A/USDT:USDT,0.5757,197.0,0.5756,269.0,0.5758,2.0,0.5759,205.0
1753592190907,04:56:30.907,okx,A/USDT:USDT,0.5757,208.0,0.5756,365.0,0.5758,2.0,0.5759,205.0
1753592191507,04:56:31.507,okx,A/USDT:USDT,0.5758,111.0,0.5757,253.0,0.5759,151.0,0.576,611.0
1753592192207,04:56:32.207,okx,A/USDT:USDT,0.5758,110.0,0.5757,272.0,0.5759,151.0,0.576,611.0
1753592192707,04:56:32.707,okx,A/USDT:USDT,0.5758,106.0,0.5757,272.0,0.5759,121.0,0.576,611.0
1753592192807,04:56:32.807,okx,A/USDT:USDT,0.5758,106.0,0.5757,272.0,0.5759,120.0,0.576,611.0
1753592193007,04:56:33.007,okx,A/USDT:USDT,0.5758,106.0,0.5757,272.0,0.5759,120.0,0.576,611.0
1753592193307,04:56:33.307,okx,A/USDT:USDT,0.5758,106.0,0.5757,272.0,0.5759,121.0,0.576,611.0
1753592193407,04:56:33.407,okx,A/USDT:USDT,0.5758,106.0,0.5757,272.0,0.5759,121.0,0.576,611.0
1753592193907,04:56:33.907,okx,A/USDT:USDT,0.5758,204.0,0.5757,302.0,0.5759,59.0,0.576,540.0
1753592194107,04:56:34.107,okx,A/USDT:USDT,0.5758,204.0,0.5757,272.0,0.5759,61.0,0.576,540.0
1753592194307,04:56:34.307,okx,A/USDT:USDT,0.5758,204.0,0.5757,274.0,0.5759,61.0,0.576,357.0
1753592194607,04:56:34.607,okx,A/USDT:USDT,0.5758,204.0,0.5757,304.0,0.5759,61.0,0.576,357.0
1753592197307,04:56:37.307,okx,A/USDT:USDT,0.5758,204.0,0.5757,354.0,0.5759,61.0,0.576,357.0
1753592197807,04:56:37.807,okx,A/USDT:USDT,0.5758,204.0,0.5757,511.0,0.5759,61.0,0.576,357.0
1753592198507,04:56:38.507,okx,A/USDT:USDT,0.5758,204.0,0.5757,511.0,0.5759,61.0,0.576,357.0
1753592198707,04:56:38.707,okx,A/USDT:USDT,0.5758,204.0,0.5757,511.0,0.5759,43.0,0.576,417.0
1753592199207,04:56:39.207,okx,A/USDT:USDT,0.5758,204.0,0.5757,481.0,0.5759,68.0,0.576,357.0
1753592199707,04:56:39.707,okx,A/USDT:USDT,0.5758,245.0,0.5757,481.0,0.5759,2.0,0.576,317.0
1753592199907,04:56:39.907,okx,A/USDT:USDT,0.5758,245.0,0.5757,484.0,0.5759,2.0,0.576,317.0
1753592200107,04:56:40.107,okx,A/USDT:USDT,0.5758,245.0,0.5757,484.0,0.5759,2.0,0.576,317.0
1753592200207,04:56:40.207,okx,A/USDT:USDT,0.5758,245.0,0.5757,484.0,0.5759,2.0,0.576,317.0
1753592200907,04:56:40.907,okx,A/USDT:USDT,0.5758,245.0,0.5757,510.0,0.5759,2.0,0.576,317.0
1753592201207,04:56:41.207,okx,A/USDT:USDT,0.5758,245.0,0.5757,642.0,0.5759,2.0,0.576,317.0
1753592201307,04:56:41.307,okx,A/USDT:USDT,0.5758,245.0,0.5757,642.0,0.5759,2.0,0.576,317.0
1753592202407,04:56:42.407,okx,A/USDT:USDT,0.5758,203.0,0.5757,676.0,0.5759,102.0,0.576,284.0
1753592202607,04:56:42.607,okx,A/USDT:USDT,0.5758,203.0,0.5757,812.0,0.5759,72.0,0.576,284.0
1753592203007,04:56:43.007,okx,A/USDT:USDT,0.5758,203.0,0.5757,812.0,0.5759,90.0,0.576,284.0
1753592204307,04:56:44.307,okx,A/USDT:USDT,0.5758,204.0,0.5757,812.0,0.5759,90.0,0.576,284.0
1753592205307,04:56:45.307,okx,A/USDT:USDT,0.5758,204.0,0.5757,812.0,0.5759,40.0,0.576,343.0
1753592205507,04:56:45.507,okx,A/USDT:USDT,0.5758,204.0,0.5757,815.0,0.5759,138.0,0.576,284.0
1753592205607,04:56:45.607,okx,A/USDT:USDT,0.5758,204.0,0.5757,815.0,0.5759,110.0,0.576,284.0
1753592205707,04:56:45.707,okx,A/USDT:USDT,0.5759,65.0,0.5758,421.0,0.576,68.0,0.5761,514.0
1753592205907,04:56:45.907,okx,A/USDT:USDT,0.5759,168.0,0.5758,492.0,0.576,67.0,0.5761,334.0
1753592206807,04:56:46.807,okx,A/USDT:USDT,0.5759,257.0,0.5758,857.0,0.576,39.0,0.5761,334.0
1753592207207,04:56:47.207,okx,A/USDT:USDT,0.5759,257.0,0.5758,1019.0,0.576,186.0,0.5761,334.0
1753592207607,04:56:47.607,okx,A/USDT:USDT,0.5759,257.0,0.5758,1019.0,0.576,185.0,0.5761,334.0
1753592208507,04:56:48.507,okx,A/USDT:USDT,0.5759,257.0,0.5758,1019.0,0.576,183.0,0.5761,334.0
1753592208607,04:56:48.607,okx,A/USDT:USDT,0.5759,257.0,0.5758,1019.0,0.576,121.0,0.5761,334.0
1753592208707,04:56:48.707,okx,A/USDT:USDT,0.5759,257.0,0.5758,1019.0,0.576,190.0,0.5761,334.0
1753592208807,04:56:48.807,okx,A/USDT:USDT,0.5759,257.0,0.5758,1019.0,0.576,190.0,0.5761,334.0
1753592209707,04:56:49.707,okx,A/USDT:USDT,0.5759,244.0,0.5758,1019.0,0.576,192.0,0.5761,334.0
1753592210107,04:56:50.107,okx,A/USDT:USDT,0.5759,244.0,0.5758,1019.0,0.576,192.0,0.5761,334.0
1753592210207,04:56:50.207,okx,A/USDT:USDT,0.5759,244.0,0.5758,1019.0,0.576,192.0,0.5761,334.0
1753592211107,04:56:51.107,okx,A/USDT:USDT,0.5759,244.0,0.5758,1154.0,0.576,104.0,0.5761,391.0
1753592211607,04:56:51.607,okx,A/USDT:USDT,0.5759,244.0,0.5758,769.0,0.576,197.0,0.5761,334.0
1753592212307,04:56:52.307,okx,A/USDT:USDT,0.5759,244.0,0.5758,468.0,0.576,197.0,0.5761,334.0
1753592212807,04:56:52.807,okx,A/USDT:USDT,0.5759,244.0,0.5758,468.0,0.576,197.0,0.5761,334.0
1753592213007,04:56:53.007,okx,A/USDT:USDT,0.5759,244.0,0.5758,468.0,0.576,197.0,0.5761,334.0
1753592213207,04:56:53.207,okx,A/USDT:USDT,0.5759,244.0,0.5758,468.0,0.576,197.0,0.5761,334.0
1753592213807,04:56:53.807,okx,A/USDT:USDT,0.5759,244.0,0.5758,468.0,0.576,197.0,0.5761,334.0
1753592214707,04:56:54.707,okx,A/USDT:USDT,0.5759,141.0,0.5758,455.0,0.576,198.0,0.5761,334.0
1753592215807,04:56:55.807,okx,A/USDT:USDT,0.5759,141.0,0.5758,455.0,0.576,197.0,0.5761,334.0
1753592216707,04:56:56.707,okx,A/USDT:USDT,0.5759,141.0,0.5758,458.0,0.576,197.0,0.5761,334.0
1753592217207,04:56:57.207,okx,A/USDT:USDT,0.5759,78.0,0.5758,344.0,0.576,211.0,0.5761,334.0
1753592217407,04:56:57.407,okx,A/USDT:USDT,0.5759,141.0,0.5758,344.0,0.576,180.0,0.5761,334.0
1753592217707,04:56:57.707,okx,A/USDT:USDT,0.5759,141.0,0.5758,344.0,0.576,210.0,0.5761,334.0
1753592218007,04:56:58.007,okx,A/USDT:USDT,0.5759,141.0,0.5758,344.0,0.576,180.0,0.5761,334.0
1753592218507,04:56:58.507,okx,A/USDT:USDT,0.5759,141.0,0.5758,344.0,0.576,210.0,0.5761,334.0
1753592218707,04:56:58.707,okx,A/USDT:USDT,0.5759,141.0,0.5758,344.0,0.576,210.0,0.5761,334.0
1753592218907,04:56:58.907,okx,A/USDT:USDT,0.5759,141.0,0.5758,344.0,0.576,210.0,0.5761,334.0
1753592219407,04:56:59.407,okx,A/USDT:USDT,0.5759,141.0,0.5758,344.0,0.576,211.0,0.5761,334.0
1753592219707,04:56:59.707,okx,A/USDT:USDT,0.5759,138.0,0.5758,344.0,0.576,210.0,0.5761,384.0
1753592220407,04:57:00.407,okx,A/USDT:USDT,0.5759,140.0,0.5758,321.0,0.576,180.0,0.5761,354.0
1753592220507,04:57:00.507,okx,A/USDT:USDT,0.5759,140.0,0.5758,189.0,0.576,210.0,0.5761,354.0
1753592220607,04:57:00.607,okx,A/USDT:USDT,0.5759,79.0,0.5758,307.0,0.576,208.0,0.5761,354.0
1753592220907,04:57:00.907,okx,A/USDT:USDT,0.5759,145.0,0.5758,367.0,0.576,169.0,0.5761,354.0
1753592221607,04:57:01.607,okx,A/USDT:USDT,0.5759,145.0,0.5758,367.0,0.576,210.0,0.5761,467.0
1753592221807,04:57:01.807,okx,A/USDT:USDT,0.5759,145.0,0.5758,367.0,0.576,199.0,0.5761,467.0
1753592222007,04:57:02.007,okx,A/USDT:USDT,0.5759,145.0,0.5758,367.0,0.576,169.0,0.5761,467.0
1753592222807,04:57:02.807,okx,A/USDT:USDT,0.5758,251.0,0.5757,241.0,0.5759,155.0,0.576,261.0
1753592223307,04:57:03.307,okx,A/USDT:USDT,0.5758,145.0,0.5757,267.0,0.5759,257.0,0.576,500.0
1753592223507,04:57:03.507,okx,A/USDT:USDT,0.5758,146.0,0.5757,267.0,0.5759,257.0,0.576,500.0
1753592223607,04:57:03.607,okx,A/USDT:USDT,0.5758,146.0,0.5757,267.0,0.5759,256.0,0.576,500.0
1753592223707,04:57:03.707,okx,A/USDT:USDT,0.5758,146.0,0.5757,205.0,0.5759,256.0,0.576,500.0
1753592224007,04:57:04.007,okx,A/USDT:USDT,0.5758,205.0,0.5757,205.0,0.5759,257.0,0.576,500.0
1753592224507,04:57:04.507,okx,A/USDT:USDT,0.5758,146.0,0.5757,205.0,0.5759,257.0,0.576,462.0
1753592224607,04:57:04.607,okx,A/USDT:USDT,0.5758,146.0,0.5757,268.0,0.5759,257.0,0.576,462.0
1753592224707,04:57:04.707,okx,A/USDT:USDT,0.5758,146.0,0.5757,268.0,0.5759,256.0,0.576,462.0
1753592224807,04:57:04.807,okx,A/USDT:USDT,0.5758,146.0,0.5757,268.0,0.5759,257.0,0.576,462.0
1753592224907,04:57:04.907,okx,A/USDT:USDT,0.5758,146.0,0.5757,268.0,0.5759,257.0,0.576,353.0
1753592225407,04:57:05.407,okx,A/USDT:USDT,0.5758,210.0,0.5757,205.0,0.5759,256.0,0.576,353.0
1753592225707,04:57:05.707,okx,A/USDT:USDT,0.5758,146.0,0.5757,205.0,0.5759,256.0,0.576,353.0
1753592226207,04:57:06.207,okx,A/USDT:USDT,0.5758,202.0,0.5757,205.0,0.5759,257.0,0.576,353.0
1753592227007,04:57:07.007,okx,A/USDT:USDT,0.5758,70.0,0.5757,280.0,0.5759,257.0,0.576,403.0
1753592227907,04:57:07.907,okx,A/USDT:USDT,0.5758,70.0,0.5757,281.0,0.5759,227.0,0.576,403.0
1753592230007,04:57:10.007,okx,A/USDT:USDT,0.5758,14.0,0.5757,339.0,0.5759,257.0,0.576,403.0
1753592230607,04:57:10.607,okx,A/USDT:USDT,0.5758,69.0,0.5757,270.0,0.5759,216.0,0.576,403.0
1753592230707,04:57:10.707,okx,A/USDT:USDT,0.5758,69.0,0.5757,270.0,0.5759,227.0,0.576,403.0
1753592231807,04:57:11.807,okx,A/USDT:USDT,0.5758,14.0,0.5757,270.0,0.5759,257.0,0.576,403.0
1753592231907,04:57:11.907,okx,A/USDT:USDT,0.5758,14.0,0.5757,331.0,0.5759,257.0,0.576,403.0
1753592232107,04:57:12.107,okx,A/USDT:USDT,0.5758,14.0,0.5757,331.0,0.5759,257.0,0.576,403.0
1753592232207,04:57:12.207,okx,A/USDT:USDT,0.5758,14.0,0.5757,242.0,0.5759,257.0,0.576,403.0
1753592232407,04:57:12.407,okx,A/USDT:USDT,0.5758,14.0,0.5757,242.0,0.5759,257.0,0.576,403.0
1753592233807,04:57:13.807,okx,A/USDT:USDT,0.5757,18.0,0.5756,298.0,0.5758,196.0,0.5759,246.0
1753592235407,04:57:15.407,okx,A/USDT:USDT,0.5757,82.0,0.5756,272.0,0.5758,278.0,0.5759,267.0
1753592237007,04:57:17.007,okx,A/USDT:USDT,0.5757,18.0,0.5756,272.0,0.5758,308.0,0.5759,267.0
1753592237107,04:57:17.107,okx,A/USDT:USDT,0.5757,18.0,0.5756,327.0,0.5758,319.0,0.5759,267.0
1753592237707,04:57:17.707,okx,A/USDT:USDT,0.5757,77.0,0.5756,272.0,0.5758,308.0,0.5759,237.0
1753592238107,04:57:18.107,okx,A/USDT:USDT,0.5757,18.0,0.5756,331.0,0.5758,308.0,0.5759,237.0
1753592238507,04:57:18.507,okx,A/USDT:USDT,0.5757,78.0,0.5756,211.0,0.5758,278.0,0.5759,237.0
1753592239207,04:57:19.207,okx,A/USDT:USDT,0.5757,75.0,0.5756,214.0,0.5758,278.0,0.5759,237.0
1753592240307,04:57:20.307,okx,A/USDT:USDT,0.5757,75.0,0.5756,214.0,0.5758,278.0,0.5759,237.0
1753592241007,04:57:21.007,okx,A/USDT:USDT,0.5757,75.0,0.5756,214.0,0.5758,314.0,0.5759,237.0
1753592241907,04:57:21.907,okx,A/USDT:USDT,0.5757,75.0,0.5756,214.0,0.5758,314.0,0.5759,159.0
1753592242507,04:57:22.507,okx,A/USDT:USDT,0.5757,75.0,0.5756,214.0,0.5758,314.0,0.5759,159.0
1753592244707,04:57:24.707,okx,A/USDT:USDT,0.5757,73.0,0.5756,216.0,0.5758,283.0,0.5759,159.0
1753592244807,04:57:24.807,okx,A/USDT:USDT,0.5757,73.0,0.5756,216.0,0.5758,313.0,0.5759,159.0
1753592245807,04:57:25.807,okx,A/USDT:USDT,0.5757,73.0,0.5756,216.0,0.5758,313.0,0.5759,159.0
1753592247007,04:57:27.007,okx,A/USDT:USDT,0.5757,73.0,0.5756,216.0,0.5758,283.0,0.5759,221.0
1753592247107,04:57:27.107,okx,A/USDT:USDT,0.5757,73.0,0.5756,216.0,0.5758,313.0,0.5759,221.0
1753592247207,04:57:27.207,okx,A/USDT:USDT,0.5757,73.0,0.5756,216.0,0.5758,283.0,0.5759,221.0
1753592247607,04:57:27.607,okx,A/USDT:USDT,0.5757,73.0,0.5756,216.0,0.5758,318.0,0.5759,221.0
1753592249407,04:57:29.407,okx,A/USDT:USDT,0.5757,73.0,0.5756,216.0,0.5758,318.0,0.5759,221.0
1753592249907,04:57:29.907,okx,A/USDT:USDT,0.5757,13.0,0.5756,232.0,0.5758,318.0,0.5759,221.0
1753592250007,04:57:30.007,okx,A/USDT:USDT,0.5757,13.0,0.5756,232.0,0.5758,318.0,0.5759,221.0
1753592250307,04:57:30.307,okx,A/USDT:USDT,0.5757,8.0,0.5756,237.0,0.5758,318.0,0.5759,221.0
1753592250907,04:57:30.907,okx,A/USDT:USDT,0.5757,8.0,0.5756,237.0,0.5758,318.0,0.5759,159.0
1753592251207,04:57:31.207,okx,A/USDT:USDT,0.5757,70.0,0.5756,171.0,0.5758,318.0,0.5759,159.0
1753592253007,04:57:33.007,okx,A/USDT:USDT,0.5757,70.0,0.5756,171.0,0.5758,277.0,0.5759,159.0
1753592253407,04:57:33.407,okx,A/USDT:USDT,0.5757,70.0,0.5756,171.0,0.5758,281.0,0.5759,159.0
1753592253707,04:57:33.707,okx,A/USDT:USDT,0.5757,70.0,0.5756,171.0,0.5758,311.0,0.5759,221.0
1753592255007,04:57:35.007,okx,A/USDT:USDT,0.5757,70.0,0.5756,171.0,0.5758,281.0,0.5759,221.0
1753592255407,04:57:35.407,okx,A/USDT:USDT,0.5757,70.0,0.5756,171.0,0.5758,322.0,0.5759,221.0
1753592255707,04:57:35.707,okx,A/USDT:USDT,0.5757,70.0,0.5756,167.0,0.5758,322.0,0.5759,221.0
1753592255807,04:57:35.807,okx,A/USDT:USDT,0.5757,70.0,0.5756,167.0,0.5758,322.0,0.5759,221.0
1753592257207,04:57:37.207,okx,A/USDT:USDT,0.5757,70.0,0.5756,167.0,0.5758,322.0,0.5759,221.0
1753592257507,04:57:37.507,okx,A/USDT:USDT,0.5757,70.0,0.5756,167.0,0.5758,322.0,0.5759,221.0
1753592257607,04:57:37.607,okx,A/USDT:USDT,0.5757,70.0,0.5756,167.0,0.5758,322.0,0.5759,221.0
1753592257807,04:57:37.807,okx,A/USDT:USDT,0.5757,70.0,0.5756,167.0,0.5758,281.0,0.5759,221.0
1753592257907,04:57:37.907,okx,A/USDT:USDT,0.5757,70.0,0.5756,167.0,0.5758,322.0,0.5759,221.0
1753592261707,04:57:41.707,okx,A/USDT:USDT,0.5757,66.0,0.5756,170.0,0.5758,292.0,0.5759,221.0
1753592261907,04:57:41.907,okx,A/USDT:USDT,0.5757,66.0,0.5756,170.0,0.5758,292.0,0.5759,221.0
1753592262207,04:57:42.207,okx,A/USDT:USDT,0.5757,36.0,0.5756,170.0,0.5758,330.0,0.5759,221.0
1753592263307,04:57:43.307,okx,A/USDT:USDT,0.5757,36.0,0.5756,170.0,0.5758,330.0,0.5759,221.0
1753592263507,04:57:43.507,okx,A/USDT:USDT,0.5757,36.0,0.5756,170.0,0.5758,300.0,0.5759,159.0
1753592263607,04:57:43.607,okx,A/USDT:USDT,0.5757,36.0,0.5756,170.0,0.5758,330.0,0.5759,159.0
1753592264607,04:57:44.607,okx,A/USDT:USDT,0.5757,36.0,0.5756,170.0,0.5758,300.0,0.5759,159.0
1753592265407,04:57:45.407,okx,A/USDT:USDT,0.5757,36.0,0.5756,170.0,0.5758,300.0,0.5759,159.0
1753592265607,04:57:45.607,okx,A/USDT:USDT,0.5757,36.0,0.5756,170.0,0.5758,300.0,0.5759,159.0
1753592266107,04:57:46.107,okx,A/USDT:USDT,0.5757,36.0,0.5756,170.0,0.5758,300.0,0.5759,159.0
1753592267507,04:57:47.507,okx,A/USDT:USDT,0.5757,36.0,0.5756,170.0,0.5758,300.0,0.5759,159.0
1753592268907,04:57:48.907,okx,A/USDT:USDT,0.5756,84.0,0.5755,344.0,0.5757,117.0,0.5758,325.0
1753592269807,04:57:49.807,okx,A/USDT:USDT,0.5756,84.0,0.5755,344.0,0.5757,106.0,0.5758,325.0
1753592272507,04:57:52.507,okx,A/USDT:USDT,0.5756,79.0,0.5755,344.0,0.5757,218.0,0.5758,253.0
1753592272707,04:57:52.707,okx,A/USDT:USDT,0.5756,79.0,0.5755,350.0,0.5757,218.0,0.5758,253.0
1753592274607,04:57:54.607,okx,A/USDT:USDT,0.5756,79.0,0.5755,350.0,0.5757,188.0,0.5758,253.0
1753592274907,04:57:54.907,okx,A/USDT:USDT,0.5756,79.0,0.5755,350.0,0.5757,218.0,0.5758,253.0
1753592275907,04:57:55.907,okx,A/USDT:USDT,0.5756,83.0,0.5755,350.0,0.5757,188.0,0.5758,253.0
1753592277707,04:57:57.707,okx,A/USDT:USDT,0.5756,82.0,0.5755,350.0,0.5757,210.0,0.5758,253.0
1753592277907,04:57:57.907,okx,A/USDT:USDT,0.5756,82.0,0.5755,350.0,0.5757,210.0,0.5758,253.0
1753592278107,04:57:58.107,okx,A/USDT:USDT,0.5756,80.0,0.5755,350.0,0.5757,210.0,0.5758,253.0
1753592278307,04:57:58.307,okx,A/USDT:USDT,0.5756,81.0,0.5755,352.0,0.5757,210.0,0.5758,253.0
1753592280907,04:58:00.907,okx,A/USDT:USDT,0.5756,82.0,0.5755,352.0,0.5757,240.0,0.5758,253.0
1753592281607,04:58:01.607,okx,A/USDT:USDT,0.5756,15.0,0.5755,407.0,0.5757,251.0,0.5758,253.0
1753592281807,04:58:01.807,okx,A/USDT:USDT,0.5756,75.0,0.5755,352.0,0.5757,251.0,0.5758,253.0
1753592282107,04:58:02.107,okx,A/USDT:USDT,0.5756,76.0,0.5755,352.0,0.5757,210.0,0.5758,253.0
1753592283307,04:58:03.307,okx,A/USDT:USDT,0.5756,75.0,0.5755,378.0,0.5757,240.0,0.5758,253.0
1753592283807,04:58:03.807,okx,A/USDT:USDT,0.5756,75.0,0.5755,378.0,0.5757,240.0,0.5758,253.0
1753592283907,04:58:03.907,okx,A/USDT:USDT,0.5756,70.0,0.5755,378.0,0.5757,240.0,0.5758,253.0
1753592284007,04:58:04.007,okx,A/USDT:USDT,0.5756,70.0,0.5755,383.0,0.5757,240.0,0.5758,253.0
1753592284207,04:58:04.207,okx,A/USDT:USDT,0.5756,70.0,0.5755,383.0,0.5757,210.0,0.5758,253.0
1753592284307,04:58:04.307,okx,A/USDT:USDT,0.5756,71.0,0.5755,383.0,0.5757,210.0,0.5758,253.0
1753592285107,04:58:05.107,okx,A/USDT:USDT,0.5756,10.0,0.5755,333.0,0.5757,252.0,0.5758,253.0
1753592287407,04:58:07.407,okx,A/USDT:USDT,0.5756,67.0,0.5755,333.0,0.5757,212.0,0.5758,253.0
1753592288107,04:58:08.107,okx,A/USDT:USDT,0.5756,66.0,0.5755,333.0,0.5757,341.0,0.5758,241.0
1753592289407,04:58:09.407,okx,A/USDT:USDT,0.5756,66.0,0.5755,333.0,0.5757,341.0,0.5758,241.0
1753592289607,04:58:09.607,okx,A/USDT:USDT,0.5756,66.0,0.5755,333.0,0.5757,330.0,0.5758,241.0
1753592291907,04:58:11.907,okx,A/USDT:USDT,0.5756,66.0,0.5755,162.0,0.5757,300.0,0.5758,241.0
1753592292507,04:58:12.507,okx,A/USDT:USDT,0.5756,66.0,0.5755,333.0,0.5757,311.0,0.5758,241.0
1753592293007,04:58:13.007,okx,A/USDT:USDT,0.5756,65.0,0.5755,333.0,0.5757,309.0,0.5758,241.0
1753592293107,04:58:13.107,okx,A/USDT:USDT,0.5756,64.0,0.5755,333.0,0.5757,339.0,0.5758,241.0
1753592293207,04:58:13.207,okx,A/USDT:USDT,0.5756,66.0,0.5755,333.0,0.5757,341.0,0.5758,241.0
1753592293807,04:58:13.807,okx,A/USDT:USDT,0.5756,66.0,0.5755,333.0,0.5757,341.0,0.5758,241.0
1753592294907,04:58:14.907,okx,A/USDT:USDT,0.5756,64.0,0.5755,336.0,0.5757,300.0,0.5758,241.0
1753592297807,04:58:17.807,okx,A/USDT:USDT,0.5756,63.0,0.5755,336.0,0.5757,341.0,0.5758,241.0
1753592297907,04:58:17.907,okx,A/USDT:USDT,0.5756,64.0,0.5755,336.0,0.5757,341.0,0.5758,241.0
1753592298607,04:58:18.607,okx,A/USDT:USDT,0.5756,64.0,0.5755,336.0,0.5757,342.0,0.5758,241.0
1753592299307,04:58:19.307,okx,A/USDT:USDT,0.5756,63.0,0.5755,336.0,0.5757,207.0,0.5758,241.0
1753592299407,04:58:19.407,okx,A/USDT:USDT,0.5756,63.0,0.5755,336.0,0.5757,351.0,0.5758,241.0
1753592299707,04:58:19.707,okx,A/USDT:USDT,0.5756,64.0,0.5755,336.0,0.5757,351.0,0.5758,241.0
1753592300507,04:58:20.507,okx,A/USDT:USDT,0.5756,62.0,0.5755,337.0,0.5757,351.0,0.5758,241.0
1753592301607,04:58:21.607,okx,A/USDT:USDT,0.5756,62.0,0.5755,337.0,0.5757,351.0,0.5758,241.0
1753592302107,04:58:22.107,okx,A/USDT:USDT,0.5756,63.0,0.5755,337.0,0.5757,323.0,0.5758,241.0
1753592302307,04:58:22.307,okx,A/USDT:USDT,0.5756,63.0,0.5755,348.0,0.5757,353.0,0.5758,241.0
1753592302707,04:58:22.707,okx,A/USDT:USDT,0.5756,63.0,0.5755,177.0,0.5757,353.0,0.5758,241.0
1753592302807,04:58:22.807,okx,A/USDT:USDT,0.5756,63.0,0.5755,177.0,0.5757,353.0,0.5758,241.0
1753592303407,04:58:23.407,okx,A/USDT:USDT,0.5756,63.0,0.5755,348.0,0.5757,324.0,0.5758,241.0
1753592304707,04:58:24.707,okx,A/USDT:USDT,0.5756,63.0,0.5755,348.0,0.5757,352.0,0.5758,241.0
1753592306307,04:58:26.307,okx,A/USDT:USDT,0.5756,63.0,0.5755,356.0,0.5757,324.0,0.5758,241.0
1753592306407,04:58:26.407,okx,A/USDT:USDT,0.5756,63.0,0.5755,356.0,0.5757,313.0,0.5758,241.0
1753592307307,04:58:27.307,okx,A/USDT:USDT,0.5756,63.0,0.5755,356.0,0.5757,313.0,0.5758,241.0
1753592307407,04:58:27.407,okx,A/USDT:USDT,0.5756,63.0,0.5755,356.0,0.5757,313.0,0.5758,241.0
1753592307707,04:58:27.707,okx,A/USDT:USDT,0.5756,155.0,0.5755,356.0,0.5757,257.0,0.5758,241.0
1753592307907,04:58:27.907,okx,A/USDT:USDT,0.5756,108.0,0.5755,356.0,0.5757,257.0,0.5758,297.0
1753592308607,04:58:28.607,okx,A/USDT:USDT,0.5756,114.0,0.5755,356.0,0.5757,313.0,0.5758,241.0
1753592309807,04:58:29.807,okx,A/USDT:USDT,0.5756,114.0,0.5755,356.0,0.5757,313.0,0.5758,241.0
1753592310107,04:58:30.107,okx,A/USDT:USDT,0.5756,144.0,0.5755,356.0,0.5757,313.0,0.5758,241.0
1753592310907,04:58:30.907,okx,A/USDT:USDT,0.5756,144.0,0.5755,406.0,0.5757,313.0,0.5758,241.0
1753592311107,04:58:31.107,okx,A/USDT:USDT,0.5756,153.0,0.5755,406.0,0.5757,257.0,0.5758,241.0
1753592311207,04:58:31.207,okx,A/USDT:USDT,0.5756,153.0,0.5755,406.0,0.5757,257.0,0.5758,241.0
1753592311307,04:58:31.307,okx,A/USDT:USDT,0.5756,123.0,0.5755,406.0,0.5757,320.0,0.5758,241.0
1753592311907,04:58:31.907,okx,A/USDT:USDT,0.5756,153.0,0.5755,405.0,0.5757,320.0,0.5758,241.0
1753592314507,04:58:34.507,okx,A/USDT:USDT,0.5756,153.0,0.5755,405.0,0.5757,320.0,0.5758,241.0
1753592315007,04:58:35.007,okx,A/USDT:USDT,0.5756,123.0,0.5755,405.0,0.5757,320.0,0.5758,241.0
1753592315807,04:58:35.807,okx,A/USDT:USDT,0.5756,153.0,0.5755,405.0,0.5757,320.0,0.5758,241.0
1753592316107,04:58:36.107,okx,A/USDT:USDT,0.5756,153.0,0.5755,234.0,0.5757,257.0,0.5758,241.0
1753592317407,04:58:37.407,okx,A/USDT:USDT,0.5756,153.0,0.5755,283.0,0.5757,210.0,0.5758,306.0
1753592317507,04:58:37.507,okx,A/USDT:USDT,0.5756,123.0,0.5755,283.0,0.5757,210.0,0.5758,306.0
1753592317607,04:58:37.607,okx,A/USDT:USDT,0.5756,153.0,0.5755,283.0,0.5757,269.0,0.5758,241.0
1753592317807,04:58:37.807,okx,A/USDT:USDT,0.5756,123.0,0.5755,283.0,0.5757,269.0,0.5758,241.0
1753592319707,04:58:39.707,okx,A/USDT:USDT,0.5756,153.0,0.5755,454.0,0.5757,268.0,0.5758,241.0
1753592320307,04:58:40.307,okx,A/USDT:USDT,0.5756,153.0,0.5755,454.0,0.5757,209.0,0.5758,241.0
1753592320507,04:58:40.507,okx,A/USDT:USDT,0.5756,153.0,0.5755,499.0,0.5757,209.0,0.5758,304.0
1753592320607,04:58:40.607,okx,A/USDT:USDT,0.5756,153.0,0.5755,499.0,0.5757,209.0,0.5758,304.0
1753592320707,04:58:40.707,okx,A/USDT:USDT,0.5756,153.0,0.5755,499.0,0.5757,209.0,0.5758,304.0
1753592321207,04:58:41.207,okx,A/USDT:USDT,0.5756,141.0,0.5755,499.0,0.5757,274.0,0.5758,241.0
1753592321807,04:58:41.807,okx,A/USDT:USDT,0.5756,162.0,0.5755,499.0,0.5757,209.0,0.5758,237.0
1753592322307,04:58:42.307,okx,A/USDT:USDT,0.5756,162.0,0.5755,499.0,0.5757,209.0,0.5758,237.0
1753592323007,04:58:43.007,okx,A/USDT:USDT,0.5756,162.0,0.5755,495.0,0.5757,209.0,0.5758,237.0
1753592323107,04:58:43.107,okx,A/USDT:USDT,0.5756,162.0,0.5755,498.0,0.5757,209.0,0.5758,237.0
1753592325307,04:58:45.307,okx,A/USDT:USDT,0.5756,162.0,0.5755,498.0,0.5757,209.0,0.5758,237.0
1753592325607,04:58:45.607,okx,A/USDT:USDT,0.5756,162.0,0.5755,498.0,0.5757,209.0,0.5758,237.0
1753592326007,04:58:46.007,okx,A/USDT:USDT,0.5756,162.0,0.5755,498.0,0.5757,209.0,0.5758,237.0
1753592326107,04:58:46.107,okx,A/USDT:USDT,0.5756,162.0,0.5755,498.0,0.5757,209.0,0.5758,237.0
1753592326307,04:58:46.307,okx,A/USDT:USDT,0.5756,162.0,0.5755,498.0,0.5757,209.0,0.5758,237.0
1753592326507,04:58:46.507,okx,A/USDT:USDT,0.5756,162.0,0.5755,498.0,0.5757,209.0,0.5758,237.0
1753592326607,04:58:46.607,okx,A/USDT:USDT,0.5756,162.0,0.5755,498.0,0.5757,209.0,0.5758,237.0
1753592327207,04:58:47.207,okx,A/USDT:USDT,0.5756,162.0,0.5755,327.0,0.5757,209.0,0.5758,237.0
1753592327707,04:58:47.707,okx,A/USDT:USDT,0.5756,162.0,0.5755,498.0,0.5757,209.0,0.5758,237.0
1753592328507,04:58:48.507,okx,A/USDT:USDT,0.5756,162.0,0.5755,494.0,0.5757,209.0,0.5758,237.0
1753592329107,04:58:49.107,okx,A/USDT:USDT,0.5756,151.0,0.5755,497.0,0.5757,209.0,0.5758,237.0
1753592329207,04:58:49.207,okx,A/USDT:USDT,0.5756,121.0,0.5755,497.0,0.5757,209.0,0.5758,237.0
1753592329807,04:58:49.807,okx,A/USDT:USDT,0.5757,135.0,0.5756,230.0,0.5758,84.0,0.5759,256.0
1753592330907,04:58:50.907,okx,A/USDT:USDT,0.5757,157.0,0.5756,446.0,0.5758,94.0,0.5759,147.0
1753592331307,04:58:51.307,okx,A/USDT:USDT,0.5757,157.0,0.5756,465.0,0.5758,64.0,0.5759,147.0
1753592331807,04:58:51.807,okx,A/USDT:USDT,0.5757,168.0,0.5756,465.0,0.5758,64.0,0.5759,147.0
1753592332407,04:58:52.407,okx,A/USDT:USDT,0.5757,198.0,0.5756,591.0,0.5758,64.0,0.5759,147.0
1753592332707,04:58:52.707,okx,A/USDT:USDT,0.5757,198.0,0.5756,591.0,0.5758,64.0,0.5759,147.0
1753592334207,04:58:54.207,okx,A/USDT:USDT,0.5757,157.0,0.5756,592.0,0.5758,71.0,0.5759,147.0
1753592334307,04:58:54.307,okx,A/USDT:USDT,0.5757,157.0,0.5756,592.0,0.5758,101.0,0.5759,147.0
1753592336307,04:58:56.307,okx,A/USDT:USDT,0.5757,157.0,0.5756,622.0,0.5758,66.0,0.5759,147.0
1753592336807,04:58:56.807,okx,A/USDT:USDT,0.5757,157.0,0.5756,622.0,0.5758,66.0,0.5759,147.0
1753592336907,04:58:56.907,okx,A/USDT:USDT,0.5757,157.0,0.5756,622.0,0.5758,66.0,0.5759,147.0
1753592338007,04:58:58.007,okx,A/USDT:USDT,0.5757,198.0,0.5756,622.0,0.5758,66.0,0.5759,147.0
1753592338507,04:58:58.507,okx,A/USDT:USDT,0.5757,198.0,0.5756,622.0,0.5758,70.0,0.5759,147.0
1753592338707,04:58:58.707,okx,A/USDT:USDT,0.5757,198.0,0.5756,622.0,0.5758,73.0,0.5759,147.0
1753592339407,04:58:59.407,okx,A/USDT:USDT,0.5757,198.0,0.5756,622.0,0.5758,2.0,0.5759,147.0
1753592339507,04:58:59.507,okx,A/USDT:USDT,0.5757,198.0,0.5756,622.0,0.5758,2.0,0.5759,203.0
1753592339707,04:58:59.707,okx,A/USDT:USDT,0.5757,198.0,0.5756,622.0,0.5758,2.0,0.5759,203.0
1753592339907,04:58:59.907,okx,A/USDT:USDT,0.5757,198.0,0.5756,624.0,0.5758,2.0,0.5759,203.0
1753592340707,04:59:00.707,okx,A/USDT:USDT,0.5758,116.0,0.5757,355.0,0.5759,204.0,0.576,320.0
1753592340807,04:59:00.807,okx,A/USDT:USDT,0.5758,116.0,0.5757,356.0,0.5759,204.0,0.576,320.0
1753592341007,04:59:01.007,okx,A/USDT:USDT,0.5758,86.0,0.5757,356.0,0.5759,157.0,0.576,261.0
1753592341107,04:59:01.107,okx,A/USDT:USDT,0.5758,75.0,0.5757,326.0,0.5759,157.0,0.576,291.0
1753592342007,04:59:02.007,okx,A/USDT:USDT,0.5758,1.0,0.5757,375.0,0.5759,187.0,0.576,291.0
1753592342107,04:59:02.107,okx,A/USDT:USDT,0.5758,21.0,0.5757,417.0,0.5759,86.0,0.576,291.0
1753592342807,04:59:02.807,okx,A/USDT:USDT,0.5758,21.0,0.5757,623.0,0.5759,141.0,0.576,291.0
1753592342907,04:59:02.907,okx,A/USDT:USDT,0.5758,21.0,0.5757,623.0,0.5759,141.0,0.576,291.0
1753592343207,04:59:03.207,okx,A/USDT:USDT,0.5758,21.0,0.5757,623.0,0.5759,141.0,0.576,291.0
1753592343407,04:59:03.407,okx,A/USDT:USDT,0.5758,21.0,0.5757,623.0,0.5759,141.0,0.576,291.0
1753592343607,04:59:03.607,okx,A/USDT:USDT,0.5758,21.0,0.5757,623.0,0.5759,141.0,0.576,291.0
1753592343807,04:59:03.807,okx,A/USDT:USDT,0.5758,21.0,0.5757,623.0,0.5759,141.0,0.576,291.0
1753592344007,04:59:04.007,okx,A/USDT:USDT,0.5758,21.0,0.5757,623.0,0.5759,141.0,0.576,291.0
1753592344807,04:59:04.807,okx,A/USDT:USDT,0.5758,21.0,0.5757,623.0,0.5759,141.0,0.576,291.0
1753592344907,04:59:04.907,okx,A/USDT:USDT,0.5758,21.0,0.5757,623.0,0.5759,111.0,0.576,291.0
1753592345407,04:59:05.407,okx,A/USDT:USDT,0.5758,21.0,0.5757,623.0,0.5759,111.0,0.576,291.0
1753592345907,04:59:05.907,okx,A/USDT:USDT,0.5758,19.0,0.5757,627.0,0.5759,111.0,0.576,291.0
1753592349607,04:59:09.607,okx,A/USDT:USDT,0.5758,21.0,0.5757,661.0,0.5759,111.0,0.576,291.0
1753592350107,04:59:10.107,okx,A/USDT:USDT,0.5758,21.0,0.5757,661.0,0.5759,111.0,0.576,291.0
1753592350707,04:59:10.707,okx,A/USDT:USDT,0.5757,498.0,0.5756,576.0,0.5758,49.0,0.5759,195.0
1753592350907,04:59:10.907,okx,A/USDT:USDT,0.5757,549.0,0.5756,576.0,0.5758,109.0,0.5759,110.0
1753592351907,04:59:11.907,okx,A/USDT:USDT,0.5757,333.0,0.5756,800.0,0.5758,109.0,0.5759,99.0
1753592352407,04:59:12.407,okx,A/USDT:USDT,0.5757,333.0,0.5756,620.0,0.5758,109.0,0.5759,99.0
1753592352707,04:59:12.707,okx,A/USDT:USDT,0.5757,333.0,0.5756,620.0,0.5758,109.0,0.5759,99.0
1753592353107,04:59:13.107,okx,A/USDT:USDT,0.5757,333.0,0.5756,620.0,0.5758,109.0,0.5759,99.0
1753592353807,04:59:13.807,okx,A/USDT:USDT,0.5757,333.0,0.5756,620.0,0.5758,108.0,0.5759,99.0
1753592354107,04:59:14.107,okx,A/USDT:USDT,0.5757,333.0,0.5756,449.0,0.5758,108.0,0.5759,99.0
1753592354307,04:59:14.307,okx,A/USDT:USDT,0.5757,333.0,0.5756,620.0,0.5758,108.0,0.5759,99.0
1753592354407,04:59:14.407,okx,A/USDT:USDT,0.5757,333.0,0.5756,620.0,0.5758,108.0,0.5759,99.0
1753592355307,04:59:15.307,okx,A/USDT:USDT,0.5758,79.0,0.5757,483.0,0.5759,112.0,0.576,261.0
1753592355407,04:59:15.407,okx,A/USDT:USDT,0.5758,79.0,0.5757,464.0,0.5759,112.0,0.576,261.0
1753592355507,04:59:15.507,okx,A/USDT:USDT,0.5758,79.0,0.5757,513.0,0.5759,112.0,0.576,261.0
1753592356407,04:59:16.407,okx,A/USDT:USDT,0.5758,120.0,0.5757,513.0,0.5759,112.0,0.576,261.0
1753592356707,04:59:16.707,okx,A/USDT:USDT,0.5758,90.0,0.5757,516.0,0.5759,113.0,0.576,261.0
1753592357407,04:59:17.407,okx,A/USDT:USDT,0.5758,64.0,0.5757,597.0,0.5759,113.0,0.576,261.0
1753592358007,04:59:18.007,okx,A/USDT:USDT,0.5758,64.0,0.5757,597.0,0.5759,113.0,0.576,261.0
1753592358207,04:59:18.207,okx,A/USDT:USDT,0.5758,64.0,0.5757,597.0,0.5759,113.0,0.576,261.0
1753592358507,04:59:18.507,okx,A/USDT:USDT,0.5758,22.0,0.5757,597.0,0.5759,113.0,0.576,261.0
1753592359607,04:59:19.607,okx,A/USDT:USDT,0.5758,22.0,0.5757,597.0,0.5759,113.0,0.576,261.0
1753592359907,04:59:19.907,okx,A/USDT:USDT,0.5758,22.0,0.5757,597.0,0.5759,113.0,0.576,261.0
1753592361307,04:59:21.307,okx,A/USDT:USDT,0.5758,22.0,0.5757,597.0,0.5759,113.0,0.576,261.0
1753592362107,04:59:22.107,okx,A/USDT:USDT,0.5758,22.0,0.5757,597.0,0.5759,113.0,0.576,261.0
1753592362207,04:59:22.207,okx,A/USDT:USDT,0.5758,22.0,0.5757,600.0,0.5759,113.0,0.576,261.0
1753592365507,04:59:25.507,okx,A/USDT:USDT,0.5758,22.0,0.5757,644.0,0.5759,113.0,0.576,261.0
1753592365807,04:59:25.807,okx,A/USDT:USDT,0.5758,22.0,0.5757,644.0,0.5759,114.0,0.576,261.0
1753592366107,04:59:26.107,okx,A/USDT:USDT,0.5758,22.0,0.5757,622.0,0.5759,155.0,0.576,261.0
1753592366307,04:59:26.307,okx,A/USDT:USDT,0.5757,523.0,0.5756,426.0,0.5758,49.0,0.5759,178.0
1753592366907,04:59:26.907,okx,A/USDT:USDT,0.5758,79.0,0.5757,637.0,0.5759,120.0,0.576,261.0
1753592369507,04:59:29.507,okx,A/USDT:USDT,0.5758,79.0,0.5757,637.0,0.5759,161.0,0.576,291.0
1753592371607,04:59:31.607,okx,A/USDT:USDT,0.5758,79.0,0.5757,637.0,0.5759,161.0,0.576,291.0
1753592372307,04:59:32.307,okx,A/USDT:USDT,0.5758,23.0,0.5757,637.0,0.5759,159.0,0.576,261.0
1753592374707,04:59:34.707,okx,A/USDT:USDT,0.5758,23.0,0.5757,639.0,0.5759,120.0,0.576,261.0
1753592375107,04:59:35.107,okx,A/USDT:USDT,0.5758,109.0,0.5757,639.0,0.5759,70.0,0.576,261.0
1753592375407,04:59:35.407,okx,A/USDT:USDT,0.5758,79.0,0.5757,628.0,0.5759,70.0,0.576,261.0
1753592376507,04:59:36.507,okx,A/USDT:USDT,0.5758,79.0,0.5757,628.0,0.5759,71.0,0.576,261.0
1753592377807,04:59:37.807,okx,A/USDT:USDT,0.5758,23.0,0.5757,628.0,0.5759,136.0,0.576,261.0
1753592378307,04:59:38.307,okx,A/USDT:USDT,0.5758,23.0,0.5757,628.0,0.5759,166.0,0.576,261.0
1753592378407,04:59:38.407,okx,A/USDT:USDT,0.5758,23.0,0.5757,628.0,0.5759,166.0,0.576,211.0
1753592378507,04:59:38.507,okx,A/USDT:USDT,0.5758,23.0,0.5757,628.0,0.5759,166.0,0.576,211.0
1753592378707,04:59:38.707,okx,A/USDT:USDT,0.5758,23.0,0.5757,624.0,0.5759,136.0,0.576,211.0
1753592378907,04:59:38.907,okx,A/USDT:USDT,0.5758,23.0,0.5757,629.0,0.5759,136.0,0.576,211.0
1753592379807,04:59:39.807,okx,A/USDT:USDT,0.5758,23.0,0.5757,629.0,0.5759,133.0,0.576,211.0
1753592380707,04:59:40.707,okx,A/USDT:USDT,0.5758,23.0,0.5757,629.0,0.5759,133.0,0.576,211.0
1753592381907,04:59:41.907,okx,A/USDT:USDT,0.5758,23.0,0.5757,686.0,0.5759,101.0,0.576,211.0
1753592382807,04:59:42.807,okx,A/USDT:USDT,0.5758,22.0,0.5757,686.0,0.5759,155.0,0.576,211.0
1753592382907,04:59:42.907,okx,A/USDT:USDT,0.5758,22.0,0.5757,686.0,0.5759,155.0,0.576,211.0
1753592383407,04:59:43.407,okx,A/USDT:USDT,0.5758,23.0,0.5757,686.0,0.5759,125.0,0.576,211.0
1753592384407,04:59:44.407,okx,A/USDT:USDT,0.5758,27.0,0.5757,691.0,0.5759,60.0,0.576,211.0
1753592386307,04:59:46.307,okx,A/USDT:USDT,0.5758,103.0,0.5757,889.0,0.5759,122.0,0.576,198.0
1753592386407,04:59:46.407,okx,A/USDT:USDT,0.5758,103.0,0.5757,889.0,0.5759,122.0,0.576,198.0
1753592386507,04:59:46.507,okx,A/USDT:USDT,0.5758,103.0,0.5757,889.0,0.5759,122.0,0.576,198.0
1753592387207,04:59:47.207,okx,A/USDT:USDT,0.5758,133.0,0.5757,889.0,0.5759,59.0,0.576,198.0
1753592390007,04:59:50.007,okx,A/USDT:USDT,0.5758,133.0,0.5757,886.0,0.5759,119.0,0.576,198.0
1753592390107,04:59:50.107,okx,A/USDT:USDT,0.5758,133.0,0.5757,887.0,0.5759,119.0,0.576,198.0
1753592390207,04:59:50.207,okx,A/USDT:USDT,0.5758,133.0,0.5757,889.0,0.5759,119.0,0.576,198.0
1753592391307,04:59:51.307,okx,A/USDT:USDT,0.5758,136.0,0.5757,1021.0,0.5759,119.0,0.576,198.0
1753592392107,04:59:52.107,okx,A/USDT:USDT,0.5758,95.0,0.5757,897.0,0.5759,119.0,0.576,198.0
1753592395807,04:59:55.807,okx,A/USDT:USDT,0.5758,136.0,0.5757,1033.0,0.5759,119.0,0.576,198.0
1753592396407,04:59:56.407,okx,A/USDT:USDT,0.5758,95.0,0.5757,1032.0,0.5759,124.0,0.576,198.0
1753592397907,04:59:57.907,okx,A/USDT:USDT,0.5758,104.0,0.5757,1032.0,0.5759,113.0,0.576,198.0
1753592398007,04:59:58.007,okx,A/USDT:USDT,0.5758,104.0,0.5757,1032.0,0.5759,113.0,0.576,198.0
1753592398107,04:59:58.107,okx,A/USDT:USDT,0.5758,104.0,0.5757,1032.0,0.5759,113.0,0.576,198.0
1753592399407,04:59:59.407,okx,A/USDT:USDT,0.5758,104.0,0.5757,1032.0,0.5759,113.0,0.576,198.0
1753592399507,04:59:59.507,okx,A/USDT:USDT,0.5758,115.0,0.5757,1032.0,0.5759,113.0,0.576,198.0
1753592399607,04:59:59.607,okx,A/USDT:USDT,0.5758,145.0,0.5757,1032.0,0.5759,113.0,0.576,198.0
1753592400007,05:00:00.007,okx,A/USDT:USDT,0.5758,115.0,0.5757,1032.0,0.5759,113.0,0.576,198.0
1753592400107,05:00:00.107,okx,A/USDT:USDT,0.5758,115.0,0.5757,1032.0,0.5759,113.0,0.576,198.0
1753592400807,05:00:00.807,okx,A/USDT:USDT,0.5758,104.0,0.5757,1075.0,0.5759,113.0,0.576,198.0
1753592400907,05:00:00.907,okx,A/USDT:USDT,0.5758,104.0,0.5757,1075.0,0.5759,113.0,0.576,198.0
1753592401207,05:00:01.207,okx,A/USDT:USDT,0.5758,104.0,0.5757,1075.0,0.5759,113.0,0.576,198.0
1753592401607,05:00:01.607,okx,A/USDT:USDT,0.5758,114.0,0.5757,1075.0,0.5759,48.0,0.576,260.0
1753592401807,05:00:01.807,okx,A/USDT:USDT,0.5758,141.0,0.5757,1075.0,0.5759,48.0,0.576,198.0
1753592401907,05:00:01.907,okx,A/USDT:USDT,0.5758,114.0,0.5757,1075.0,0.5759,48.0,0.576,254.0
1753592402007,05:00:02.007,okx,A/USDT:USDT,0.5758,150.0,0.5757,1075.0,0.5759,48.0,0.576,254.0
1753592402307,05:00:02.307,okx,A/USDT:USDT,0.5758,150.0,0.5757,1075.0,0.5759,111.0,0.576,225.0
1753592402407,05:00:02.407,okx,A/USDT:USDT,0.5758,150.0,0.5757,1102.0,0.5759,46.0,0.576,148.0
1753592403002,05:00:03.002,okx,A/USDT:USDT,0.5758,140.0,0.5757,1075.0,0.5759,146.0,0.576,175.0
1753592403102,05:00:03.102,okx,A/USDT:USDT,0.5758,140.0,0.5757,1075.0,0.5759,119.0,0.576,175.0
1753592403302,05:00:03.302,okx,A/USDT:USDT,0.5758,140.0,0.5757,1075.0,0.5759,46.0,0.576,174.0
1753592403402,05:00:03.402,okx,A/USDT:USDT,0.5759,142.0,0.5758,572.0,0.576,2.0,0.5761,71.0
1753592403502,05:00:03.502,okx,A/USDT:USDT,0.5759,154.0,0.5758,696.0,0.576,2.0,0.5761,179.0
1753592403602,05:00:03.602,okx,A/USDT:USDT,0.5759,154.0,0.5758,696.0,0.576,67.0,0.5761,150.0
1753592404202,05:00:04.202,okx,A/USDT:USDT,0.5759,154.0,0.5758,696.0,0.576,67.0,0.5761,150.0
1753592404302,05:00:04.302,okx,A/USDT:USDT,0.5759,154.0,0.5758,696.0,0.576,67.0,0.5761,150.0
1753592404402,05:00:04.402,okx,A/USDT:USDT,0.5759,154.0,0.5758,696.0,0.576,67.0,0.5761,185.0
1753592405102,05:00:05.102,okx,A/USDT:USDT,0.576,85.0,0.5759,212.0,0.5761,60.0,0.5762,109.0
1753592405202,05:00:05.202,okx,A/USDT:USDT,0.576,85.0,0.5759,212.0,0.5761,60.0,0.5762,192.0
1753592405402,05:00:05.402,okx,A/USDT:USDT,0.576,85.0,0.5759,212.0,0.5761,60.0,0.5762,192.0
1753592405702,05:00:05.702,okx,A/USDT:USDT,0.576,85.0,0.5759,212.0,0.5761,60.0,0.5762,192.0
1753592406002,05:00:06.002,okx,A/USDT:USDT,0.576,85.0,0.5759,212.0,0.5761,60.0,0.5762,192.0
1753592406102,05:00:06.102,okx,A/USDT:USDT,0.576,85.0,0.5759,212.0,0.5761,60.0,0.5762,192.0
1753592406202,05:00:06.202,okx,A/USDT:USDT,0.576,85.0,0.5759,424.0,0.5761,60.0,0.5762,192.0
1753592407002,05:00:07.002,okx,A/USDT:USDT,0.576,85.0,0.5759,587.0,0.5761,60.0,0.5762,192.0
1753592407202,05:00:07.202,okx,A/USDT:USDT,0.576,85.0,0.5759,692.0,0.5761,60.0,0.5762,165.0
1753592407302,05:00:07.302,okx,A/USDT:USDT,0.576,85.0,0.5759,695.0,0.5761,60.0,0.5762,192.0
1753592407802,05:00:07.802,okx,A/USDT:USDT,0.576,95.0,0.5759,747.0,0.5761,60.0,0.5762,165.0
1753592408402,05:00:08.402,okx,A/USDT:USDT,0.576,85.0,0.5759,747.0,0.5761,80.0,0.5762,192.0
1753592409002,05:00:09.002,okx,A/USDT:USDT,0.576,85.0,0.5759,747.0,0.5761,80.0,0.5762,192.0
1753592409302,05:00:09.302,okx,A/USDT:USDT,0.576,85.0,0.5759,747.0,0.5761,80.0,0.5762,165.0
1753592410002,05:00:10.002,okx,A/USDT:USDT,0.576,95.0,0.5759,747.0,0.5761,24.0,0.5762,165.0
1753592410202,05:00:10.202,okx,A/USDT:USDT,0.576,95.0,0.5759,747.0,0.5761,24.0,0.5762,229.0
1753592410302,05:00:10.302,okx,A/USDT:USDT,0.576,95.0,0.5759,747.0,0.5761,24.0,0.5762,229.0
1753592410602,05:00:10.602,okx,A/USDT:USDT,0.576,95.0,0.5759,598.0,0.5761,24.0,0.5762,229.0
1753592411202,05:00:11.202,okx,A/USDT:USDT,0.576,72.0,0.5759,588.0,0.5761,115.0,0.5762,202.0
1753592411402,05:00:11.402,okx,A/USDT:USDT,0.576,72.0,0.5759,588.0,0.5761,117.0,0.5762,202.0
1753592411502,05:00:11.502,okx,A/USDT:USDT,0.576,72.0,0.5759,608.0,0.5761,90.0,0.5762,202.0
1753592411702,05:00:11.702,okx,A/USDT:USDT,0.576,72.0,0.5759,461.0,0.5761,90.0,0.5762,202.0
1753592412302,05:00:12.302,okx,A/USDT:USDT,0.576,72.0,0.5759,461.0,0.5761,90.0,0.5762,202.0
1753592412402,05:00:12.402,okx,A/USDT:USDT,0.576,72.0,0.5759,461.0,0.5761,90.0,0.5762,202.0
1753592412502,05:00:12.502,okx,A/USDT:USDT,0.576,72.0,0.5759,461.0,0.5761,90.0,0.5762,202.0
1753592412702,05:00:12.702,okx,A/USDT:USDT,0.576,72.0,0.5759,464.0,0.5761,90.0,0.5762,202.0
1753592412902,05:00:12.902,okx,A/USDT:USDT,0.576,72.0,0.5759,464.0,0.5761,90.0,0.5762,202.0
1753592413302,05:00:13.302,okx,A/USDT:USDT,0.576,72.0,0.5759,464.0,0.5761,90.0,0.5762,202.0
1753592413702,05:00:13.702,okx,A/USDT:USDT,0.576,72.0,0.5759,491.0,0.5761,90.0,0.5762,202.0
1753592415202,05:00:15.202,okx,A/USDT:USDT,0.576,72.0,0.5759,491.0,0.5761,90.0,0.5762,175.0
1753592415502,05:00:15.502,okx,A/USDT:USDT,0.576,72.0,0.5759,464.0,0.5761,90.0,0.5762,202.0
1753592418002,05:00:18.002,okx,A/USDT:USDT,0.576,72.0,0.5759,491.0,0.5761,90.0,0.5762,202.0
1753592418102,05:00:18.102,okx,A/USDT:USDT,0.576,72.0,0.5759,491.0,0.5761,90.0,0.5762,202.0
1753592418202,05:00:18.202,okx,A/USDT:USDT,0.576,72.0,0.5759,464.0,0.5761,117.0,0.5762,202.0
1753592418302,05:00:18.302,okx,A/USDT:USDT,0.576,72.0,0.5759,494.0,0.5761,90.0,0.5762,202.0
1753592418402,05:00:18.402,okx,A/USDT:USDT,0.576,72.0,0.5759,494.0,0.5761,90.0,0.5762,202.0
1753592418502,05:00:18.502,okx,A/USDT:USDT,0.576,72.0,0.5759,494.0,0.5761,90.0,0.5762,202.0
1753592418702,05:00:18.702,okx,A/USDT:USDT,0.576,72.0,0.5759,494.0,0.5761,90.0,0.5762,202.0
1753592419602,05:00:19.602,okx,A/USDT:USDT,0.576,72.0,0.5759,467.0,0.5761,90.0,0.5762,202.0
1753592419702,05:00:19.702,okx,A/USDT:USDT,0.576,72.0,0.5759,494.0,0.5761,90.0,0.5762,202.0
1753592420302,05:00:20.302,okx,A/USDT:USDT,0.576,24.0,0.5759,494.0,0.5761,90.0,0.5762,202.0
1753592420702,05:00:20.702,okx,A/USDT:USDT,0.576,24.0,0.5759,494.0,0.5761,90.0,0.5762,202.0
1753592421502,05:00:21.502,okx,A/USDT:USDT,0.576,24.0,0.5759,444.0,0.5761,140.0,0.5762,192.0
1753592421702,05:00:21.702,okx,A/USDT:USDT,0.576,24.0,0.5759,407.0,0.5761,113.0,0.5762,192.0
1753592421802,05:00:21.802,okx,A/USDT:USDT,0.576,24.0,0.5759,397.0,0.5761,113.0,0.5762,192.0
1753592421902,05:00:21.902,okx,A/USDT:USDT,0.576,24.0,0.5759,397.0,0.5761,140.0,0.5762,192.0
1753592423902,05:00:23.902,okx,A/USDT:USDT,0.576,77.0,0.5759,424.0,0.5761,90.0,0.5762,165.0
1753592424102,05:00:24.102,okx,A/USDT:USDT,0.576,77.0,0.5759,425.0,0.5761,90.0,0.5762,165.0
1753592424202,05:00:24.202,okx,A/USDT:USDT,0.576,104.0,0.5759,425.0,0.5761,90.0,0.5762,165.0
1753592426902,05:00:26.902,okx,A/USDT:USDT,0.576,91.0,0.5759,425.0,0.5761,82.0,0.5762,165.0
1753592427902,05:00:27.902,okx,A/USDT:USDT,0.576,118.0,0.5759,425.0,0.5761,24.0,0.5762,165.0
1753592428102,05:00:28.102,okx,A/USDT:USDT,0.576,118.0,0.5759,425.0,0.5761,24.0,0.5762,231.0
1753592428202,05:00:28.202,okx,A/USDT:USDT,0.576,118.0,0.5759,475.0,0.5761,24.0,0.5762,231.0
1753592428702,05:00:28.702,okx,A/USDT:USDT,0.576,118.0,0.5759,475.0,0.5761,80.0,0.5762,165.0
1753592428902,05:00:28.902,okx,A/USDT:USDT,0.576,118.0,0.5759,475.0,0.5761,80.0,0.5762,165.0
1753592429402,05:00:29.402,okx,A/USDT:USDT,0.576,127.0,0.5759,475.0,0.5761,24.0,0.5762,138.0
1753592429502,05:00:29.502,okx,A/USDT:USDT,0.576,127.0,0.5759,475.0,0.5761,24.0,0.5762,138.0
1753592429602,05:00:29.602,okx,A/USDT:USDT,0.576,127.0,0.5759,475.0,0.5761,24.0,0.5762,138.0
1753592430202,05:00:30.202,okx,A/USDT:USDT,0.576,127.0,0.5759,475.0,0.5761,24.0,0.5762,138.0
1753592430902,05:00:30.902,okx,A/USDT:USDT,0.576,100.0,0.5759,475.0,0.5761,24.0,0.5762,183.0
1753592431602,05:00:31.602,okx,A/USDT:USDT,0.576,90.0,0.5759,475.0,0.5761,24.0,0.5762,183.0
1753592432402,05:00:32.402,okx,A/USDT:USDT,0.576,127.0,0.5759,491.0,0.5761,24.0,0.5762,183.0
1753592432502,05:00:32.502,okx,A/USDT:USDT,0.576,127.0,0.5759,542.0,0.5761,24.0,0.5762,183.0
1753592433102,05:00:33.102,okx,A/USDT:USDT,0.576,127.0,0.5759,542.0,0.5761,24.0,0.5762,183.0
1753592433302,05:00:33.302,okx,A/USDT:USDT,0.576,127.0,0.5759,542.0,0.5761,24.0,0.5762,183.0
1753592433502,05:00:33.502,okx,A/USDT:USDT,0.576,127.0,0.5759,542.0,0.5761,24.0,0.5762,183.0
1753592433602,05:00:33.602,okx,A/USDT:USDT,0.576,127.0,0.5759,542.0,0.5761,24.0,0.5762,183.0
1753592433702,05:00:33.702,okx,A/USDT:USDT,0.576,127.0,0.5759,542.0,0.5761,24.0,0.5762,183.0
1753592434202,05:00:34.202,okx,A/USDT:USDT,0.576,127.0,0.5759,575.0,0.5761,24.0,0.5762,183.0
1753592434302,05:00:34.302,okx,A/USDT:USDT,0.576,127.0,0.5759,575.0,0.5761,24.0,0.5762,183.0
1753592434702,05:00:34.702,okx,A/USDT:USDT,0.576,127.0,0.5759,575.0,0.5761,24.0,0.5762,183.0
1753592435502,05:00:35.502,okx,A/USDT:USDT,0.576,127.0,0.5759,575.0,0.5761,24.0,0.5762,183.0
1753592435802,05:00:35.802,okx,A/USDT:USDT,0.576,137.0,0.5759,575.0,0.5761,24.0,0.5762,183.0
1753592436202,05:00:36.202,okx,A/USDT:USDT,0.576,110.0,0.5759,575.0,0.5761,24.0,0.5762,120.0
1753592436302,05:00:36.302,okx,A/USDT:USDT,0.576,137.0,0.5759,575.0,0.5761,24.0,0.5762,188.0
1753592437602,05:00:37.602,okx,A/USDT:USDT,0.576,110.0,0.5759,629.0,0.5761,91.0,0.5762,147.0
1753592437702,05:00:37.702,okx,A/USDT:USDT,0.576,110.0,0.5759,629.0,0.5761,24.0,0.5762,120.0
1753592437802,05:00:37.802,okx,A/USDT:USDT,0.576,100.0,0.5759,629.0,0.5761,24.0,0.5762,186.0
1753592438102,05:00:38.102,okx,A/USDT:USDT,0.576,100.0,0.5759,629.0,0.5761,24.0,0.5762,186.0
1753592439202,05:00:39.202,okx,A/USDT:USDT,0.576,100.0,0.5759,629.0,0.5761,24.0,0.5762,186.0
1753592439302,05:00:39.302,okx,A/USDT:USDT,0.576,110.0,0.5759,629.0,0.5761,24.0,0.5762,186.0
1753592439802,05:00:39.802,okx,A/USDT:USDT,0.576,110.0,0.5759,629.0,0.5761,24.0,0.5762,186.0
1753592439902,05:00:39.902,okx,A/USDT:USDT,0.576,110.0,0.5759,602.0,0.5761,24.0,0.5762,213.0
1753592440602,05:00:40.602,okx,A/USDT:USDT,0.576,110.0,0.5759,629.0,0.5761,24.0,0.5762,186.0
1753592440902,05:00:40.902,okx,A/USDT:USDT,0.576,110.0,0.5759,599.0,0.5761,24.0,0.5762,186.0
1753592441302,05:00:41.302,okx,A/USDT:USDT,0.576,100.0,0.5759,600.0,0.5761,89.0,0.5762,147.0
1753592441602,05:00:41.602,okx,A/USDT:USDT,0.576,100.0,0.5759,627.0,0.5761,24.0,0.5762,120.0
1753592441702,05:00:41.702,okx,A/USDT:USDT,0.576,100.0,0.5759,627.0,0.5761,24.0,0.5762,179.0
1753592441902,05:00:41.902,okx,A/USDT:USDT,0.576,100.0,0.5759,600.0,0.5761,83.0,0.5762,147.0
1753592442102,05:00:42.102,okx,A/USDT:USDT,0.576,100.0,0.5759,627.0,0.5761,24.0,0.5762,120.0
1753592442202,05:00:42.202,okx,A/USDT:USDT,0.576,100.0,0.5759,594.0,0.5761,24.0,0.5762,214.0
1753592442302,05:00:42.302,okx,A/USDT:USDT,0.576,100.0,0.5759,594.0,0.5761,24.0,0.5762,187.0
1753592442602,05:00:42.602,okx,A/USDT:USDT,0.576,100.0,0.5759,594.0,0.5761,25.0,0.5762,187.0
1753592443102,05:00:43.102,okx,A/USDT:USDT,0.576,100.0,0.5759,567.0,0.5761,88.0,0.5762,147.0
1753592443602,05:00:43.602,okx,A/USDT:USDT,0.576,100.0,0.5759,594.0,0.5761,88.0,0.5762,147.0
1753592444002,05:00:44.002,okx,A/USDT:USDT,0.576,100.0,0.5759,567.0,0.5761,88.0,0.5762,147.0
1753592444302,05:00:44.302,okx,A/USDT:USDT,0.576,100.0,0.5759,567.0,0.5761,88.0,0.5762,147.0
1753592444602,05:00:44.602,okx,A/USDT:USDT,0.576,100.0,0.5759,567.0,0.5761,88.0,0.5762,147.0
1753592445202,05:00:45.202,okx,A/USDT:USDT,0.576,100.0,0.5759,567.0,0.5761,88.0,0.5762,147.0
1753592445402,05:00:45.402,okx,A/USDT:USDT,0.576,87.0,0.5759,567.0,0.5761,116.0,0.5762,147.0
1753592445702,05:00:45.702,okx,A/USDT:USDT,0.576,87.0,0.5759,567.0,0.5761,116.0,0.5762,147.0
1753592445802,05:00:45.802,okx,A/USDT:USDT,0.576,87.0,0.5759,594.0,0.5761,116.0,0.5762,147.0
1753592446202,05:00:46.202,okx,A/USDT:USDT,0.576,87.0,0.5759,567.0,0.5761,116.0,0.5762,147.0
1753592446302,05:00:46.302,okx,A/USDT:USDT,0.576,97.0,0.5759,594.0,0.5761,116.0,0.5762,120.0
1753592446502,05:00:46.502,okx,A/USDT:USDT,0.576,87.0,0.5759,565.0,0.5761,117.0,0.5762,147.0
1753592448302,05:00:48.302,okx,A/USDT:USDT,0.576,87.0,0.5759,565.0,0.5761,117.0,0.5762,147.0
1753592448402,05:00:48.402,okx,A/USDT:USDT,0.576,87.0,0.5759,592.0,0.5761,119.0,0.5762,147.0
1753592448802,05:00:48.802,okx,A/USDT:USDT,0.576,87.0,0.5759,565.0,0.5761,119.0,0.5762,147.0
1753592449302,05:00:49.302,okx,A/USDT:USDT,0.576,87.0,0.5759,565.0,0.5761,119.0,0.5762,147.0
1753592450502,05:00:50.502,okx,A/USDT:USDT,0.576,87.0,0.5759,515.0,0.5761,119.0,0.5762,147.0
1753592451102,05:00:51.102,okx,A/USDT:USDT,0.576,87.0,0.5759,515.0,0.5761,119.0,0.5762,147.0
1753592451802,05:00:51.802,okx,A/USDT:USDT,0.576,124.0,0.5759,515.0,0.5761,56.0,0.5762,120.0
1753592451902,05:00:51.902,okx,A/USDT:USDT,0.576,124.0,0.5759,515.0,0.5761,56.0,0.5762,185.0
1753592452002,05:00:52.002,okx,A/USDT:USDT,0.576,124.0,0.5759,542.0,0.5761,56.0,0.5762,120.0
1753592452102,05:00:52.102,okx,A/USDT:USDT,0.576,124.0,0.5759,540.0,0.5761,56.0,0.5762,120.0
1753592452202,05:00:52.202,okx,A/USDT:USDT,0.576,97.0,0.5759,539.0,0.5761,56.0,0.5762,188.0
1753592452402,05:00:52.402,okx,A/USDT:USDT,0.576,97.0,0.5759,540.0,0.5761,56.0,0.5762,120.0
1753592453602,05:00:53.602,okx,A/USDT:USDT,0.576,97.0,0.5759,540.0,0.5761,56.0,0.5762,186.0
1753592454502,05:00:54.502,okx,A/USDT:USDT,0.576,125.0,0.5759,540.0,0.5761,60.0,0.5762,186.0
1753592454602,05:00:54.602,okx,A/USDT:USDT,0.576,125.0,0.5759,540.0,0.5761,60.0,0.5762,186.0
1753592456002,05:00:56.002,okx,A/USDT:USDT,0.576,88.0,0.5759,513.0,0.5761,116.0,0.5762,120.0
1753592456802,05:00:56.802,okx,A/USDT:USDT,0.576,98.0,0.5759,513.0,0.5761,116.0,0.5762,120.0
1753592457202,05:00:57.202,okx,A/USDT:USDT,0.576,88.0,0.5759,513.0,0.5761,116.0,0.5762,120.0
1753592457702,05:00:57.702,okx,A/USDT:USDT,0.576,98.0,0.5759,539.0,0.5761,60.0,0.5762,120.0
1753592457802,05:00:57.802,okx,A/USDT:USDT,0.576,98.0,0.5759,539.0,0.5761,60.0,0.5762,182.0
1753592458002,05:00:58.002,okx,A/USDT:USDT,0.576,88.0,0.5759,539.0,0.5761,60.0,0.5762,182.0
1753592458102,05:00:58.102,okx,A/USDT:USDT,0.576,88.0,0.5759,539.0,0.5761,121.0,0.5762,120.0
1753592458402,05:00:58.402,okx,A/USDT:USDT,0.576,88.0,0.5759,539.0,0.5761,121.0,0.5762,120.0
1753592459402,05:00:59.402,okx,A/USDT:USDT,0.576,125.0,0.5759,539.0,0.5761,60.0,0.5762,120.0
1753592459702,05:00:59.702,okx,A/USDT:USDT,0.576,125.0,0.5759,539.0,0.5761,120.0,0.5762,120.0
1753592459802,05:00:59.802,okx,A/USDT:USDT,0.576,98.0,0.5759,539.0,0.5761,120.0,0.5762,120.0
1753592460102,05:01:00.102,okx,A/USDT:USDT,0.576,98.0,0.5759,539.0,0.5761,120.0,0.5762,120.0
1753592461202,05:01:01.202,okx,A/USDT:USDT,0.576,88.0,0.5759,513.0,0.5761,120.0,0.5762,120.0
1753592463202,05:01:03.202,okx,A/USDT:USDT,0.576,125.0,0.5759,513.0,0.5761,120.0,0.5762,120.0
1753592463402,05:01:03.402,okx,A/USDT:USDT,0.576,98.0,0.5759,513.0,0.5761,120.0,0.5762,120.0
1753592463502,05:01:03.502,okx,A/USDT:USDT,0.576,125.0,0.5759,513.0,0.5761,120.0,0.5762,120.0
1753592465002,05:01:05.002,okx,A/USDT:USDT,0.576,98.0,0.5759,513.0,0.5761,120.0,0.5762,120.0
1753592466502,05:01:06.502,okx,A/USDT:USDT,0.576,98.0,0.5759,513.0,0.5761,120.0,0.5762,120.0
1753592467202,05:01:07.202,okx,A/USDT:USDT,0.576,98.0,0.5759,513.0,0.5761,73.0,0.5762,120.0
1753592467302,05:01:07.302,okx,A/USDT:USDT,0.576,125.0,0.5759,513.0,0.5761,124.0,0.5762,120.0
1753592468002,05:01:08.002,okx,A/USDT:USDT,0.576,98.0,0.5759,513.0,0.5761,124.0,0.5762,120.0
1753592468902,05:01:08.902,okx,A/USDT:USDT,0.576,88.0,0.5759,513.0,0.5761,124.0,0.5762,120.0
1753592469002,05:01:09.002,okx,A/USDT:USDT,0.576,88.0,0.5759,513.0,0.5761,124.0,0.5762,120.0
1753592470202,05:01:10.202,okx,A/USDT:USDT,0.576,98.0,0.5759,513.0,0.5761,124.0,0.5762,120.0
1753592470702,05:01:10.702,okx,A/USDT:USDT,0.576,98.0,0.5759,536.0,0.5761,124.0,0.5762,120.0
1753592471202,05:01:11.202,okx,A/USDT:USDT,0.576,98.0,0.5759,536.0,0.5761,124.0,0.5762,120.0
1753592471902,05:01:11.902,okx,A/USDT:USDT,0.576,98.0,0.5759,536.0,0.5761,124.0,0.5762,120.0
1753592472002,05:01:12.002,okx,A/USDT:USDT,0.576,88.0,0.5759,536.0,0.5761,124.0,0.5762,120.0
1753592473202,05:01:13.202,okx,A/USDT:USDT,0.576,88.0,0.5759,536.0,0.5761,132.0,0.5762,120.0
1753592473302,05:01:13.302,okx,A/USDT:USDT,0.576,88.0,0.5759,536.0,0.5761,132.0,0.5762,120.0
1753592474602,05:01:14.602,okx,A/USDT:USDT,0.576,98.0,0.5759,534.0,0.5761,132.0,0.5762,120.0
1753592475202,05:01:15.202,okx,A/USDT:USDT,0.576,145.0,0.5759,539.0,0.5761,128.0,0.5762,120.0
1753592476202,05:01:16.202,okx,A/USDT:USDT,0.576,145.0,0.5759,539.0,0.5761,68.0,0.5762,120.0
1753592476302,05:01:16.302,okx,A/USDT:USDT,0.576,118.0,0.5759,539.0,0.5761,68.0,0.5762,181.0
1753592477302,05:01:17.302,okx,A/USDT:USDT,0.576,145.0,0.5759,539.0,0.5761,68.0,0.5762,181.0
1753592479202,05:01:19.202,okx,A/USDT:USDT,0.5761,227.0,0.576,505.0,0.5762,1.0,0.5763,157.0
1753592479302,05:01:19.302,okx,A/USDT:USDT,0.5761,227.0,0.576,505.0,0.5762,1.0,0.5763,157.0
1753592479802,05:01:19.802,okx,A/USDT:USDT,0.5761,227.0,0.576,378.0,0.5762,2.0,0.5763,157.0
1753592480002,05:01:20.002,okx,A/USDT:USDT,0.5761,227.0,0.576,378.0,0.5762,1.0,0.5763,157.0
1753592480402,05:01:20.402,okx,A/USDT:USDT,0.5761,227.0,0.576,534.0,0.5762,1.0,0.5763,100.0
1753592480702,05:01:20.702,okx,A/USDT:USDT,0.5761,227.0,0.576,534.0,0.5762,1.0,0.5763,157.0
1753592481002,05:01:21.002,okx,A/USDT:USDT,0.5761,227.0,0.576,534.0,0.5762,1.0,0.5763,157.0
1753592481502,05:01:21.502,okx,A/USDT:USDT,0.5761,236.0,0.576,534.0,0.5762,1.0,0.5763,157.0
1753592481602,05:01:21.602,okx,A/USDT:USDT,0.5761,236.0,0.576,584.0,0.5762,1.0,0.5763,157.0
1753592481902,05:01:21.902,okx,A/USDT:USDT,0.5761,236.0,0.576,584.0,0.5762,1.0,0.5763,157.0
1753592482202,05:01:22.202,okx,A/USDT:USDT,0.5761,236.0,0.576,644.0,0.5762,1.0,0.5763,157.0
1753592482402,05:01:22.402,okx,A/USDT:USDT,0.5761,236.0,0.576,738.0,0.5762,1.0,0.5763,157.0
1753592483002,05:01:23.002,okx,A/USDT:USDT,0.5761,236.0,0.576,738.0,0.5762,1.0,0.5763,157.0
1753592483302,05:01:23.302,okx,A/USDT:USDT,0.5761,236.0,0.576,738.0,0.5762,1.0,0.5763,157.0
1753592483602,05:01:23.602,okx,A/USDT:USDT,0.5761,236.0,0.576,738.0,0.5762,1.0,0.5763,157.0
1753592484702,05:01:24.702,okx,A/USDT:USDT,0.5761,272.0,0.576,738.0,0.5762,1.0,0.5763,107.0
1753592485302,05:01:25.302,okx,A/USDT:USDT,0.5761,272.0,0.576,738.0,0.5762,1.0,0.5763,107.0
1753592485702,05:01:25.702,okx,A/USDT:USDT,0.5761,274.0,0.576,738.0,0.5762,1.0,0.5763,107.0
1753592486402,05:01:26.402,okx,A/USDT:USDT,0.5761,274.0,0.576,744.0,0.5762,1.0,0.5763,107.0
1753592486602,05:01:26.602,okx,A/USDT:USDT,0.5761,247.0,0.576,744.0,0.5762,1.0,0.5763,107.0
1753592486702,05:01:26.702,okx,A/USDT:USDT,0.5761,274.0,0.576,744.0,0.5762,1.0,0.5763,107.0
1753592488002,05:01:28.002,okx,A/USDT:USDT,0.5761,237.0,0.576,717.0,0.5762,68.0,0.5763,50.0
1753592488102,05:01:28.102,okx,A/USDT:USDT,0.5761,247.0,0.576,717.0,0.5762,68.0,0.5763,50.0
1753592488902,05:01:28.902,okx,A/USDT:USDT,0.5761,247.0,0.576,717.0,0.5762,68.0,0.5763,50.0
1753592489002,05:01:29.002,okx,A/USDT:USDT,0.5761,237.0,0.576,717.0,0.5762,68.0,0.5763,50.0
1753592490102,05:01:30.102,okx,A/USDT:USDT,0.5761,247.0,0.576,717.0,0.5762,1.0,0.5763,50.0
1753592490302,05:01:30.302,okx,A/USDT:USDT,0.5761,247.0,0.576,734.0,0.5762,1.0,0.5763,116.0
1753592490802,05:01:30.802,okx,A/USDT:USDT,0.5761,281.0,0.576,734.0,0.5762,1.0,0.5763,116.0
1753592491502,05:01:31.502,okx,A/USDT:USDT,0.5761,308.0,0.576,752.0,0.5762,1.0,0.5763,115.0
1753592491602,05:01:31.602,okx,A/USDT:USDT,0.5761,308.0,0.576,752.0,0.5762,1.0,0.5763,115.0
1753592491702,05:01:31.702,okx,A/USDT:USDT,0.5761,308.0,0.576,752.0,0.5762,1.0,0.5763,3.0
1753592491802,05:01:31.802,okx,A/USDT:USDT,0.5761,308.0,0.576,752.0,0.5762,1.0,0.5763,68.0
1753592491902,05:01:31.902,okx,A/USDT:USDT,0.5761,308.0,0.576,752.0,0.5762,1.0,0.5763,110.0
1753592492302,05:01:32.302,okx,A/USDT:USDT,0.5761,308.0,0.576,779.0,0.5762,1.0,0.5763,110.0
1753592492502,05:01:32.502,okx,A/USDT:USDT,0.5761,281.0,0.576,779.0,0.5762,1.0,0.5763,110.0
1753592492602,05:01:32.602,okx,A/USDT:USDT,0.5761,281.0,0.576,779.0,0.5762,1.0,0.5763,110.0
1753592493302,05:01:33.302,okx,A/USDT:USDT,0.5762,145.0,0.5761,321.0,0.5763,60.0,0.5764,207.0
1753592493402,05:01:33.402,okx,A/USDT:USDT,0.5762,145.0,0.5761,348.0,0.5763,60.0,0.5764,180.0
1753592493602,05:01:33.602,okx,A/USDT:USDT,0.5762,145.0,0.5761,348.0,0.5763,60.0,0.5764,180.0
1753592493702,05:01:33.702,okx,A/USDT:USDT,0.5762,145.0,0.5761,348.0,0.5763,60.0,0.5764,180.0
1753592494302,05:01:34.302,okx,A/USDT:USDT,0.5762,145.0,0.5761,348.0,0.5763,60.0,0.5764,190.0
1753592494402,05:01:34.402,okx,A/USDT:USDT,0.5762,145.0,0.5761,348.0,0.5763,59.0,0.5764,190.0
1753592494902,05:01:34.902,okx,A/USDT:USDT,0.5762,145.0,0.5761,348.0,0.5763,59.0,0.5764,180.0
1753592495002,05:01:35.002,okx,A/USDT:USDT,0.5762,145.0,0.5761,348.0,0.5763,59.0,0.5764,180.0
1753592495302,05:01:35.302,okx,A/USDT:USDT,0.5762,145.0,0.5761,540.0,0.5763,59.0,0.5764,180.0
1753592495702,05:01:35.702,okx,A/USDT:USDT,0.5762,145.0,0.5761,631.0,0.5763,59.0,0.5764,180.0
1753592495902,05:01:35.902,okx,A/USDT:USDT,0.5762,145.0,0.5761,631.0,0.5763,59.0,0.5764,180.0
1753592497402,05:01:37.402,okx,A/USDT:USDT,0.5762,172.0,0.5761,742.0,0.5763,60.0,0.5764,180.0
1753592498502,05:01:38.502,okx,A/USDT:USDT,0.5762,172.0,0.5761,742.0,0.5763,60.0,0.5764,180.0
1753592498902,05:01:38.902,okx,A/USDT:USDT,0.5762,182.0,0.5761,732.0,0.5763,1.0,0.5764,180.0
1753592499002,05:01:39.002,okx,A/USDT:USDT,0.5762,182.0,0.5761,732.0,0.5763,1.0,0.5764,159.0
1753592499302,05:01:39.302,okx,A/USDT:USDT,0.5762,182.0,0.5761,732.0,0.5763,1.0,0.5764,159.0
1753592499402,05:01:39.402,okx,A/USDT:USDT,0.5762,182.0,0.5761,732.0,0.5763,1.0,0.5764,159.0
1753592499602,05:01:39.602,okx,A/USDT:USDT,0.5763,109.0,0.5762,383.0,0.5764,65.0,0.5765,164.0
1753592499702,05:01:39.702,okx,A/USDT:USDT,0.5763,109.0,0.5762,383.0,0.5764,65.0,0.5765,164.0
1753592500302,05:01:40.302,okx,A/USDT:USDT,0.5763,109.0,0.5762,383.0,0.5764,65.0,0.5765,164.0
1753592500402,05:01:40.402,okx,A/USDT:USDT,0.5763,109.0,0.5762,383.0,0.5764,65.0,0.5765,164.0
1753592500502,05:01:40.502,okx,A/USDT:USDT,0.5763,109.0,0.5762,383.0,0.5764,65.0,0.5765,164.0
1753592500602,05:01:40.602,okx,A/USDT:USDT,0.5763,109.0,0.5762,383.0,0.5764,65.0,0.5765,164.0
1753592500902,05:01:40.902,okx,A/USDT:USDT,0.5763,82.0,0.5762,466.0,0.5764,65.0,0.5765,164.0
1753592501202,05:01:41.202,okx,A/USDT:USDT,0.5763,82.0,0.5762,439.0,0.5764,65.0,0.5765,164.0
1753592501502,05:01:41.502,okx,A/USDT:USDT,0.5763,82.0,0.5762,433.0,0.5764,65.0,0.5765,164.0
1753592501602,05:01:41.602,okx,A/USDT:USDT,0.5763,82.0,0.5762,406.0,0.5764,65.0,0.5765,191.0
1753592501702,05:01:41.702,okx,A/USDT:USDT,0.5763,82.0,0.5762,406.0,0.5764,65.0,0.5765,164.0
1753592502202,05:01:42.202,okx,A/USDT:USDT,0.5763,82.0,0.5762,474.0,0.5764,65.0,0.5765,164.0
1753592502502,05:01:42.502,okx,A/USDT:USDT,0.5763,82.0,0.5762,595.0,0.5764,3.0,0.5765,164.0
1753592502602,05:01:42.602,okx,A/USDT:USDT,0.5763,82.0,0.5762,595.0,0.5764,3.0,0.5765,231.0
1753592502802,05:01:42.802,okx,A/USDT:USDT,0.5763,82.0,0.5762,595.0,0.5764,65.0,0.5765,164.0
1753592502902,05:01:42.902,okx,A/USDT:USDT,0.5763,119.0,0.5762,598.0,0.5764,4.0,0.5765,164.0
1753592503002,05:01:43.002,okx,A/USDT:USDT,0.5763,119.0,0.5762,598.0,0.5764,65.0,0.5765,164.0
1753592503102,05:01:43.102,okx,A/USDT:USDT,0.5763,119.0,0.5762,598.0,0.5764,68.0,0.5765,164.0
1753592503202,05:01:43.202,okx,A/USDT:USDT,0.5763,119.0,0.5762,631.0,0.5764,68.0,0.5765,164.0
1753592503302,05:01:43.302,okx,A/USDT:USDT,0.5763,119.0,0.5762,631.0,0.5764,3.0,0.5765,164.0
1753592503402,05:01:43.402,okx,A/USDT:USDT,0.5763,119.0,0.5762,631.0,0.5764,3.0,0.5765,231.0
1753592503502,05:01:43.502,okx,A/USDT:USDT,0.5763,119.0,0.5762,631.0,0.5764,3.0,0.5765,231.0
1753592503602,05:01:43.602,okx,A/USDT:USDT,0.5763,119.0,0.5762,631.0,0.5764,3.0,0.5765,231.0
1753592503802,05:01:43.802,okx,A/USDT:USDT,0.5763,82.0,0.5762,641.0,0.5764,67.0,0.5765,164.0
1753592503902,05:01:43.902,okx,A/USDT:USDT,0.5763,119.0,0.5762,641.0,0.5764,67.0,0.5765,164.0
1753592504002,05:01:44.002,okx,A/USDT:USDT,0.5763,119.0,0.5762,641.0,0.5764,67.0,0.5765,164.0
1753592504502,05:01:44.502,okx,A/USDT:USDT,0.5763,119.0,0.5762,641.0,0.5764,3.0,0.5765,225.0
1753592504602,05:01:44.602,okx,A/USDT:USDT,0.5763,82.0,0.5762,641.0,0.5764,66.0,0.5765,164.0
1753592505002,05:01:45.002,okx,A/USDT:USDT,0.5763,119.0,0.5762,641.0,0.5764,3.0,0.5765,164.0
1753592505102,05:01:45.102,okx,A/USDT:USDT,0.5763,119.0,0.5762,641.0,0.5764,3.0,0.5765,222.0
1753592505202,05:01:45.202,okx,A/USDT:USDT,0.5763,119.0,0.5762,641.0,0.5764,3.0,0.5765,222.0
1753592505302,05:01:45.302,okx,A/USDT:USDT,0.5763,119.0,0.5762,641.0,0.5764,3.0,0.5765,222.0
1753592505902,05:01:45.902,okx,A/USDT:USDT,0.5763,132.0,0.5762,637.0,0.5764,4.0,0.5765,114.0
1753592506202,05:01:46.202,okx,A/USDT:USDT,0.5763,105.0,0.5762,637.0,0.5764,4.0,0.5765,114.0
1753592506402,05:01:46.402,okx,A/USDT:USDT,0.5763,132.0,0.5762,637.0,0.5764,4.0,0.5765,114.0
1753592506502,05:01:46.502,okx,A/USDT:USDT,0.5763,135.0,0.5762,637.0,0.5764,3.0,0.5765,114.0
1753592506602,05:01:46.602,okx,A/USDT:USDT,0.5763,135.0,0.5762,637.0,0.5764,4.0,0.5765,114.0
1753592507402,05:01:47.402,okx,A/USDT:USDT,0.5763,135.0,0.5762,637.0,0.5764,3.0,0.5765,114.0
1753592507502,05:01:47.502,okx,A/USDT:USDT,0.5763,135.0,0.5762,637.0,0.5764,3.0,0.5765,114.0
1753592507602,05:01:47.602,okx,A/USDT:USDT,0.5763,135.0,0.5762,637.0,0.5764,3.0,0.5765,114.0
1753592508102,05:01:48.102,okx,A/USDT:USDT,0.5764,160.0,0.5763,263.0,0.5765,6.0,0.5766,246.0
1753592508202,05:01:48.202,okx,A/USDT:USDT,0.5764,183.0,0.5763,242.0,0.5765,65.0,0.5766,181.0
1753592508302,05:01:48.302,okx,A/USDT:USDT,0.5764,156.0,0.5763,292.0,0.5765,66.0,0.5766,181.0
1753592508502,05:01:48.502,okx,A/USDT:USDT,0.5764,204.0,0.5763,395.0,0.5765,67.0,0.5766,181.0
1753592508602,05:01:48.602,okx,A/USDT:USDT,0.5764,204.0,0.5763,395.0,0.5765,68.0,0.5766,181.0
1753592508702,05:01:48.702,okx,A/USDT:USDT,0.5764,177.0,0.5763,398.0,0.5765,67.0,0.5766,181.0
1753592508802,05:01:48.802,okx,A/USDT:USDT,0.5764,177.0,0.5763,398.0,0.5765,68.0,0.5766,181.0
1753592509102,05:01:49.102,okx,A/USDT:USDT,0.5764,167.0,0.5763,398.0,0.5765,8.0,0.5766,4.0
1753592509302,05:01:49.302,okx,A/USDT:USDT,0.5764,167.0,0.5763,398.0,0.5765,69.0,0.5766,233.0
1753592509602,05:01:49.602,okx,A/USDT:USDT,0.5764,32.0,0.5763,317.0,0.5765,161.0,0.5766,272.0
1753592509802,05:01:49.802,okx,A/USDT:USDT,0.5764,32.0,0.5763,298.0,0.5765,151.0,0.5766,272.0
1753592509902,05:01:49.902,okx,A/USDT:USDT,0.5764,32.0,0.5763,320.0,0.5765,151.0,0.5766,272.0
1753592510002,05:01:50.002,okx,A/USDT:USDT,0.5764,32.0,0.5763,320.0,0.5765,151.0,0.5766,272.0
1753592510102,05:01:50.102,okx,A/USDT:USDT,0.5764,32.0,0.5763,320.0,0.5765,161.0,0.5766,272.0
1753592510202,05:01:50.202,okx,A/USDT:USDT,0.5764,32.0,0.5763,320.0,0.5765,161.0,0.5766,272.0
1753592510402,05:01:50.402,okx,A/USDT:USDT,0.5764,32.0,0.5763,320.0,0.5765,151.0,0.5766,272.0
1753592510502,05:01:50.502,okx,A/USDT:USDT,0.5764,32.0,0.5763,273.0,0.5765,151.0,0.5766,272.0
1753592511302,05:01:51.302,okx,A/USDT:USDT,0.5762,316.0,0.5761,425.0,0.5763,209.0,0.5764,282.0
1753592512102,05:01:52.102,okx,A/USDT:USDT,0.5762,331.0,0.5761,499.0,0.5763,160.0,0.5764,256.0
1753592513302,05:01:53.302,okx,A/USDT:USDT,0.5762,331.0,0.5761,389.0,0.5763,198.0,0.5764,283.0
1753592513702,05:01:53.702,okx,A/USDT:USDT,0.5762,331.0,0.5761,389.0,0.5763,170.0,0.5764,283.0
1753592513902,05:01:53.902,okx,A/USDT:USDT,0.5762,331.0,0.5761,389.0,0.5763,170.0,0.5764,283.0
1753592514002,05:01:54.002,okx,A/USDT:USDT,0.5762,331.0,0.5761,400.0,0.5763,170.0,0.5764,283.0
1753592514102,05:01:54.102,okx,A/USDT:USDT,0.5762,331.0,0.5761,430.0,0.5763,160.0,0.5764,283.0
1753592514202,05:01:54.202,okx,A/USDT:USDT,0.5762,331.0,0.5761,393.0,0.5763,170.0,0.5764,273.0
1753592514302,05:01:54.302,okx,A/USDT:USDT,0.5762,331.0,0.5761,393.0,0.5763,170.0,0.5764,323.0
1753592514702,05:01:54.702,okx,A/USDT:USDT,0.5762,284.0,0.5761,420.0,0.5763,160.0,0.5764,323.0
1753592514802,05:01:54.802,okx,A/USDT:USDT,0.5762,284.0,0.5761,473.0,0.5763,160.0,0.5764,323.0
1753592515102,05:01:55.102,okx,A/USDT:USDT,0.5762,284.0,0.5761,446.0,0.5763,197.0,0.5764,323.0
1753592515602,05:01:55.602,okx,A/USDT:USDT,0.5762,284.0,0.5761,446.0,0.5763,197.0,0.5764,323.0
1753592516302,05:01:56.302,okx,A/USDT:USDT,0.5762,284.0,0.5761,380.0,0.5763,197.0,0.5764,323.0
1753592516402,05:01:56.402,okx,A/USDT:USDT,0.5762,284.0,0.5761,380.0,0.5763,170.0,0.5764,323.0
1753592516602,05:01:56.602,okx,A/USDT:USDT,0.5762,284.0,0.5761,380.0,0.5763,197.0,0.5764,323.0
1753592516702,05:01:56.702,okx,A/USDT:USDT,0.5762,284.0,0.5761,380.0,0.5763,170.0,0.5764,323.0
1753592516902,05:01:56.902,okx,A/USDT:USDT,0.5762,284.0,0.5761,380.0,0.5763,170.0,0.5764,323.0
1753592517202,05:01:57.202,okx,A/USDT:USDT,0.5762,284.0,0.5761,380.0,0.5763,197.0,0.5764,323.0
1753592518002,05:01:58.002,okx,A/USDT:USDT,0.5762,284.0,0.5761,407.0,0.5763,170.0,0.5764,323.0
1753592518102,05:01:58.102,okx,A/USDT:USDT,0.5762,335.0,0.5761,354.0,0.5763,170.0,0.5764,323.0
1753592518202,05:01:58.202,okx,A/USDT:USDT,0.5762,335.0,0.5761,354.0,0.5763,160.0,0.5764,323.0
1753592518302,05:01:58.302,okx,A/USDT:USDT,0.5762,335.0,0.5761,354.0,0.5763,170.0,0.5764,323.0
1753592518502,05:01:58.502,okx,A/USDT:USDT,0.5762,335.0,0.5761,327.0,0.5763,197.0,0.5764,323.0
1753592518602,05:01:58.602,okx,A/USDT:USDT,0.5762,335.0,0.5761,327.0,0.5763,197.0,0.5764,323.0
