timestamp,time,symbol,bid1_price,bid1_volume,bid2_price,bid2_volume,ask1_price,ask1_volume,ask2_price,ask2_volume
1753546948197,16:22:28.197,AERGO/USDT:USDT,0.13347,377.0,0.13346,2118.0,0.13349,476.0,0.1335,1199.0
1753546948397,16:22:28.397,AERGO/USDT:USDT,0.13347,496.0,0.13346,2356.0,0.13349,476.0,0.1335,1199.0
1753546948698,16:22:28.698,AERGO/USDT:USDT,0.13347,377.0,0.13346,2356.0,0.13348,10.0,0.13349,476.0
1753546948797,16:22:28.797,AERGO/USDT:USDT,0.13347,496.0,0.13346,2356.0,0.13348,10.0,0.13349,476.0
1753546948897,16:22:28.897,AERGO/USDT:USDT,0.13347,176.0,0.13346,1018.0,0.13348,790.0,0.13349,127.0
1753546949397,16:22:29.397,AERGO/USDT:USDT,0.13346,2114.0,0.13345,11213.0,0.13348,401.0,0.13349,57.0
1753546949497,16:22:29.497,AERGO/USDT:USDT,0.13346,2114.0,0.13345,11094.0,0.13348,401.0,0.13349,57.0
1753546950698,16:22:30.698,AERGO/USDT:USDT,0.13346,2352.0,0.13345,11213.0,0.13348,401.0,0.13349,57.0
1753546953196,16:22:33.196,AERGO/USDT:USDT,0.13346,2352.0,0.13345,11213.0,0.13348,10.0,0.13349,473.0
1753546953997,16:22:33.997,AERGO/USDT:USDT,0.13346,2125.0,0.13345,11200.0,0.13348,10.0,0.13349,473.0
1753546954097,16:22:34.097,AERGO/USDT:USDT,0.13345,11024.0,0.13344,20967.0,0.13347,442.0,0.13348,67.0
1753546954197,16:22:34.197,AERGO/USDT:USDT,0.13345,11024.0,0.13344,20967.0,0.13347,442.0,0.13348,67.0
1753546954397,16:22:34.397,AERGO/USDT:USDT,0.13345,11024.0,0.13344,20967.0,0.13347,442.0,0.13348,67.0
1753546955097,16:22:35.097,AERGO/USDT:USDT,0.13345,11143.0,0.13344,20967.0,0.13347,442.0,0.13348,10.0
1753546957998,16:22:37.998,AERGO/USDT:USDT,0.13345,11143.0,0.13344,20967.0,0.13347,442.0,0.13348,10.0
1753546958099,16:22:38.099,AERGO/USDT:USDT,0.13345,11143.0,0.13344,20967.0,0.13347,442.0,0.13348,10.0
1753546958597,16:22:38.597,AERGO/USDT:USDT,0.13345,11143.0,0.13344,20967.0,0.13347,442.0,0.13348,10.0
1753546959097,16:22:39.097,AERGO/USDT:USDT,0.13345,11143.0,0.13344,20967.0,0.13347,442.0,0.13348,10.0
1753546959196,16:22:39.196,AERGO/USDT:USDT,0.13345,11024.0,0.13344,20967.0,0.13347,442.0,0.13348,10.0
1753546959997,16:22:39.997,AERGO/USDT:USDT,0.13346,1792.0,0.13345,11143.0,0.13348,10.0,0.13349,80.0
1753546960100,16:22:40.100,AERGO/USDT:USDT,0.13346,1792.0,0.13345,11143.0,0.13348,10.0,0.13349,80.0
1753546960197,16:22:40.197,AERGO/USDT:USDT,0.13345,11024.0,0.13344,20848.0,0.13347,413.0,0.13348,10.0
1753546960298,16:22:40.298,AERGO/USDT:USDT,0.13345,10905.0,0.13344,20729.0,0.13347,532.0,0.13348,129.0
1753546961097,16:22:41.097,AERGO/USDT:USDT,0.13345,10905.0,0.13344,20729.0,0.13347,413.0,0.13348,129.0
1753546962598,16:22:42.598,AERGO/USDT:USDT,0.13345,10905.0,0.13344,20729.0,0.13347,413.0,0.13348,129.0
1753546963197,16:22:43.197,AERGO/USDT:USDT,0.13345,10905.0,0.13344,20729.0,0.13347,413.0,0.13348,129.0
1753546964197,16:22:44.197,AERGO/USDT:USDT,0.13345,10905.0,0.13344,20848.0,0.13347,413.0,0.13348,129.0
1753546964396,16:22:44.396,AERGO/USDT:USDT,0.13345,10905.0,0.13344,18783.0,0.13347,413.0,0.13348,129.0
1753546964797,16:22:44.797,AERGO/USDT:USDT,0.13345,10905.0,0.13344,18783.0,0.13347,413.0,0.13348,129.0
1753546964997,16:22:44.997,AERGO/USDT:USDT,0.13345,10905.0,0.13344,18783.0,0.13347,413.0,0.13348,129.0
1753546965397,16:22:45.397,AERGO/USDT:USDT,0.13345,10905.0,0.13344,18902.0,0.13347,413.0,0.13348,129.0
1753546967197,16:22:47.197,AERGO/USDT:USDT,0.13345,10905.0,0.13344,18783.0,0.13347,413.0,0.13348,129.0
1753546967297,16:22:47.297,AERGO/USDT:USDT,0.13345,10905.0,0.13344,18783.0,0.13347,413.0,0.13348,248.0
1753546970297,16:22:50.297,AERGO/USDT:USDT,0.13345,10905.0,0.13344,18783.0,0.13347,532.0,0.13348,248.0
1753546970397,16:22:50.397,AERGO/USDT:USDT,0.13346,17403.0,0.13345,5911.0,0.13347,413.0,0.13348,10.0
1753546971597,16:22:51.597,AERGO/USDT:USDT,0.13346,17403.0,0.13345,5911.0,0.13347,413.0,0.13348,10.0
1753546971697,16:22:51.697,AERGO/USDT:USDT,0.13346,17403.0,0.13345,5911.0,0.13347,413.0,0.13348,10.0
1753546971798,16:22:51.798,AERGO/USDT:USDT,0.13346,17403.0,0.13345,5911.0,0.13347,413.0,0.13348,10.0
1753546972197,16:22:52.197,AERGO/USDT:USDT,0.13346,17403.0,0.13345,5911.0,0.13347,413.0,0.13348,10.0
1753546972297,16:22:52.297,AERGO/USDT:USDT,0.13346,17415.0,0.13345,5911.0,0.13347,413.0,0.13348,10.0
1753546972397,16:22:52.397,AERGO/USDT:USDT,0.13346,17415.0,0.13345,5911.0,0.13347,413.0,0.13348,10.0
1753546972497,16:22:52.497,AERGO/USDT:USDT,0.13346,17415.0,0.13345,6030.0,0.13348,10.0,0.13349,137.0
1753546972697,16:22:52.697,AERGO/USDT:USDT,0.13346,17415.0,0.13345,5911.0,0.13348,398.0,0.13349,375.0
1753546972797,16:22:52.797,AERGO/USDT:USDT,0.13346,17415.0,0.13345,5911.0,0.13348,398.0,0.13349,375.0
1753546974797,16:22:54.797,AERGO/USDT:USDT,0.13346,17415.0,0.13345,5911.0,0.13348,398.0,0.13349,256.0
1753546975298,16:22:55.298,AERGO/USDT:USDT,0.13346,17415.0,0.13345,5911.0,0.13347,13.0,0.13348,398.0
1753546975397,16:22:55.397,AERGO/USDT:USDT,0.13346,17415.0,0.13345,5911.0,0.13347,13.0,0.13348,398.0
1753546975497,16:22:55.497,AERGO/USDT:USDT,0.13346,17415.0,0.13345,6030.0,0.13347,13.0,0.13348,398.0
1753546975897,16:22:55.897,AERGO/USDT:USDT,0.13346,17415.0,0.13345,6030.0,0.13347,13.0,0.13348,398.0
1753546975997,16:22:55.997,AERGO/USDT:USDT,0.13346,17415.0,0.13345,5911.0,0.13347,13.0,0.13348,398.0
1753546978097,16:22:58.097,AERGO/USDT:USDT,0.13346,17415.0,0.13345,5911.0,0.13347,13.0,0.13348,398.0
1753546978697,16:22:58.697,AERGO/USDT:USDT,0.13346,17415.0,0.13345,5911.0,0.13347,13.0,0.13348,398.0
1753546978997,16:22:58.997,AERGO/USDT:USDT,0.13346,17415.0,0.13345,5911.0,0.13347,13.0,0.13348,398.0
1753546979097,16:22:59.097,AERGO/USDT:USDT,0.13346,17415.0,0.13345,6030.0,0.13347,13.0,0.13348,398.0
1753546979297,16:22:59.297,AERGO/USDT:USDT,0.13346,17415.0,0.13345,6030.0,0.13347,13.0,0.13348,398.0
1753546980100,16:23:00.100,AERGO/USDT:USDT,0.13346,17415.0,0.13345,6149.0,0.13347,13.0,0.13348,398.0
1753546980196,16:23:00.196,AERGO/USDT:USDT,0.13346,17415.0,0.13345,6149.0,0.13347,13.0,0.13348,398.0
1753546980697,16:23:00.697,AERGO/USDT:USDT,0.13346,17415.0,0.13345,6149.0,0.13347,13.0,0.13348,398.0
1753546980897,16:23:00.897,AERGO/USDT:USDT,0.13346,17415.0,0.13345,6149.0,0.13347,13.0,0.13348,398.0
1753546981098,16:23:01.098,AERGO/USDT:USDT,0.13346,17415.0,0.13345,5911.0,0.13347,13.0,0.13348,398.0
1753546981196,16:23:01.196,AERGO/USDT:USDT,0.13346,17415.0,0.13345,5911.0,0.13347,13.0,0.13348,398.0
1753546981497,16:23:01.497,AERGO/USDT:USDT,0.13346,17415.0,0.13345,5911.0,0.13347,13.0,0.13348,398.0
1753546982097,16:23:02.097,AERGO/USDT:USDT,0.13346,17415.0,0.13345,10.0,0.13347,251.0,0.13348,693.0
1753546982197,16:23:02.197,AERGO/USDT:USDT,0.13346,17415.0,0.13345,10.0,0.13347,969.0,0.13348,750.0
1753546982296,16:23:02.296,AERGO/USDT:USDT,0.13346,17415.0,0.13345,10.0,0.13347,1358.0,0.13348,750.0
1753546982397,16:23:02.397,AERGO/USDT:USDT,0.13346,17415.0,0.13345,10.0,0.13347,1358.0,0.13348,750.0
1753546982497,16:23:02.497,AERGO/USDT:USDT,0.13346,17415.0,0.13345,10.0,0.13347,1239.0,0.13348,750.0
1753546982597,16:23:02.597,AERGO/USDT:USDT,0.13346,17415.0,0.13345,10.0,0.13347,1239.0,0.13348,631.0
1753546982697,16:23:02.697,AERGO/USDT:USDT,0.13346,17415.0,0.13345,10.0,0.13347,1239.0,0.13348,750.0
1753546982797,16:23:02.797,AERGO/USDT:USDT,0.13346,17415.0,0.13345,10.0,0.13347,1239.0,0.13348,750.0
1753546982897,16:23:02.897,AERGO/USDT:USDT,0.13346,17415.0,0.13345,10.0,0.13347,1239.0,0.13348,631.0
1753546982997,16:23:02.997,AERGO/USDT:USDT,0.13346,17415.0,0.13345,10.0,0.13347,1120.0,0.13348,512.0
1753546983097,16:23:03.097,AERGO/USDT:USDT,0.13346,17415.0,0.13345,10.0,0.13347,482.0,0.13348,631.0
1753546983296,16:23:03.296,AERGO/USDT:USDT,0.13346,17415.0,0.13345,10.0,0.13347,590.0,0.13348,631.0
1753546983596,16:23:03.596,AERGO/USDT:USDT,0.13346,17415.0,0.13345,10.0,0.13347,590.0,0.13348,512.0
1753546984100,16:23:04.100,AERGO/USDT:USDT,0.13346,17415.0,0.13345,10.0,0.13347,590.0,0.13348,512.0
1753546984197,16:23:04.197,AERGO/USDT:USDT,0.13346,17415.0,0.13345,10.0,0.13347,552.0,0.13348,631.0
1753546984297,16:23:04.297,AERGO/USDT:USDT,0.13346,17415.0,0.13345,10.0,0.13347,590.0,0.13348,631.0
1753546984396,16:23:04.396,AERGO/USDT:USDT,0.13346,17415.0,0.13345,10.0,0.13347,552.0,0.13348,631.0
1753546984497,16:23:04.497,AERGO/USDT:USDT,0.13346,17415.0,0.13345,10.0,0.13347,590.0,0.13348,631.0
1753546984897,16:23:04.897,AERGO/USDT:USDT,0.13346,17415.0,0.13345,10.0,0.13347,590.0,0.13348,750.0
1753546984997,16:23:04.997,AERGO/USDT:USDT,0.13346,17415.0,0.13345,10.0,0.13347,552.0,0.13348,631.0
1753546985098,16:23:05.098,AERGO/USDT:USDT,0.13346,17415.0,0.13345,10.0,0.13347,552.0,0.13348,631.0
1753546985197,16:23:05.197,AERGO/USDT:USDT,0.13346,17415.0,0.13345,10.0,0.13347,552.0,0.13348,631.0
1753546985397,16:23:05.397,AERGO/USDT:USDT,0.13346,17415.0,0.13345,10.0,0.13347,552.0,0.13348,631.0
1753546985797,16:23:05.797,AERGO/USDT:USDT,0.13346,17415.0,0.13345,10.0,0.13347,552.0,0.13348,631.0
1753546985897,16:23:05.897,AERGO/USDT:USDT,0.13346,17415.0,0.13345,10.0,0.13347,552.0,0.13348,512.0
1753546986297,16:23:06.297,AERGO/USDT:USDT,0.13346,17415.0,0.13345,129.0,0.13347,552.0,0.13348,512.0
1753546986397,16:23:06.397,AERGO/USDT:USDT,0.13346,17415.0,0.13345,129.0,0.13347,552.0,0.13348,512.0
1753546986496,16:23:06.496,AERGO/USDT:USDT,0.13346,17415.0,0.13345,248.0,0.13347,472.0,0.13348,512.0
1753546986597,16:23:06.597,AERGO/USDT:USDT,0.13346,17415.0,0.13345,248.0,0.13347,472.0,0.13348,512.0
1753546986697,16:23:06.697,AERGO/USDT:USDT,0.13346,17415.0,0.13345,5830.0,0.13347,472.0,0.13348,512.0
1753546986796,16:23:06.796,AERGO/USDT:USDT,0.13346,17415.0,0.13345,5830.0,0.13347,472.0,0.13348,512.0
1753546987097,16:23:07.097,AERGO/USDT:USDT,0.13346,17415.0,0.13345,5711.0,0.13347,402.0,0.13348,512.0
1753546987297,16:23:07.297,AERGO/USDT:USDT,0.13346,17415.0,0.13345,5711.0,0.13347,402.0,0.13348,631.0
1753546988101,16:23:08.101,AERGO/USDT:USDT,0.13346,17415.0,0.13345,5711.0,0.13347,402.0,0.13348,631.0
1753546989597,16:23:09.597,AERGO/USDT:USDT,0.13346,17453.0,0.13345,5711.0,0.13347,389.0,0.13348,512.0
1753546989697,16:23:09.697,AERGO/USDT:USDT,0.13346,17453.0,0.13345,5830.0,0.13347,389.0,0.13348,512.0
1753546990298,16:23:10.298,AERGO/USDT:USDT,0.13346,17479.0,0.13345,5711.0,0.13347,389.0,0.13348,512.0
1753546990496,16:23:10.496,AERGO/USDT:USDT,0.13346,17479.0,0.13345,5711.0,0.13347,389.0,0.13348,512.0
1753546990596,16:23:10.596,AERGO/USDT:USDT,0.13346,17479.0,0.13345,5711.0,0.13347,389.0,0.13348,631.0
1753546990897,16:23:10.897,AERGO/USDT:USDT,0.13346,18535.0,0.13345,5830.0,0.13347,389.0,0.13348,512.0
1753546990997,16:23:10.997,AERGO/USDT:USDT,0.13346,18535.0,0.13345,5830.0,0.13347,389.0,0.13348,512.0
1753546991103,16:23:11.103,AERGO/USDT:USDT,0.13346,18535.0,0.13345,5830.0,0.13347,389.0,0.13348,512.0
1753546992100,16:23:12.100,AERGO/USDT:USDT,0.13346,18535.0,0.13345,5830.0,0.13347,389.0,0.13348,512.0
1753546992497,16:23:12.497,AERGO/USDT:USDT,0.13346,18535.0,0.13345,5830.0,0.13347,389.0,0.13348,512.0
1753546992597,16:23:12.597,AERGO/USDT:USDT,0.13346,18535.0,0.13345,5830.0,0.13347,389.0,0.13348,512.0
1753546993598,16:23:13.598,AERGO/USDT:USDT,0.13346,18535.0,0.13345,5830.0,0.13347,389.0,0.13348,512.0
1753546993996,16:23:13.996,AERGO/USDT:USDT,0.13346,18535.0,0.13345,5830.0,0.13347,389.0,0.13348,512.0
1753546995197,16:23:15.197,AERGO/USDT:USDT,0.13346,18535.0,0.13345,5711.0,0.13348,455.0,0.13349,57.0
1753546995297,16:23:15.297,AERGO/USDT:USDT,0.13346,18773.0,0.13345,5949.0,0.13348,67.0,0.13349,57.0
1753546995397,16:23:15.397,AERGO/USDT:USDT,0.13346,18773.0,0.13345,6006.0,0.13348,67.0,0.13349,57.0
1753546995597,16:23:15.597,AERGO/USDT:USDT,0.13346,18773.0,0.13345,6006.0,0.13348,67.0,0.13349,463.0
1753546995697,16:23:15.697,AERGO/USDT:USDT,0.13346,18773.0,0.13345,6006.0,0.13348,67.0,0.13349,463.0
1753546995898,16:23:15.898,AERGO/USDT:USDT,0.13346,18654.0,0.13345,186.0,0.13348,67.0,0.13349,463.0
1753546996597,16:23:16.597,AERGO/USDT:USDT,0.13346,18535.0,0.13345,67.0,0.13348,186.0,0.13349,701.0
1753546996697,16:23:16.697,AERGO/USDT:USDT,0.13346,18535.0,0.13345,67.0,0.13348,186.0,0.13349,701.0
1753546996797,16:23:16.797,AERGO/USDT:USDT,0.13346,18535.0,0.13345,67.0,0.13347,526.0,0.13348,186.0
1753546996897,16:23:16.897,AERGO/USDT:USDT,0.13346,18535.0,0.13345,67.0,0.13347,407.0,0.13348,186.0
1753546997097,16:23:17.097,AERGO/USDT:USDT,0.13346,18535.0,0.13345,186.0,0.13347,407.0,0.13348,10.0
1753546997197,16:23:17.197,AERGO/USDT:USDT,0.13346,18773.0,0.13345,305.0,0.13348,10.0,0.13349,57.0
1753546997397,16:23:17.397,AERGO/USDT:USDT,0.13346,18773.0,0.13345,305.0,0.13348,392.0,0.13349,57.0
1753546997497,16:23:17.497,AERGO/USDT:USDT,0.13346,18773.0,0.13345,305.0,0.13348,392.0,0.13349,57.0
1753546997598,16:23:17.598,AERGO/USDT:USDT,0.13346,18773.0,0.13345,305.0,0.13348,392.0,0.13349,57.0
1753546997804,16:23:17.804,AERGO/USDT:USDT,0.13346,18773.0,0.13345,305.0,0.13348,392.0,0.13349,57.0
1753546999996,16:23:19.996,AERGO/USDT:USDT,0.13346,18773.0,0.13345,305.0,0.13348,392.0,0.13349,57.0
1753547000197,16:23:20.197,AERGO/USDT:USDT,0.13346,18773.0,0.13345,305.0,0.13348,392.0,0.13349,57.0
1753547000297,16:23:20.297,AERGO/USDT:USDT,0.13346,18773.0,0.13345,305.0,0.13348,392.0,0.13349,57.0
1753547001197,16:23:21.197,AERGO/USDT:USDT,0.13346,18773.0,0.13345,305.0,0.13348,392.0,0.13349,57.0
1753547001697,16:23:21.697,AERGO/USDT:USDT,0.13346,18773.0,0.13345,305.0,0.13348,392.0,0.13349,57.0
1753547002497,16:23:22.497,AERGO/USDT:USDT,0.13346,18648.0,0.13345,305.0,0.13348,392.0,0.13349,57.0
1753547003097,16:23:23.097,AERGO/USDT:USDT,0.13346,18648.0,0.13345,186.0,0.13348,392.0,0.13349,176.0
1753547003197,16:23:23.197,AERGO/USDT:USDT,0.13346,18648.0,0.13345,186.0,0.13348,392.0,0.13349,176.0
1753547003397,16:23:23.397,AERGO/USDT:USDT,0.13346,18529.0,0.13345,186.0,0.13348,392.0,0.13349,176.0
1753547005298,16:23:25.298,AERGO/USDT:USDT,0.13346,18543.0,0.13345,176.0,0.13348,392.0,0.13349,176.0
1753547008597,16:23:28.597,AERGO/USDT:USDT,0.13346,18543.0,0.13345,176.0,0.13347,20.0,0.13348,439.0
1753547008696,16:23:28.696,AERGO/USDT:USDT,0.13346,18543.0,0.13345,176.0,0.13347,20.0,0.13348,439.0
1753547008797,16:23:28.797,AERGO/USDT:USDT,0.13346,18547.0,0.13345,176.0,0.13347,20.0,0.13348,439.0
1753547009296,16:23:29.296,AERGO/USDT:USDT,0.13346,18547.0,0.13345,176.0,0.13347,20.0,0.13348,558.0
1753547009397,16:23:29.397,AERGO/USDT:USDT,0.13346,18547.0,0.13345,176.0,0.13347,20.0,0.13348,558.0
1753547009497,16:23:29.497,AERGO/USDT:USDT,0.13346,18547.0,0.13345,176.0,0.13347,528.0,0.13348,558.0
1753547009597,16:23:29.597,AERGO/USDT:USDT,0.13346,18547.0,0.13345,57.0,0.13347,528.0,0.13348,677.0
1753547010100,16:23:30.100,AERGO/USDT:USDT,0.13346,18547.0,0.13345,57.0,0.13347,409.0,0.13348,677.0
1753547010196,16:23:30.196,AERGO/USDT:USDT,0.13346,18547.0,0.13345,57.0,0.13347,409.0,0.13348,677.0
1753547011997,16:23:31.997,AERGO/USDT:USDT,0.13346,18547.0,0.13345,57.0,0.13347,409.0,0.13348,558.0
1753547012097,16:23:32.097,AERGO/USDT:USDT,0.13346,18547.0,0.13345,57.0,0.13347,409.0,0.13348,558.0
1753547012197,16:23:32.197,AERGO/USDT:USDT,0.13346,18547.0,0.13345,57.0,0.13347,409.0,0.13348,558.0
1753547012296,16:23:32.296,AERGO/USDT:USDT,0.13346,18547.0,0.13345,57.0,0.13347,409.0,0.13348,677.0
1753547013297,16:23:33.297,AERGO/USDT:USDT,0.13346,18533.0,0.13345,57.0,0.13347,409.0,0.13348,677.0
1753547013397,16:23:33.397,AERGO/USDT:USDT,0.13346,18544.0,0.13345,57.0,0.13347,409.0,0.13348,558.0
1753547013898,16:23:33.898,AERGO/USDT:USDT,0.13346,18544.0,0.13345,57.0,0.13347,409.0,0.13348,558.0
1753547013997,16:23:33.997,AERGO/USDT:USDT,0.13346,18544.0,0.13345,57.0,0.13347,409.0,0.13348,558.0
1753547016099,16:23:36.099,AERGO/USDT:USDT,0.13346,18663.0,0.13345,176.0,0.13347,20.0,0.13348,439.0
1753547016897,16:23:36.897,AERGO/USDT:USDT,0.13346,18667.0,0.13345,176.0,0.13347,20.0,0.13348,439.0
1753547016997,16:23:36.997,AERGO/USDT:USDT,0.13346,18786.0,0.13345,176.0,0.13347,20.0,0.13348,439.0
1753547017197,16:23:37.197,AERGO/USDT:USDT,0.13346,18667.0,0.13345,176.0,0.13347,20.0,0.13348,439.0
1753547017298,16:23:37.298,AERGO/USDT:USDT,0.13346,18786.0,0.13345,176.0,0.13347,20.0,0.13348,439.0
1753547017397,16:23:37.397,AERGO/USDT:USDT,0.13346,18786.0,0.13345,176.0,0.13347,20.0,0.13348,439.0
1753547017497,16:23:37.497,AERGO/USDT:USDT,0.13346,18352.0,0.13345,176.0,0.13347,20.0,0.13348,439.0
1753547018297,16:23:38.297,AERGO/USDT:USDT,0.13346,18352.0,0.13345,176.0,0.13347,13.0,0.13348,439.0
1753547018396,16:23:38.396,AERGO/USDT:USDT,0.13346,18352.0,0.13345,176.0,0.13347,13.0,0.13348,439.0
1753547019197,16:23:39.197,AERGO/USDT:USDT,0.13346,18388.0,0.13345,176.0,0.13347,13.0,0.13348,439.0
1753547021497,16:23:41.497,AERGO/USDT:USDT,0.13346,18269.0,0.13345,176.0,0.13347,13.0,0.13348,439.0
1753547021697,16:23:41.697,AERGO/USDT:USDT,0.13346,18269.0,0.13345,176.0,0.13347,13.0,0.13348,439.0
1753547021796,16:23:41.796,AERGO/USDT:USDT,0.13346,18388.0,0.13345,176.0,0.13347,13.0,0.13348,439.0
1753547021996,16:23:41.996,AERGO/USDT:USDT,0.13346,18269.0,0.13345,176.0,0.13347,13.0,0.13348,439.0
1753547022101,16:23:42.101,AERGO/USDT:USDT,0.13346,18269.0,0.13345,176.0,0.13347,13.0,0.13348,439.0
1753547022898,16:23:42.898,AERGO/USDT:USDT,0.13346,18269.0,0.13345,176.0,0.13347,13.0,0.13348,439.0
1753547022997,16:23:42.997,AERGO/USDT:USDT,0.13346,18269.0,0.13345,176.0,0.13347,13.0,0.13348,558.0
1753547023297,16:23:43.297,AERGO/USDT:USDT,0.13346,18269.0,0.13345,176.0,0.13347,13.0,0.13348,558.0
1753547023397,16:23:43.397,AERGO/USDT:USDT,0.13346,18269.0,0.13345,176.0,0.13347,13.0,0.13348,439.0
1753547023497,16:23:43.497,AERGO/USDT:USDT,0.13346,18269.0,0.13345,176.0,0.13347,13.0,0.13348,439.0
1753547023597,16:23:43.597,AERGO/USDT:USDT,0.13346,18388.0,0.13345,176.0,0.13347,13.0,0.13348,439.0
1753547024297,16:23:44.297,AERGO/USDT:USDT,0.13346,18388.0,0.13345,176.0,0.13347,13.0,0.13348,439.0
1753547024397,16:23:44.397,AERGO/USDT:USDT,0.13346,18269.0,0.13345,176.0,0.13347,13.0,0.13348,439.0
1753547025997,16:23:45.997,AERGO/USDT:USDT,0.13346,18314.0,0.13345,176.0,0.13347,13.0,0.13348,439.0
1753547028497,16:23:48.497,AERGO/USDT:USDT,0.13346,18312.0,0.13345,176.0,0.13347,13.0,0.13348,439.0
1753547030096,16:23:50.096,AERGO/USDT:USDT,0.13346,18312.0,0.13345,176.0,0.13347,13.0,0.13348,439.0
1753547031297,16:23:51.297,AERGO/USDT:USDT,0.13346,18312.0,0.13345,176.0,0.13347,13.0,0.13348,439.0
1753547031397,16:23:51.397,AERGO/USDT:USDT,0.13346,18312.0,0.13345,176.0,0.13347,13.0,0.13348,439.0
1753547033398,16:23:53.398,AERGO/USDT:USDT,0.13346,18312.0,0.13345,57.0,0.13347,13.0,0.13348,439.0
1753547034698,16:23:54.698,AERGO/USDT:USDT,0.13346,18312.0,0.13345,176.0,0.13347,13.0,0.13348,439.0
1753547036999,16:23:56.999,AERGO/USDT:USDT,0.13346,18313.0,0.13345,176.0,0.13347,13.0,0.13348,439.0
1753547037098,16:23:57.098,AERGO/USDT:USDT,0.13346,18313.0,0.13345,176.0,0.13347,13.0,0.13348,439.0
1753547038099,16:23:58.099,AERGO/USDT:USDT,0.13346,18210.0,0.13345,176.0,0.13347,13.0,0.13348,439.0
1753547038197,16:23:58.197,AERGO/USDT:USDT,0.13346,18302.0,0.13345,176.0,0.13347,13.0,0.13348,439.0
1753547038697,16:23:58.697,AERGO/USDT:USDT,0.13346,18302.0,0.13345,57.0,0.13347,13.0,0.13348,439.0
1753547038797,16:23:58.797,AERGO/USDT:USDT,0.13346,18302.0,0.13345,57.0,0.13347,13.0,0.13348,439.0
1753547039497,16:23:59.497,AERGO/USDT:USDT,0.13346,18302.0,0.13345,57.0,0.13347,13.0,0.13348,558.0
1753547039997,16:23:59.997,AERGO/USDT:USDT,0.13346,18302.0,0.13345,57.0,0.13347,10.0,0.13348,558.0
1753547040100,16:24:00.100,AERGO/USDT:USDT,0.13346,18302.0,0.13345,57.0,0.13347,10.0,0.13348,558.0
1753547040197,16:24:00.197,AERGO/USDT:USDT,0.13346,18302.0,0.13345,57.0,0.13347,10.0,0.13348,558.0
1753547040697,16:24:00.697,AERGO/USDT:USDT,0.13346,18302.0,0.13345,57.0,0.13347,10.0,0.13348,558.0
1753547040897,16:24:00.897,AERGO/USDT:USDT,0.13346,18302.0,0.13345,57.0,0.13347,10.0,0.13348,558.0
1753547040997,16:24:00.997,AERGO/USDT:USDT,0.13346,18302.0,0.13345,57.0,0.13347,10.0,0.13348,558.0
1753547041098,16:24:01.098,AERGO/USDT:USDT,0.13346,18302.0,0.13345,57.0,0.13347,10.0,0.13348,558.0
1753547042697,16:24:02.697,AERGO/USDT:USDT,0.13346,18344.0,0.13345,57.0,0.13347,10.0,0.13348,558.0
1753547042797,16:24:02.797,AERGO/USDT:USDT,0.13346,18344.0,0.13345,57.0,0.13347,10.0,0.13348,558.0
1753547043097,16:24:03.097,AERGO/USDT:USDT,0.13346,18344.0,0.13345,57.0,0.13347,10.0,0.13348,558.0
1753547043797,16:24:03.797,AERGO/USDT:USDT,0.13346,18344.0,0.13345,57.0,0.13347,10.0,0.13348,558.0
1753547043897,16:24:03.897,AERGO/USDT:USDT,0.13346,18344.0,0.13345,57.0,0.13347,10.0,0.13348,558.0
1753547044099,16:24:04.099,AERGO/USDT:USDT,0.13346,18344.0,0.13345,57.0,0.13347,10.0,0.13348,558.0
1753547044297,16:24:04.297,AERGO/USDT:USDT,0.13346,18344.0,0.13345,176.0,0.13347,10.0,0.13348,439.0
1753547044497,16:24:04.497,AERGO/USDT:USDT,0.13346,18345.0,0.13345,57.0,0.13347,10.0,0.13348,439.0
1753547044597,16:24:04.597,AERGO/USDT:USDT,0.13346,18345.0,0.13345,57.0,0.13347,10.0,0.13348,439.0
1753547045097,16:24:05.097,AERGO/USDT:USDT,0.13346,18345.0,0.13345,57.0,0.13347,10.0,0.13348,439.0
1753547045897,16:24:05.897,AERGO/USDT:USDT,0.13346,18345.0,0.13345,57.0,0.13347,10.0,0.13348,558.0
1753547048397,16:24:08.397,AERGO/USDT:USDT,0.13346,18345.0,0.13345,57.0,0.13347,10.0,0.13348,558.0
1753547048497,16:24:08.497,AERGO/USDT:USDT,0.13346,18345.0,0.13345,57.0,0.13347,10.0,0.13348,677.0
1753547048597,16:24:08.597,AERGO/USDT:USDT,0.13346,18345.0,0.13345,57.0,0.13347,10.0,0.13348,677.0
1753547048697,16:24:08.697,AERGO/USDT:USDT,0.13346,18345.0,0.13345,57.0,0.13347,10.0,0.13348,558.0
1753547051297,16:24:11.297,AERGO/USDT:USDT,0.13346,18361.0,0.13345,57.0,0.13348,439.0,0.13349,295.0
1753547052297,16:24:12.297,AERGO/USDT:USDT,0.13346,18361.0,0.13345,176.0,0.13348,439.0,0.13349,295.0
1753547052897,16:24:12.897,AERGO/USDT:USDT,0.13346,18361.0,0.13345,57.0,0.13348,439.0,0.13349,295.0
1753547053198,16:24:13.198,AERGO/USDT:USDT,0.13346,18361.0,0.13345,57.0,0.13348,439.0,0.13349,295.0
1753547053297,16:24:13.297,AERGO/USDT:USDT,0.13346,18361.0,0.13345,57.0,0.13348,439.0,0.13349,295.0
1753547053596,16:24:13.596,AERGO/USDT:USDT,0.13346,18361.0,0.13345,57.0,0.13348,439.0,0.13349,295.0
1753547053697,16:24:13.697,AERGO/USDT:USDT,0.13346,18361.0,0.13345,176.0,0.13348,439.0,0.13349,295.0
1753547053997,16:24:13.997,AERGO/USDT:USDT,0.13346,18361.0,0.13345,57.0,0.13348,439.0,0.13349,295.0
1753547054297,16:24:14.297,AERGO/USDT:USDT,0.13346,18361.0,0.13345,57.0,0.13348,439.0,0.13349,295.0
1753547054598,16:24:14.598,AERGO/USDT:USDT,0.13346,18361.0,0.13345,57.0,0.13348,439.0,0.13349,295.0
1753547054697,16:24:14.697,AERGO/USDT:USDT,0.13346,18360.0,0.13345,57.0,0.13348,439.0,0.13349,295.0
1753547055097,16:24:15.097,AERGO/USDT:USDT,0.13346,18360.0,0.13345,57.0,0.13348,439.0,0.13349,295.0
1753547055396,16:24:15.396,AERGO/USDT:USDT,0.13346,18360.0,0.13345,57.0,0.13348,439.0,0.13349,295.0
1753547055496,16:24:15.496,AERGO/USDT:USDT,0.13346,18360.0,0.13345,57.0,0.13348,439.0,0.13349,295.0
1753547055997,16:24:15.997,AERGO/USDT:USDT,0.13346,18360.0,0.13345,176.0,0.13348,439.0,0.13349,295.0
1753547056197,16:24:16.197,AERGO/USDT:USDT,0.13346,18360.0,0.13345,176.0,0.13348,439.0,0.13349,295.0
1753547056697,16:24:16.697,AERGO/USDT:USDT,0.13346,18360.0,0.13345,176.0,0.13348,439.0,0.13349,295.0
1753547058196,16:24:18.196,AERGO/USDT:USDT,0.13346,18360.0,0.13345,57.0,0.13348,439.0,0.13349,295.0
1753547060497,16:24:20.497,AERGO/USDT:USDT,0.13346,18360.0,0.13345,57.0,0.13348,439.0,0.13349,176.0
1753547060597,16:24:20.597,AERGO/USDT:USDT,0.13346,18479.0,0.13345,176.0,0.13348,439.0,0.13349,57.0
1753547061597,16:24:21.597,AERGO/USDT:USDT,0.13346,18405.0,0.13345,176.0,0.13348,439.0,0.13349,57.0
1753547062497,16:24:22.497,AERGO/USDT:USDT,0.13346,18405.0,0.13345,57.0,0.13348,439.0,0.13349,176.0
1753547062997,16:24:22.997,AERGO/USDT:USDT,0.13346,18406.0,0.13345,57.0,0.13348,439.0,0.13349,57.0
1753547063098,16:24:23.098,AERGO/USDT:USDT,0.13346,18406.0,0.13345,57.0,0.13348,439.0,0.13349,295.0
1753547065697,16:24:25.697,AERGO/USDT:USDT,0.13346,18406.0,0.13345,57.0,0.13348,677.0,0.13349,295.0
1753547065796,16:24:25.796,AERGO/USDT:USDT,0.13346,18406.0,0.13345,57.0,0.13348,677.0,0.13349,295.0
1753547066497,16:24:26.497,AERGO/USDT:USDT,0.13346,18406.0,0.13345,57.0,0.13348,558.0,0.13349,295.0
1753547066597,16:24:26.597,AERGO/USDT:USDT,0.13346,18406.0,0.13345,57.0,0.13348,558.0,0.13349,295.0
1753547066697,16:24:26.697,AERGO/USDT:USDT,0.13346,18406.0,0.13345,57.0,0.13348,558.0,0.13349,295.0
1753547066797,16:24:26.797,AERGO/USDT:USDT,0.13346,18406.0,0.13345,57.0,0.13348,439.0,0.13349,295.0
1753547068598,16:24:28.598,AERGO/USDT:USDT,0.13346,18400.0,0.13345,57.0,0.13348,439.0,0.13349,295.0
1753547068697,16:24:28.697,AERGO/USDT:USDT,0.13346,18400.0,0.13345,57.0,0.13348,558.0,0.13349,295.0
1753547072996,16:24:32.996,AERGO/USDT:USDT,0.13346,18519.0,0.13345,176.0,0.13348,439.0,0.13349,57.0
1753547073897,16:24:33.897,AERGO/USDT:USDT,0.13347,719.0,0.13346,18519.0,0.13348,57.0,0.13349,57.0
1753547073997,16:24:33.997,AERGO/USDT:USDT,0.13347,1809.0,0.13346,17292.0,0.13348,57.0,0.13349,57.0
1753547074100,16:24:34.100,AERGO/USDT:USDT,0.13347,1928.0,0.13346,17292.0,0.13348,57.0,0.13349,57.0
1753547074297,16:24:34.297,AERGO/USDT:USDT,0.13347,1809.0,0.13346,17292.0,0.13348,57.0,0.13349,448.0
1753547074397,16:24:34.397,AERGO/USDT:USDT,0.13347,1809.0,0.13346,17292.0,0.13348,57.0,0.13349,448.0
1753547074597,16:24:34.597,AERGO/USDT:USDT,0.13347,1980.0,0.13346,17113.0,0.13348,57.0,0.13349,448.0
1753547075097,16:24:35.097,AERGO/USDT:USDT,0.13347,1980.0,0.13346,17113.0,0.13348,57.0,0.13349,448.0
1753547075297,16:24:35.297,AERGO/USDT:USDT,0.13347,2099.0,0.13346,17113.0,0.13348,57.0,0.13349,57.0
1753547075497,16:24:35.497,AERGO/USDT:USDT,0.13347,2099.0,0.13346,17113.0,0.13348,57.0,0.13349,57.0
1753547076796,16:24:36.796,AERGO/USDT:USDT,0.13347,2099.0,0.13346,17113.0,0.13348,57.0,0.13349,57.0
1753547078497,16:24:38.497,AERGO/USDT:USDT,0.13347,2099.0,0.13346,17113.0,0.1335,232.0,0.13351,2685.0
1753547078598,16:24:38.598,AERGO/USDT:USDT,0.13348,176.0,0.13347,7466.0,0.1335,57.0,0.13351,137.0
1753547078697,16:24:38.697,AERGO/USDT:USDT,0.13348,2535.0,0.13347,7466.0,0.1335,57.0,0.13351,598.0
1753547079597,16:24:39.597,AERGO/USDT:USDT,0.13348,176.0,0.13347,7466.0,0.1335,57.0,0.13351,598.0
1753547080099,16:24:40.099,AERGO/USDT:USDT,0.13348,176.0,0.13347,7466.0,0.1335,57.0,0.13351,598.0
1753547080197,16:24:40.197,AERGO/USDT:USDT,0.13348,176.0,0.13347,7347.0,0.1335,57.0,0.13351,598.0
1753547080497,16:24:40.497,AERGO/USDT:USDT,0.13349,18.0,0.13348,57.0,0.1335,57.0,0.13351,598.0
1753547080596,16:24:40.596,AERGO/USDT:USDT,0.13349,18.0,0.13348,57.0,0.1335,57.0,0.13351,598.0
1753547081597,16:24:41.597,AERGO/USDT:USDT,0.13349,18.0,0.13348,57.0,0.1335,57.0,0.13351,598.0
1753547082996,16:24:42.996,AERGO/USDT:USDT,0.13349,18.0,0.13348,57.0,0.1335,57.0,0.13351,598.0
1753547083197,16:24:43.197,AERGO/USDT:USDT,0.13349,18.0,0.13348,57.0,0.1335,57.0,0.13351,598.0
1753547083296,16:24:43.296,AERGO/USDT:USDT,0.13349,18.0,0.13348,176.0,0.1335,57.0,0.13351,598.0
1753547084397,16:24:44.397,AERGO/USDT:USDT,0.13349,18.0,0.13348,176.0,0.1335,57.0,0.13351,598.0
1753547084997,16:24:44.997,AERGO/USDT:USDT,0.13349,18.0,0.13348,176.0,0.1335,57.0,0.13351,598.0
1753547085097,16:24:45.097,AERGO/USDT:USDT,0.13349,18.0,0.13348,176.0,0.1335,57.0,0.13351,598.0
1753547085297,16:24:45.297,AERGO/USDT:USDT,0.13349,18.0,0.13348,176.0,0.1335,57.0,0.13351,598.0
1753547085396,16:24:45.396,AERGO/USDT:USDT,0.13349,18.0,0.13348,176.0,0.1335,57.0,0.13351,598.0
1753547085597,16:24:45.597,AERGO/USDT:USDT,0.13349,18.0,0.13348,176.0,0.1335,57.0,0.13351,598.0
1753547085697,16:24:45.697,AERGO/USDT:USDT,0.13349,18.0,0.13348,176.0,0.1335,57.0,0.13351,598.0
1753547085797,16:24:45.797,AERGO/USDT:USDT,0.13349,18.0,0.13348,176.0,0.1335,57.0,0.13351,598.0
1753547085897,16:24:45.897,AERGO/USDT:USDT,0.13349,18.0,0.13348,176.0,0.1335,57.0,0.13351,598.0
1753547085997,16:24:45.997,AERGO/USDT:USDT,0.13349,18.0,0.13348,176.0,0.1335,57.0,0.13351,598.0
1753547086097,16:24:46.097,AERGO/USDT:USDT,0.13349,18.0,0.13348,176.0,0.1335,57.0,0.13351,598.0
1753547086197,16:24:46.197,AERGO/USDT:USDT,0.13349,18.0,0.13348,176.0,0.1335,57.0,0.13351,598.0
1753547086297,16:24:46.297,AERGO/USDT:USDT,0.13349,18.0,0.13348,176.0,0.1335,57.0,0.13351,598.0
1753547086598,16:24:46.598,AERGO/USDT:USDT,0.13349,18.0,0.13348,176.0,0.1335,57.0,0.13351,598.0
1753547086797,16:24:46.797,AERGO/USDT:USDT,0.13349,18.0,0.13348,57.0,0.1335,565.0,0.13351,836.0
1753547086897,16:24:46.897,AERGO/USDT:USDT,0.13349,18.0,0.13348,57.0,0.1335,565.0,0.13351,836.0
1753547087696,16:24:47.696,AERGO/USDT:USDT,0.13349,18.0,0.13348,57.0,0.1335,684.0,0.13351,836.0
1753547087803,16:24:47.803,AERGO/USDT:USDT,0.13349,18.0,0.13348,57.0,0.1335,565.0,0.13351,836.0
1753547087897,16:24:47.897,AERGO/USDT:USDT,0.13349,18.0,0.13348,57.0,0.1335,446.0,0.13351,836.0
1753547088097,16:24:48.097,AERGO/USDT:USDT,0.13349,18.0,0.13348,57.0,0.1335,684.0,0.13351,836.0
1753547088297,16:24:48.297,AERGO/USDT:USDT,0.13349,18.0,0.13348,57.0,0.1335,565.0,0.13351,836.0
1753547088496,16:24:48.496,AERGO/USDT:USDT,0.13349,18.0,0.13348,57.0,0.1335,446.0,0.13351,836.0
1753547088896,16:24:48.896,AERGO/USDT:USDT,0.13349,18.0,0.13348,57.0,0.1335,446.0,0.13351,836.0
1753547089197,16:24:49.197,AERGO/USDT:USDT,0.13349,18.0,0.13348,57.0,0.1335,446.0,0.13351,836.0
1753547089997,16:24:49.997,AERGO/USDT:USDT,0.13349,18.0,0.13348,57.0,0.1335,446.0,0.13351,836.0
1753547090099,16:24:50.099,AERGO/USDT:USDT,0.13349,18.0,0.13348,57.0,0.1335,446.0,0.13351,836.0
1753547090297,16:24:50.297,AERGO/USDT:USDT,0.13349,18.0,0.13348,57.0,0.1335,446.0,0.13351,836.0
1753547090497,16:24:50.497,AERGO/USDT:USDT,0.13349,18.0,0.13348,57.0,0.1335,446.0,0.13351,836.0
1753547090697,16:24:50.697,AERGO/USDT:USDT,0.13349,18.0,0.13348,57.0,0.1335,446.0,0.13351,836.0
1753547090897,16:24:50.897,AERGO/USDT:USDT,0.13349,18.0,0.13348,57.0,0.1335,446.0,0.13351,836.0
1753547091897,16:24:51.897,AERGO/USDT:USDT,0.13349,18.0,0.13348,57.0,0.1335,565.0,0.13351,836.0
1753547092497,16:24:52.497,AERGO/USDT:USDT,0.13349,18.0,0.13348,57.0,0.1335,446.0,0.13351,836.0
1753547092997,16:24:52.997,AERGO/USDT:USDT,0.13349,1181.0,0.13348,57.0,0.1335,446.0,0.13351,836.0
1753547093098,16:24:53.098,AERGO/USDT:USDT,0.13349,1181.0,0.13348,57.0,0.1335,57.0,0.13351,717.0
1753547093297,16:24:53.297,AERGO/USDT:USDT,0.13349,1181.0,0.13348,57.0,0.1335,57.0,0.13351,717.0
1753547093697,16:24:53.697,AERGO/USDT:USDT,0.13349,1181.0,0.13348,57.0,0.1335,57.0,0.13351,836.0
1753547093897,16:24:53.897,AERGO/USDT:USDT,0.13349,1181.0,0.13348,57.0,0.1335,57.0,0.13351,836.0
1753547096197,16:24:56.197,AERGO/USDT:USDT,0.13349,1181.0,0.13348,57.0,0.1335,57.0,0.13351,836.0
1753547096697,16:24:56.697,AERGO/USDT:USDT,0.13349,1181.0,0.13348,57.0,0.1335,57.0,0.13351,836.0
1753547096797,16:24:56.797,AERGO/USDT:USDT,0.13349,1181.0,0.13348,57.0,0.1335,57.0,0.13351,717.0
1753547096897,16:24:56.897,AERGO/USDT:USDT,0.13349,1181.0,0.13348,57.0,0.1335,57.0,0.13351,717.0
1753547096997,16:24:56.997,AERGO/USDT:USDT,0.13349,1181.0,0.13348,176.0,0.1335,57.0,0.13351,717.0
1753547097096,16:24:57.096,AERGO/USDT:USDT,0.13349,1181.0,0.13348,176.0,0.1335,57.0,0.13351,717.0
1753547097197,16:24:57.197,AERGO/USDT:USDT,0.13349,1181.0,0.13348,176.0,0.1335,57.0,0.13351,717.0
1753547097297,16:24:57.297,AERGO/USDT:USDT,0.13349,1395.0,0.13348,176.0,0.1335,57.0,0.13351,598.0
1753547098397,16:24:58.397,AERGO/USDT:USDT,0.13349,1395.0,0.13348,176.0,0.1335,57.0,0.13351,598.0
1753547098597,16:24:58.597,AERGO/USDT:USDT,0.13349,1395.0,0.13348,176.0,0.1335,57.0,0.13351,598.0
1753547098697,16:24:58.697,AERGO/USDT:USDT,0.13349,1395.0,0.13348,176.0,0.1335,57.0,0.13351,598.0
1753547098797,16:24:58.797,AERGO/USDT:USDT,0.13349,1395.0,0.13348,176.0,0.1335,57.0,0.13351,598.0
1753547098997,16:24:58.997,AERGO/USDT:USDT,0.13349,1395.0,0.13348,176.0,0.1335,57.0,0.13351,598.0
1753547099296,16:24:59.296,AERGO/USDT:USDT,0.13349,1395.0,0.13348,176.0,0.1335,57.0,0.13351,598.0
1753547099397,16:24:59.397,AERGO/USDT:USDT,0.13349,1395.0,0.13348,176.0,0.1335,57.0,0.13351,598.0
1753547099497,16:24:59.497,AERGO/USDT:USDT,0.13349,1395.0,0.13348,176.0,0.1335,57.0,0.13351,598.0
1753547099598,16:24:59.598,AERGO/USDT:USDT,0.13349,1395.0,0.13348,176.0,0.1335,57.0,0.13351,598.0
1753547100097,16:25:00.097,AERGO/USDT:USDT,0.13349,1395.0,0.13348,57.0,0.1335,57.0,0.13351,598.0
1753547100197,16:25:00.197,AERGO/USDT:USDT,0.13349,1396.0,0.13348,57.0,0.1335,57.0,0.13351,717.0
1753547100698,16:25:00.698,AERGO/USDT:USDT,0.13349,1396.0,0.13348,57.0,0.1335,57.0,0.13351,598.0
1753547100997,16:25:00.997,AERGO/USDT:USDT,0.13349,1396.0,0.13348,57.0,0.1335,57.0,0.13351,598.0
1753547101097,16:25:01.097,AERGO/USDT:USDT,0.13349,1396.0,0.13348,169.0,0.1335,57.0,0.13351,598.0
1753547101397,16:25:01.397,AERGO/USDT:USDT,0.13349,1396.0,0.13348,169.0,0.1335,57.0,0.13351,598.0
1753547101497,16:25:01.497,AERGO/USDT:USDT,0.13349,1396.0,0.13348,169.0,0.1335,57.0,0.13351,598.0
1753547101997,16:25:01.997,AERGO/USDT:USDT,0.13349,1396.0,0.13348,169.0,0.1335,57.0,0.13351,598.0
1753547102101,16:25:02.101,AERGO/USDT:USDT,0.13349,1396.0,0.13348,57.0,0.1335,57.0,0.13351,822.0
1753547102196,16:25:02.196,AERGO/USDT:USDT,0.13349,1396.0,0.13348,57.0,0.1335,57.0,0.13351,822.0
1753547102397,16:25:02.397,AERGO/USDT:USDT,0.13349,1396.0,0.13348,57.0,0.1335,57.0,0.13351,822.0
1753547102497,16:25:02.497,AERGO/USDT:USDT,0.13349,1396.0,0.13348,57.0,0.1335,57.0,0.13351,822.0
1753547102997,16:25:02.997,AERGO/USDT:USDT,0.13349,1396.0,0.13348,169.0,0.1335,57.0,0.13351,822.0
1753547103097,16:25:03.097,AERGO/USDT:USDT,0.13349,1396.0,0.13348,169.0,0.1335,57.0,0.13351,710.0
1753547103496,16:25:03.496,AERGO/USDT:USDT,0.13349,1508.0,0.13348,169.0,0.1335,57.0,0.13351,598.0
1753547103797,16:25:03.797,AERGO/USDT:USDT,0.13349,1396.0,0.13348,169.0,0.1335,57.0,0.13351,598.0
1753547103997,16:25:03.997,AERGO/USDT:USDT,0.13349,1508.0,0.13348,169.0,0.1335,57.0,0.13351,598.0
1753547104097,16:25:04.097,AERGO/USDT:USDT,0.13349,1396.0,0.13348,169.0,0.1335,57.0,0.13351,598.0
1753547104297,16:25:04.297,AERGO/USDT:USDT,0.13349,1396.0,0.13348,57.0,0.1335,57.0,0.13351,598.0
1753547104401,16:25:04.401,AERGO/USDT:USDT,0.13349,1396.0,0.13348,57.0,0.1335,57.0,0.13351,710.0
1753547106197,16:25:06.197,AERGO/USDT:USDT,0.13349,1396.0,0.13348,57.0,0.1335,57.0,0.13351,710.0
1753547106296,16:25:06.296,AERGO/USDT:USDT,0.13349,1396.0,0.13348,57.0,0.1335,169.0,0.13351,822.0
1753547106397,16:25:06.397,AERGO/USDT:USDT,0.13349,1396.0,0.13347,5213.0,0.1335,961.0,0.13351,822.0
1753547106597,16:25:06.597,AERGO/USDT:USDT,0.13349,1396.0,0.13347,5213.0,0.1335,961.0,0.13351,822.0
1753547107097,16:25:07.097,AERGO/USDT:USDT,0.13349,1396.0,0.13347,5251.0,0.1335,1031.0,0.13351,822.0
1753547108099,16:25:08.099,AERGO/USDT:USDT,0.13349,1396.0,0.13347,5251.0,0.1335,961.0,0.13351,822.0
1753547108297,16:25:08.297,AERGO/USDT:USDT,0.13349,1396.0,0.13347,5251.0,0.1335,961.0,0.13351,822.0
1753547108497,16:25:08.497,AERGO/USDT:USDT,0.13349,18406.0,0.13347,140.0,0.1335,961.0,0.13351,822.0
1753547108597,16:25:08.597,AERGO/USDT:USDT,0.13349,18406.0,0.13347,140.0,0.1335,737.0,0.13351,710.0
1753547108897,16:25:08.897,AERGO/USDT:USDT,0.13349,18406.0,0.13347,140.0,0.1335,737.0,0.13351,710.0
1753547109097,16:25:09.097,AERGO/USDT:USDT,0.13349,18406.0,0.13347,140.0,0.1335,807.0,0.13351,822.0
1753547109597,16:25:09.597,AERGO/USDT:USDT,0.13349,18406.0,0.13347,140.0,0.1335,807.0,0.13351,822.0
1753547110297,16:25:10.297,AERGO/USDT:USDT,0.13349,18406.0,0.13347,83.0,0.1335,1069.0,0.13351,822.0
1753547110397,16:25:10.397,AERGO/USDT:USDT,0.13349,18406.0,0.13347,83.0,0.1335,807.0,0.13351,822.0
1753547110797,16:25:10.797,AERGO/USDT:USDT,0.13349,18396.0,0.13347,83.0,0.1335,807.0,0.13351,822.0
1753547111097,16:25:11.097,AERGO/USDT:USDT,0.13349,18396.0,0.13347,83.0,0.1335,737.0,0.13351,822.0
1753547111297,16:25:11.297,AERGO/USDT:USDT,0.13349,18396.0,0.13347,83.0,0.1335,737.0,0.13351,822.0
1753547111497,16:25:11.497,AERGO/USDT:USDT,0.13349,18396.0,0.13347,83.0,0.1335,737.0,0.13351,822.0
1753547111898,16:25:11.898,AERGO/USDT:USDT,0.13349,18396.0,0.13347,83.0,0.1335,737.0,0.13351,822.0
1753547112097,16:25:12.097,AERGO/USDT:USDT,0.13349,18396.0,0.13347,83.0,0.1335,919.0,0.13351,822.0
1753547113097,16:25:13.097,AERGO/USDT:USDT,0.13349,18396.0,0.13347,83.0,0.1335,849.0,0.13351,822.0
1753547114100,16:25:14.100,AERGO/USDT:USDT,0.13349,18396.0,0.13347,83.0,0.1335,1031.0,0.13351,822.0
1753547114196,16:25:14.196,AERGO/USDT:USDT,0.13349,18396.0,0.13347,83.0,0.1335,1031.0,0.13351,822.0
1753547115696,16:25:15.696,AERGO/USDT:USDT,0.13349,18396.0,0.13347,83.0,0.1335,1031.0,0.13351,822.0
1753547115797,16:25:15.797,AERGO/USDT:USDT,0.13349,18396.0,0.13347,83.0,0.1335,1031.0,0.13351,822.0
1753547116296,16:25:16.296,AERGO/USDT:USDT,0.13349,18377.0,0.13347,83.0,0.1335,1031.0,0.13351,822.0
1753547116397,16:25:16.397,AERGO/USDT:USDT,0.13349,18395.0,0.13347,83.0,0.1335,1031.0,0.13351,822.0
1753547116497,16:25:16.497,AERGO/USDT:USDT,0.13349,18395.0,0.13347,83.0,0.1335,1031.0,0.13351,822.0
1753547117197,16:25:17.197,AERGO/USDT:USDT,0.13349,18407.0,0.13347,38.0,0.1335,919.0,0.13351,822.0
1753547117297,16:25:17.297,AERGO/USDT:USDT,0.13349,18407.0,0.13347,38.0,0.1335,1031.0,0.13351,822.0
1753547117697,16:25:17.697,AERGO/USDT:USDT,0.13349,18407.0,0.13347,38.0,0.1335,919.0,0.13351,822.0
1753547118098,16:25:18.098,AERGO/USDT:USDT,0.13349,18407.0,0.13347,38.0,0.1335,849.0,0.13351,822.0
1753547118696,16:25:18.696,AERGO/USDT:USDT,0.13349,18405.0,0.13347,38.0,0.1335,849.0,0.13351,822.0
1753547119097,16:25:19.097,AERGO/USDT:USDT,0.13349,18405.0,0.13347,150.0,0.1335,807.0,0.13351,710.0
1753547119197,16:25:19.197,AERGO/USDT:USDT,0.13349,18405.0,0.13347,150.0,0.1335,807.0,0.13351,710.0
1753547119897,16:25:19.897,AERGO/USDT:USDT,0.13349,18405.0,0.13347,38.0,0.1335,319.0,0.13351,822.0
1753547120099,16:25:20.099,AERGO/USDT:USDT,0.13349,18405.0,0.13347,38.0,0.1335,249.0,0.13351,822.0
1753547121097,16:25:21.097,AERGO/USDT:USDT,0.13349,18405.0,0.13347,150.0,0.1335,319.0,0.13351,822.0
1753547122097,16:25:22.097,AERGO/USDT:USDT,0.13349,18405.0,0.13347,38.0,0.1335,137.0,0.13351,822.0
1753547122197,16:25:22.197,AERGO/USDT:USDT,0.13349,18405.0,0.13347,38.0,0.1335,249.0,0.13351,822.0
1753547123297,16:25:23.297,AERGO/USDT:USDT,0.13342,57.0,0.13341,1625.0,0.13344,583.0,0.13345,583.0
1753547123397,16:25:23.397,AERGO/USDT:USDT,0.1334,703.0,0.13339,404.0,0.13342,1445.0,0.13343,112.0
1753547123497,16:25:23.497,AERGO/USDT:USDT,0.13341,447.0,0.1334,760.0,0.13342,434.0,0.13343,112.0
1753547123596,16:25:23.596,AERGO/USDT:USDT,0.13341,447.0,0.1334,760.0,0.13342,434.0,0.13343,112.0
1753547123697,16:25:23.697,AERGO/USDT:USDT,0.13341,447.0,0.1334,760.0,0.13342,434.0,0.13343,112.0
1753547124099,16:25:24.099,AERGO/USDT:USDT,0.13341,447.0,0.1334,760.0,0.13342,434.0,0.13343,112.0
1753547124297,16:25:24.297,AERGO/USDT:USDT,0.13341,447.0,0.1334,760.0,0.13342,434.0,0.13343,112.0
1753547124397,16:25:24.397,AERGO/USDT:USDT,0.13341,447.0,0.1334,760.0,0.13342,434.0,0.13343,112.0
1753547124496,16:25:24.496,AERGO/USDT:USDT,0.13341,447.0,0.1334,760.0,0.13342,434.0,0.13344,57.0
1753547124797,16:25:24.797,AERGO/USDT:USDT,0.13341,447.0,0.1334,872.0,0.13342,434.0,0.13344,57.0
1753547124897,16:25:24.897,AERGO/USDT:USDT,0.13341,447.0,0.1334,872.0,0.13342,434.0,0.13344,57.0
1753547125198,16:25:25.198,AERGO/USDT:USDT,0.13341,447.0,0.1334,872.0,0.13342,434.0,0.13344,57.0
1753547125306,16:25:25.306,AERGO/USDT:USDT,0.13341,447.0,0.1334,760.0,0.13342,434.0,0.13344,57.0
1753547125397,16:25:25.397,AERGO/USDT:USDT,0.13341,447.0,0.1334,872.0,0.13342,434.0,0.13344,57.0
1753547126008,16:25:26.008,AERGO/USDT:USDT,0.13341,447.0,0.1334,872.0,0.13342,434.0,0.13344,57.0
1753547126097,16:25:26.097,AERGO/USDT:USDT,0.13341,447.0,0.1334,872.0,0.13342,434.0,0.13344,57.0
1753547127397,16:25:27.397,AERGO/USDT:USDT,0.13341,447.0,0.1334,872.0,0.13342,434.0,0.13344,57.0
1753547127497,16:25:27.497,AERGO/USDT:USDT,0.13341,447.0,0.1334,928.0,0.13342,434.0,0.13343,57.0
1753547127597,16:25:27.597,AERGO/USDT:USDT,0.13341,447.0,0.1334,928.0,0.13342,434.0,0.13343,57.0
1753547128097,16:25:28.097,AERGO/USDT:USDT,0.13341,671.0,0.1334,1040.0,0.13346,56.0,0.13347,2604.0
1753547128197,16:25:28.197,AERGO/USDT:USDT,0.13345,419.0,0.13344,57.0,0.13346,56.0,0.13347,2604.0
1753547128296,16:25:28.296,AERGO/USDT:USDT,0.13345,419.0,0.13343,57.0,0.13346,56.0,0.13347,2661.0
1753547128398,16:25:28.398,AERGO/USDT:USDT,0.13341,57.0,0.1334,1422.0,0.13346,280.0,0.13347,2885.0
1753547128497,16:25:28.497,AERGO/USDT:USDT,0.1334,759.0,0.13339,1045.0,0.13346,880.0,0.13347,2885.0
1753547128597,16:25:28.597,AERGO/USDT:USDT,0.1334,871.0,0.13339,225.0,0.13343,10.0,0.13346,880.0
1753547128696,16:25:28.696,AERGO/USDT:USDT,0.13341,450.0,0.1334,928.0,0.13343,122.0,0.13344,169.0
1753547128797,16:25:28.797,AERGO/USDT:USDT,0.13341,510.0,0.1334,928.0,0.13343,10.0,0.13344,169.0
1753547129098,16:25:29.098,AERGO/USDT:USDT,0.13341,510.0,0.1334,928.0,0.13343,10.0,0.13344,169.0
1753547129197,16:25:29.197,AERGO/USDT:USDT,0.13341,510.0,0.1334,928.0,0.13343,10.0,0.13344,169.0
1753547129297,16:25:29.297,AERGO/USDT:USDT,0.13341,510.0,0.1334,928.0,0.13343,10.0,0.13344,169.0
1753547129396,16:25:29.396,AERGO/USDT:USDT,0.13341,510.0,0.1334,928.0,0.13343,10.0,0.13344,169.0
1753547129497,16:25:29.497,AERGO/USDT:USDT,0.13341,510.0,0.1334,816.0,0.13343,10.0,0.13344,169.0
1753547129597,16:25:29.597,AERGO/USDT:USDT,0.13341,510.0,0.1334,816.0,0.13343,10.0,0.13344,57.0
1753547129696,16:25:29.696,AERGO/USDT:USDT,0.13341,510.0,0.1334,816.0,0.13343,10.0,0.13344,57.0
1753547129797,16:25:29.797,AERGO/USDT:USDT,0.13341,450.0,0.1334,816.0,0.13343,234.0,0.13344,281.0
1753547129898,16:25:29.898,AERGO/USDT:USDT,0.13341,450.0,0.1334,816.0,0.13343,122.0,0.13344,281.0
1753547130197,16:25:30.197,AERGO/USDT:USDT,0.13341,450.0,0.1334,216.0,0.13343,122.0,0.13344,281.0
1753547130297,16:25:30.297,AERGO/USDT:USDT,0.13341,450.0,0.1334,216.0,0.13343,234.0,0.13344,281.0
1753547130397,16:25:30.397,AERGO/USDT:USDT,0.13341,450.0,0.1334,216.0,0.13343,122.0,0.13344,281.0
1753547130497,16:25:30.497,AERGO/USDT:USDT,0.13341,450.0,0.1334,216.0,0.13343,122.0,0.13344,281.0
1753547132297,16:25:32.297,AERGO/USDT:USDT,0.13341,450.0,0.1334,216.0,0.13343,122.0,0.13344,281.0
1753547132497,16:25:32.497,AERGO/USDT:USDT,0.13341,450.0,0.1334,216.0,0.13343,122.0,0.13344,281.0
1753547132897,16:25:32.897,AERGO/USDT:USDT,0.13341,450.0,0.1334,216.0,0.13343,122.0,0.13344,281.0
1753547133097,16:25:33.097,AERGO/USDT:USDT,0.13341,450.0,0.1334,216.0,0.13343,122.0,0.13344,281.0
1753547133397,16:25:33.397,AERGO/USDT:USDT,0.13341,506.0,0.1334,216.0,0.13343,122.0,0.13344,281.0
1753547133697,16:25:33.697,AERGO/USDT:USDT,0.13341,506.0,0.1334,216.0,0.13343,122.0,0.13344,281.0
1753547135097,16:25:35.097,AERGO/USDT:USDT,0.13341,506.0,0.1334,216.0,0.13343,122.0,0.13344,281.0
1753547135197,16:25:35.197,AERGO/USDT:USDT,0.13341,506.0,0.1334,216.0,0.13343,122.0,0.13344,281.0
1753547135297,16:25:35.297,AERGO/USDT:USDT,0.13341,506.0,0.1334,216.0,0.13343,122.0,0.13344,281.0
1753547135396,16:25:35.396,AERGO/USDT:USDT,0.13341,506.0,0.1334,216.0,0.13343,122.0,0.13344,281.0
1753547135897,16:25:35.897,AERGO/USDT:USDT,0.13341,506.0,0.1334,216.0,0.13343,834.0,0.13344,281.0
1753547135997,16:25:35.997,AERGO/USDT:USDT,0.13341,506.0,0.1334,216.0,0.13343,834.0,0.13344,281.0
1753547136100,16:25:36.100,AERGO/USDT:USDT,0.13341,506.0,0.1334,160.0,0.13343,834.0,0.13344,281.0
1753547136397,16:25:36.397,AERGO/USDT:USDT,0.13341,698.0,0.1334,160.0,0.13343,834.0,0.13344,281.0
1753547136497,16:25:36.497,AERGO/USDT:USDT,0.13341,698.0,0.1334,160.0,0.13343,834.0,0.13344,281.0
1753547136597,16:25:36.597,AERGO/USDT:USDT,0.13341,698.0,0.1334,160.0,0.13343,834.0,0.13344,281.0
1753547136797,16:25:36.797,AERGO/USDT:USDT,0.13341,698.0,0.1334,160.0,0.13343,834.0,0.13344,281.0
1753547137397,16:25:37.397,AERGO/USDT:USDT,0.13341,700.0,0.1334,160.0,0.13343,834.0,0.13344,281.0
1753547138297,16:25:38.297,AERGO/USDT:USDT,0.13341,700.0,0.1334,160.0,0.13343,834.0,0.13344,281.0
1753547138397,16:25:38.397,AERGO/USDT:USDT,0.13341,700.0,0.1334,160.0,0.13343,834.0,0.13344,281.0
1753547138497,16:25:38.497,AERGO/USDT:USDT,0.13341,700.0,0.1334,160.0,0.13343,834.0,0.13344,281.0
1753547138697,16:25:38.697,AERGO/USDT:USDT,0.13341,700.0,0.1334,160.0,0.13343,834.0,0.13344,281.0
1753547140099,16:25:40.099,AERGO/USDT:USDT,0.13341,700.0,0.1334,160.0,0.13343,834.0,0.13344,281.0
1753547140597,16:25:40.597,AERGO/USDT:USDT,0.13341,700.0,0.1334,160.0,0.13343,834.0,0.13344,281.0
1753547140697,16:25:40.697,AERGO/USDT:USDT,0.13341,700.0,0.1334,160.0,0.13343,834.0,0.13344,281.0
1753547140798,16:25:40.798,AERGO/USDT:USDT,0.13341,700.0,0.1334,160.0,0.13343,834.0,0.13344,281.0
1753547140997,16:25:40.997,AERGO/USDT:USDT,0.13341,700.0,0.1334,160.0,0.13343,834.0,0.13344,281.0
1753547143197,16:25:43.197,AERGO/USDT:USDT,0.13341,700.0,0.1334,160.0,0.13343,834.0,0.13344,281.0
1753547143598,16:25:43.598,AERGO/USDT:USDT,0.13341,700.0,0.1334,160.0,0.13343,834.0,0.13344,281.0
1753547144197,16:25:44.197,AERGO/USDT:USDT,0.13341,700.0,0.1334,160.0,0.13343,834.0,0.13344,281.0
1753547144297,16:25:44.297,AERGO/USDT:USDT,0.13341,700.0,0.1334,160.0,0.13343,834.0,0.13344,281.0
1753547144497,16:25:44.497,AERGO/USDT:USDT,0.13341,700.0,0.1334,160.0,0.13343,834.0,0.13344,281.0
1753547145397,16:25:45.397,AERGO/USDT:USDT,0.13341,700.0,0.1334,160.0,0.13343,834.0,0.13344,281.0
1753547146297,16:25:46.297,AERGO/USDT:USDT,0.13341,687.0,0.1334,160.0,0.13343,834.0,0.13344,281.0
1753547146897,16:25:46.897,AERGO/USDT:USDT,0.13341,687.0,0.1334,160.0,0.13343,834.0,0.13344,281.0
1753547147196,16:25:47.196,AERGO/USDT:USDT,0.13341,687.0,0.1334,160.0,0.13343,834.0,0.13344,281.0
1753547147397,16:25:47.397,AERGO/USDT:USDT,0.13341,687.0,0.1334,103.0,0.13343,834.0,0.13344,281.0
1753547147497,16:25:47.497,AERGO/USDT:USDT,0.13341,687.0,0.1334,103.0,0.13343,834.0,0.13344,281.0
1753547147997,16:25:47.997,AERGO/USDT:USDT,0.13341,799.0,0.1334,328.0,0.13343,10.0,0.13344,169.0
1753547148101,16:25:48.101,AERGO/USDT:USDT,0.13341,799.0,0.1334,328.0,0.13343,10.0,0.13344,169.0
1753547150297,16:25:50.297,AERGO/USDT:USDT,0.13341,799.0,0.1334,328.0,0.13343,10.0,0.13344,57.0
1753547150396,16:25:50.396,AERGO/USDT:USDT,0.13341,799.0,0.1334,328.0,0.13343,10.0,0.13344,57.0
1753547150897,16:25:50.897,AERGO/USDT:USDT,0.13341,799.0,0.1334,328.0,0.13343,10.0,0.13344,57.0
1753547151797,16:25:51.797,AERGO/USDT:USDT,0.13341,687.0,0.1334,328.0,0.13343,10.0,0.13344,169.0
1753547151896,16:25:51.896,AERGO/USDT:USDT,0.13341,687.0,0.1334,328.0,0.13343,10.0,0.13344,169.0
1753547151997,16:25:51.997,AERGO/USDT:USDT,0.13341,687.0,0.1334,328.0,0.13343,10.0,0.13344,57.0
1753547152397,16:25:52.397,AERGO/USDT:USDT,0.13341,687.0,0.1334,328.0,0.13343,10.0,0.13344,57.0
1753547152497,16:25:52.497,AERGO/USDT:USDT,0.13341,799.0,0.1334,328.0,0.13343,10.0,0.13344,57.0
1753547152596,16:25:52.596,AERGO/USDT:USDT,0.13341,799.0,0.1334,328.0,0.13343,10.0,0.13344,57.0
1753547152697,16:25:52.697,AERGO/USDT:USDT,0.13341,799.0,0.1334,328.0,0.13343,10.0,0.13344,57.0
1753547152797,16:25:52.797,AERGO/USDT:USDT,0.13341,799.0,0.1334,328.0,0.13343,10.0,0.13344,57.0
1753547153197,16:25:53.197,AERGO/USDT:USDT,0.13341,799.0,0.1334,328.0,0.13343,10.0,0.13344,57.0
1753547153296,16:25:53.296,AERGO/USDT:USDT,0.13341,799.0,0.1334,328.0,0.13343,10.0,0.13344,57.0
1753547153497,16:25:53.497,AERGO/USDT:USDT,0.13341,799.0,0.1334,328.0,0.13343,10.0,0.13344,57.0
1753547153697,16:25:53.697,AERGO/USDT:USDT,0.13341,799.0,0.1334,328.0,0.13343,10.0,0.13344,57.0
1753547153797,16:25:53.797,AERGO/USDT:USDT,0.13341,687.0,0.1334,216.0,0.13343,10.0,0.13344,169.0
1753547153897,16:25:53.897,AERGO/USDT:USDT,0.13341,687.0,0.1334,216.0,0.13343,122.0,0.13344,281.0
1753547153997,16:25:53.997,AERGO/USDT:USDT,0.13341,687.0,0.1334,216.0,0.13343,10.0,0.13344,281.0
1753547154097,16:25:54.097,AERGO/USDT:USDT,0.13341,687.0,0.1334,216.0,0.13343,10.0,0.13344,169.0
1753547155297,16:25:55.297,AERGO/USDT:USDT,0.13341,687.0,0.1334,216.0,0.13343,10.0,0.13344,169.0
1753547155496,16:25:55.496,AERGO/USDT:USDT,0.13341,687.0,0.1334,216.0,0.13343,10.0,0.13344,169.0
1753547155797,16:25:55.797,AERGO/USDT:USDT,0.13341,687.0,0.1334,216.0,0.13343,10.0,0.13344,169.0
1753547155898,16:25:55.898,AERGO/USDT:USDT,0.13341,687.0,0.1334,216.0,0.13343,10.0,0.13344,281.0
1753547155996,16:25:55.996,AERGO/USDT:USDT,0.13341,687.0,0.1334,216.0,0.13343,10.0,0.13344,281.0
1753547156097,16:25:56.097,AERGO/USDT:USDT,0.13341,687.0,0.1334,216.0,0.13343,10.0,0.13344,169.0
1753547156197,16:25:56.197,AERGO/USDT:USDT,0.13341,687.0,0.1334,216.0,0.13343,10.0,0.13344,57.0
1753547156497,16:25:56.497,AERGO/USDT:USDT,0.13341,687.0,0.1334,216.0,0.13343,10.0,0.13344,169.0
1753547156697,16:25:56.697,AERGO/USDT:USDT,0.13341,687.0,0.1334,216.0,0.13343,10.0,0.13344,281.0
1753547156897,16:25:56.897,AERGO/USDT:USDT,0.13341,687.0,0.1334,216.0,0.13343,10.0,0.13344,281.0
1753547158097,16:25:58.097,AERGO/USDT:USDT,0.13342,1199.0,0.13341,968.0,0.13343,10.0,0.13347,56.0
1753547158196,16:25:58.196,AERGO/USDT:USDT,0.13342,1199.0,0.13341,968.0,0.13343,10.0,0.13347,113.0
1753547158297,16:25:58.297,AERGO/USDT:USDT,0.13342,600.0,0.13341,744.0,0.13343,10.0,0.13346,168.0
1753547158397,16:25:58.397,AERGO/USDT:USDT,0.13342,600.0,0.13341,744.0,0.13343,10.0,0.13346,168.0
1753547158497,16:25:58.497,AERGO/USDT:USDT,0.13342,600.0,0.13341,744.0,0.13343,10.0,0.13345,57.0
1753547158597,16:25:58.597,AERGO/USDT:USDT,0.13342,600.0,0.13341,744.0,0.13343,10.0,0.13345,57.0
1753547158697,16:25:58.697,AERGO/USDT:USDT,0.13342,600.0,0.13341,744.0,0.13343,10.0,0.13345,57.0
1753547158997,16:25:58.997,AERGO/USDT:USDT,0.13342,600.0,0.13341,744.0,0.13343,10.0,0.13345,57.0
1753547159097,16:25:59.097,AERGO/USDT:USDT,0.13342,600.0,0.13341,744.0,0.13343,10.0,0.13345,169.0
1753547159197,16:25:59.197,AERGO/USDT:USDT,0.13342,600.0,0.13341,744.0,0.13343,10.0,0.13345,169.0
1753547160797,16:26:00.797,AERGO/USDT:USDT,0.13342,600.0,0.13341,744.0,0.13343,10.0,0.13345,169.0
1753547160997,16:26:00.997,AERGO/USDT:USDT,0.13342,600.0,0.13341,744.0,0.13343,10.0,0.13345,169.0
1753547161097,16:26:01.097,AERGO/USDT:USDT,0.13342,600.0,0.13341,744.0,0.13343,10.0,0.13345,169.0
1753547161197,16:26:01.197,AERGO/USDT:USDT,0.13342,600.0,0.13341,744.0,0.13343,10.0,0.13345,169.0
1753547161697,16:26:01.697,AERGO/USDT:USDT,0.13342,600.0,0.13341,744.0,0.13343,10.0,0.13345,169.0
1753547162099,16:26:02.099,AERGO/USDT:USDT,0.13342,600.0,0.13341,744.0,0.13343,10.0,0.13345,169.0
1753547162197,16:26:02.197,AERGO/USDT:USDT,0.13342,712.0,0.13341,1048.0,0.13343,10.0,0.13345,57.0
1753547162496,16:26:02.496,AERGO/USDT:USDT,0.13342,1199.0,0.13341,1048.0,0.13343,10.0,0.13345,57.0
1753547162797,16:26:02.797,AERGO/USDT:USDT,0.13342,991.0,0.13341,1048.0,0.13343,10.0,0.13345,57.0
1753547162897,16:26:02.897,AERGO/USDT:USDT,0.13342,712.0,0.13341,1048.0,0.13343,10.0,0.13345,57.0
1753547162996,16:26:02.996,AERGO/USDT:USDT,0.13342,712.0,0.13341,1048.0,0.13343,10.0,0.13345,57.0
1753547163097,16:26:03.097,AERGO/USDT:USDT,0.13342,712.0,0.13341,1048.0,0.13343,10.0,0.13345,57.0
1753547163797,16:26:03.797,AERGO/USDT:USDT,0.13341,991.0,0.1334,440.0,0.13343,10.0,0.13345,57.0
1753547164197,16:26:04.197,AERGO/USDT:USDT,0.13341,767.0,0.1334,440.0,0.13343,10.0,0.13345,57.0
1753547164297,16:26:04.297,AERGO/USDT:USDT,0.13341,767.0,0.1334,216.0,0.13343,10.0,0.13345,57.0
1753547164496,16:26:04.496,AERGO/USDT:USDT,0.13341,767.0,0.1334,216.0,0.13343,10.0,0.13345,57.0
1753547164598,16:26:04.598,AERGO/USDT:USDT,0.13341,767.0,0.1334,216.0,0.13343,10.0,0.13345,57.0
1753547164696,16:26:04.696,AERGO/USDT:USDT,0.13341,767.0,0.1334,216.0,0.13343,10.0,0.13345,57.0
1753547164798,16:26:04.798,AERGO/USDT:USDT,0.13341,767.0,0.1334,216.0,0.13343,610.0,0.13345,169.0
1753547165197,16:26:05.197,AERGO/USDT:USDT,0.13341,767.0,0.1334,216.0,0.13343,610.0,0.13344,112.0
1753547165297,16:26:05.297,AERGO/USDT:USDT,0.13341,767.0,0.1334,216.0,0.13343,610.0,0.13345,57.0
1753547165497,16:26:05.497,AERGO/USDT:USDT,0.13341,767.0,0.1334,216.0,0.13343,610.0,0.13345,57.0
1753547166099,16:26:06.099,AERGO/USDT:USDT,0.13341,767.0,0.1334,216.0,0.13343,610.0,0.13344,38.0
1753547166197,16:26:06.197,AERGO/USDT:USDT,0.13341,767.0,0.1334,216.0,0.13343,610.0,0.13344,38.0
1753547166297,16:26:06.297,AERGO/USDT:USDT,0.13341,1282.0,0.1334,216.0,0.13343,610.0,0.13344,38.0
1753547166397,16:26:06.397,AERGO/USDT:USDT,0.13341,1282.0,0.1334,216.0,0.13343,610.0,0.13344,38.0
1753547166497,16:26:06.497,AERGO/USDT:USDT,0.13341,1282.0,0.1334,216.0,0.13343,610.0,0.13344,38.0
1753547166598,16:26:06.598,AERGO/USDT:USDT,0.13341,1282.0,0.1334,216.0,0.13343,610.0,0.13344,38.0
1753547167397,16:26:07.397,AERGO/USDT:USDT,0.13341,1282.0,0.1334,216.0,0.13343,610.0,0.13344,38.0
1753547167597,16:26:07.597,AERGO/USDT:USDT,0.13341,1394.0,0.1334,440.0,0.13343,10.0,0.13344,38.0
1753547167696,16:26:07.696,AERGO/USDT:USDT,0.13341,1394.0,0.1334,440.0,0.13343,10.0,0.13344,38.0
1753547167797,16:26:07.797,AERGO/USDT:USDT,0.13341,1394.0,0.1334,440.0,0.13343,10.0,0.13344,38.0
1753547167897,16:26:07.897,AERGO/USDT:USDT,0.13341,1394.0,0.1334,440.0,0.13343,10.0,0.13344,38.0
1753547168100,16:26:08.100,AERGO/USDT:USDT,0.13342,599.0,0.13341,1563.0,0.13343,10.0,0.13344,38.0
1753547168197,16:26:08.197,AERGO/USDT:USDT,0.13342,112.0,0.13341,1563.0,0.13343,10.0,0.13344,38.0
1753547168297,16:26:08.297,AERGO/USDT:USDT,0.13341,1394.0,0.1334,440.0,0.13343,10.0,0.13344,38.0
1753547168397,16:26:08.397,AERGO/USDT:USDT,0.13341,1394.0,0.1334,440.0,0.13343,10.0,0.13344,38.0
1753547168897,16:26:08.897,AERGO/USDT:USDT,0.13341,1394.0,0.1334,440.0,0.13343,10.0,0.13344,38.0
1753547169598,16:26:09.598,AERGO/USDT:USDT,0.13341,1421.0,0.1334,440.0,0.13343,10.0,0.13344,38.0
1753547169997,16:26:09.997,AERGO/USDT:USDT,0.13341,1421.0,0.1334,440.0,0.13343,10.0,0.13344,38.0
1753547170796,16:26:10.796,AERGO/USDT:USDT,0.13341,1421.0,0.1334,328.0,0.13343,10.0,0.13344,38.0
1753547171196,16:26:11.196,AERGO/USDT:USDT,0.13341,1309.0,0.1334,328.0,0.13343,10.0,0.13344,38.0
1753547171497,16:26:11.497,AERGO/USDT:USDT,0.13341,1421.0,0.1334,328.0,0.13343,10.0,0.13344,38.0
1753547172597,16:26:12.597,AERGO/USDT:USDT,0.13341,1421.0,0.1334,328.0,0.13343,10.0,0.13344,38.0
1753547173196,16:26:13.196,AERGO/USDT:USDT,0.13341,1421.0,0.1334,440.0,0.13343,10.0,0.13344,38.0
1753547173297,16:26:13.297,AERGO/USDT:USDT,0.13341,1421.0,0.1334,440.0,0.13343,10.0,0.13344,38.0
1753547174397,16:26:14.397,AERGO/USDT:USDT,0.13342,600.0,0.13341,1366.0,0.13343,10.0,0.13344,38.0
1753547174497,16:26:14.497,AERGO/USDT:USDT,0.13342,600.0,0.13341,1478.0,0.13343,10.0,0.13344,38.0
1753547174597,16:26:14.597,AERGO/USDT:USDT,0.13342,600.0,0.13341,1478.0,0.13343,10.0,0.13344,38.0
1753547176197,16:26:16.197,AERGO/USDT:USDT,0.13342,600.0,0.13341,1478.0,0.13343,10.0,0.13344,38.0
1753547176598,16:26:16.598,AERGO/USDT:USDT,0.13342,600.0,0.13341,1478.0,0.13343,10.0,0.13344,38.0
1753547177097,16:26:17.097,AERGO/USDT:USDT,0.13342,600.0,0.13341,1590.0,0.13343,10.0,0.13344,38.0
1753547177297,16:26:17.297,AERGO/USDT:USDT,0.13342,600.0,0.13341,1590.0,0.13343,10.0,0.13344,38.0
1753547177697,16:26:17.697,AERGO/USDT:USDT,0.13342,600.0,0.13341,1590.0,0.13343,10.0,0.13344,38.0
1753547177897,16:26:17.897,AERGO/USDT:USDT,0.13342,1199.0,0.13341,1590.0,0.13343,10.0,0.13344,38.0
1753547177997,16:26:17.997,AERGO/USDT:USDT,0.13342,1199.0,0.13341,1590.0,0.13343,10.0,0.13344,38.0
1753547178196,16:26:18.196,AERGO/USDT:USDT,0.13342,600.0,0.13341,1590.0,0.13343,10.0,0.13344,38.0
1753547178497,16:26:18.497,AERGO/USDT:USDT,0.13342,600.0,0.13341,1590.0,0.13343,10.0,0.13344,38.0
1753547179197,16:26:19.197,AERGO/USDT:USDT,0.13342,600.0,0.13341,1590.0,0.13343,10.0,0.13344,38.0
1753547179597,16:26:19.597,AERGO/USDT:USDT,0.13342,600.0,0.13341,1590.0,0.13343,10.0,0.13344,38.0
1753547179697,16:26:19.697,AERGO/USDT:USDT,0.13342,600.0,0.13341,1590.0,0.13343,10.0,0.13344,38.0
1753547180196,16:26:20.196,AERGO/USDT:USDT,0.13342,600.0,0.13341,1590.0,0.13343,10.0,0.13344,38.0
1753547180297,16:26:20.297,AERGO/USDT:USDT,0.13342,1087.0,0.13341,1590.0,0.13343,10.0,0.13344,38.0
1753547180997,16:26:20.997,AERGO/USDT:USDT,0.13342,600.0,0.13341,1366.0,0.13343,10.0,0.13344,38.0
1753547181997,16:26:21.997,AERGO/USDT:USDT,0.13342,600.0,0.13341,1590.0,0.13343,10.0,0.13344,38.0
