timestamp,time,symbol,bid1_price,bid1_volume,bid2_price,bid2_volume,ask1_price,ask1_volume,ask2_price,ask2_volume
1753546948331,16:22:28.331,AERGO/USDT:USDT,0.13344,2852.0,0.13343,4.0,0.13346,2.0,0.13347,77.0
1753546948415,16:22:28.415,AERGO/USDT:USDT,0.13344,2852.0,0.13343,4.0,0.13346,2.0,0.13347,77.0
1753546949421,16:22:29.421,AERGO/USDT:USDT,0.13344,364.0,0.13343,4.0,0.13346,2.0,0.13347,452.0
1753546950416,16:22:30.416,AERGO/USDT:USDT,0.13344,364.0,0.13343,4.0,0.13346,2.0,0.13347,452.0
1753546953420,16:22:33.420,AERGO/USDT:USDT,0.13344,369.0,0.13338,9070.0,0.13347,460.0,0.13353,50495.0
1753546954423,16:22:34.423,AERGO/USDT:USDT,0.13344,369.0,0.13338,19262.0,0.13347,457.0,0.13352,52629.0
1753546955421,16:22:35.421,AERGO/USDT:USDT,0.13344,369.0,0.13335,1105.0,0.13347,461.0,0.13359,7704.0
1753546956422,16:22:36.422,AERGO/USDT:USDT,0.13344,369.0,0.13335,1105.0,0.13347,460.0,0.13357,19430.0
1753546957423,16:22:37.423,AERGO/USDT:USDT,0.13344,371.0,0.13333,340.0,0.13347,461.0,0.13357,19430.0
1753546958424,16:22:38.424,AERGO/USDT:USDT,0.13344,371.0,0.13331,8258.0,0.13347,461.0,0.13358,1854.0
1753546959425,16:22:39.425,AERGO/USDT:USDT,0.13344,371.0,0.13331,8258.0,0.13347,461.0,0.13359,7724.0
1753546960426,16:22:40.426,AERGO/USDT:USDT,0.13344,371.0,0.13331,8258.0,0.13347,3339.0,0.13359,7724.0
1753546961429,16:22:41.429,AERGO/USDT:USDT,0.13344,371.0,0.13331,8258.0,0.13347,3338.0,0.13359,7724.0
1753546962427,16:22:42.427,AERGO/USDT:USDT,0.13344,369.0,0.13331,8258.0,0.13347,3337.0,0.13359,7724.0
1753546963431,16:22:43.431,AERGO/USDT:USDT,0.13344,369.0,0.13338,2403.0,0.13347,3337.0,0.13352,47639.0
1753546964429,16:22:44.429,AERGO/USDT:USDT,0.13344,369.0,0.13334,519.0,0.13347,3337.0,0.13357,310.0
1753546965430,16:22:45.430,AERGO/USDT:USDT,0.13344,369.0,0.13331,8258.0,0.13347,3337.0,0.13357,310.0
1753546966433,16:22:46.433,AERGO/USDT:USDT,0.13344,367.0,0.13331,8258.0,0.13347,3337.0,0.13357,310.0
1753546967433,16:22:47.433,AERGO/USDT:USDT,0.13344,368.0,0.13331,8258.0,0.13347,3340.0,0.13359,7728.0
1753546968433,16:22:48.433,AERGO/USDT:USDT,0.13344,368.0,0.13331,8258.0,0.13347,3339.0,0.13359,7726.0
1753546969434,16:22:49.434,AERGO/USDT:USDT,0.13344,368.0,0.13337,12595.0,0.13347,3339.0,0.13353,5508.0
1753546970435,16:22:50.435,AERGO/USDT:USDT,0.13344,368.0,0.13336,5124.0,0.13347,3339.0,0.13354,40838.0
1753546971435,16:22:51.435,AERGO/USDT:USDT,0.13344,367.0,0.13331,12990.0,0.13347,3339.0,0.13359,28984.0
1753546972435,16:22:52.435,AERGO/USDT:USDT,0.13344,368.0,0.13331,12990.0,0.13347,3338.0,0.13359,28984.0
1753546973438,16:22:53.438,AERGO/USDT:USDT,0.13344,368.0,0.13331,8258.0,0.13347,3338.0,0.13357,1400.0
1753546974436,16:22:54.436,AERGO/USDT:USDT,0.13344,369.0,0.13331,8258.0,0.13347,3338.0,0.13357,1400.0
1753546975441,16:22:55.441,AERGO/USDT:USDT,0.13344,369.0,0.13331,11585.0,0.13347,3384.0,0.13357,1400.0
1753546976437,16:22:56.437,AERGO/USDT:USDT,0.13344,369.0,0.13331,8258.0,0.13347,3385.0,0.13357,1400.0
1753546977438,16:22:57.438,AERGO/USDT:USDT,0.13344,371.0,0.13331,8258.0,0.13347,3386.0,0.13359,7728.0
1753546978440,16:22:58.440,AERGO/USDT:USDT,0.13344,368.0,0.13331,8258.0,0.13347,3386.0,0.13359,7511.0
1753546979440,16:22:59.440,AERGO/USDT:USDT,0.13344,368.0,0.13331,8258.0,0.13347,3387.0,0.13359,7511.0
1753546980441,16:23:00.441,AERGO/USDT:USDT,0.13344,367.0,0.13331,8258.0,0.13347,3311.0,0.13359,7511.0
1753546981446,16:23:01.446,AERGO/USDT:USDT,0.13344,367.0,0.13331,8258.0,0.13346,2909.0,0.13347,9.0
1753546982421,16:23:02.421,AERGO/USDT:USDT,0.13344,3.0,0.13343,282.0,0.13345,3869.0,0.13346,3.0
1753546982993,16:23:02.993,AERGO/USDT:USDT,0.13343,9.0,0.1334,3135.0,0.13344,697.0,0.13345,6.0
1753546983443,16:23:03.443,AERGO/USDT:USDT,0.13343,9.0,0.1334,2848.0,0.13344,659.0,0.13345,6.0
1753546984443,16:23:04.443,AERGO/USDT:USDT,0.13343,9.0,0.1334,2848.0,0.13344,288.0,0.13345,2.0
1753546985446,16:23:05.446,AERGO/USDT:USDT,0.13343,4.0,0.1334,2893.0,0.13344,288.0,0.13345,2.0
1753546986466,16:23:06.466,AERGO/USDT:USDT,0.13343,4.0,0.13341,2888.0,0.13344,285.0,0.13345,2.0
1753546987446,16:23:07.446,AERGO/USDT:USDT,0.13343,4.0,0.13341,2891.0,0.13344,286.0,0.13345,2.0
1753546988445,16:23:08.445,AERGO/USDT:USDT,0.13343,4.0,0.13341,2701.0,0.13344,286.0,0.13345,2.0
1753546989447,16:23:09.447,AERGO/USDT:USDT,0.13343,4.0,0.13341,2701.0,0.13344,286.0,0.13345,2.0
1753546990445,16:23:10.445,AERGO/USDT:USDT,0.13343,4.0,0.13341,2701.0,0.13344,287.0,0.13345,2.0
1753546991445,16:23:11.445,AERGO/USDT:USDT,0.13343,4.0,0.13341,2701.0,0.13344,289.0,0.13345,2.0
1753546992480,16:23:12.480,AERGO/USDT:USDT,0.13343,4.0,0.13341,2703.0,0.13344,289.0,0.13345,2.0
1753546993449,16:23:13.449,AERGO/USDT:USDT,0.13343,4.0,0.13341,2703.0,0.13344,289.0,0.13345,2.0
1753546994448,16:23:14.448,AERGO/USDT:USDT,0.13343,4.0,0.13341,2703.0,0.13344,289.0,0.13345,2.0
1753546995150,16:23:15.150,AERGO/USDT:USDT,0.13343,4.0,0.13342,2698.0,0.13344,289.0,0.13345,2.0
1753546995451,16:23:15.451,AERGO/USDT:USDT,0.13343,2865.0,0.13341,5.0,0.13344,5.0,0.13345,2.0
1753546996550,16:23:16.550,AERGO/USDT:USDT,0.13343,8.0,0.13342,2804.0,0.13344,5.0,0.13345,2.0
1753546997449,16:23:17.449,AERGO/USDT:USDT,0.13343,4.0,0.13342,2807.0,0.13345,2.0,0.13346,291.0
1753546998452,16:23:18.452,AERGO/USDT:USDT,0.13343,4.0,0.13342,2921.0,0.13345,2.0,0.13346,291.0
1753546999452,16:23:19.452,AERGO/USDT:USDT,0.13343,4.0,0.13342,2921.0,0.13345,2.0,0.13346,291.0
1753547000453,16:23:20.453,AERGO/USDT:USDT,0.13343,4.0,0.13342,2921.0,0.13345,2.0,0.13346,292.0
1753547001455,16:23:21.455,AERGO/USDT:USDT,0.13343,4.0,0.13342,2923.0,0.13345,2.0,0.13346,292.0
1753547002453,16:23:22.453,AERGO/USDT:USDT,0.13343,4.0,0.13342,2920.0,0.13345,2.0,0.13346,292.0
1753547003454,16:23:23.454,AERGO/USDT:USDT,0.13343,4.0,0.13342,2920.0,0.13345,40.0,0.13346,5.0
1753547004457,16:23:24.457,AERGO/USDT:USDT,0.13343,4.0,0.13342,2922.0,0.13345,40.0,0.13346,5.0
1753547005455,16:23:25.455,AERGO/USDT:USDT,0.13343,4.0,0.13342,2922.0,0.13345,78.0,0.13346,5.0
1753547006458,16:23:26.458,AERGO/USDT:USDT,0.13343,4.0,0.13342,2922.0,0.13345,83.0,0.1335,1563.0
1753547007458,16:23:27.458,AERGO/USDT:USDT,0.13343,4.0,0.13342,2922.0,0.13345,81.0,0.1335,1563.0
1753547009461,16:23:29.461,AERGO/USDT:USDT,0.13343,4.0,0.13342,2920.0,0.13345,81.0,0.13353,1657.0
1753547011462,16:23:31.462,AERGO/USDT:USDT,0.13343,4.0,0.13342,59.0,0.13345,82.0,0.13353,1657.0
1753547012476,16:23:32.476,AERGO/USDT:USDT,0.13342,66.0,0.13331,1866.0,0.13345,85.0,0.13353,1657.0
1753547013464,16:23:33.464,AERGO/USDT:USDT,0.13342,64.0,0.13329,8228.0,0.13345,86.0,0.13357,7273.0
1753547014466,16:23:34.466,AERGO/USDT:USDT,0.13343,1304.0,0.13342,8.0,0.13345,86.0,0.13357,7273.0
1753547015467,16:23:35.467,AERGO/USDT:USDT,0.13343,1304.0,0.13342,8.0,0.13345,86.0,0.13349,45889.0
1753547016469,16:23:36.469,AERGO/USDT:USDT,0.13343,1307.0,0.13342,4.0,0.13345,86.0,0.13357,7273.0
1753547017468,16:23:37.468,AERGO/USDT:USDT,0.13343,1308.0,0.13342,4.0,0.13345,85.0,0.13357,7273.0
1753547018471,16:23:38.471,AERGO/USDT:USDT,0.13343,1308.0,0.13342,4.0,0.13345,85.0,0.13357,7280.0
1753547019474,16:23:39.474,AERGO/USDT:USDT,0.13343,1308.0,0.13342,4.0,0.13345,83.0,0.13356,30305.0
1753547020470,16:23:40.470,AERGO/USDT:USDT,0.13343,1308.0,0.13342,4.0,0.13345,83.0,0.13357,7280.0
1753547021471,16:23:41.471,AERGO/USDT:USDT,0.13343,1308.0,0.13342,4.0,0.13345,85.0,0.13355,36831.0
1753547022472,16:23:42.472,AERGO/USDT:USDT,0.13343,1307.0,0.13342,4.0,0.13345,82.0,0.13355,36831.0
1753547023472,16:23:43.472,AERGO/USDT:USDT,0.13343,1409.0,0.13342,4.0,0.13345,174.0,0.13357,7262.0
1753547024472,16:23:44.472,AERGO/USDT:USDT,0.13343,1409.0,0.13342,4.0,0.13345,174.0,0.13357,7262.0
1753547025476,16:23:45.476,AERGO/USDT:USDT,0.13343,1408.0,0.13342,4.0,0.13345,174.0,0.13357,7262.0
1753547026476,16:23:46.476,AERGO/USDT:USDT,0.13343,1408.0,0.13342,4.0,0.13345,174.0,0.13357,7262.0
1753547027477,16:23:47.477,AERGO/USDT:USDT,0.13343,1407.0,0.13342,4.0,0.13345,175.0,0.13357,7262.0
1753547028479,16:23:48.479,AERGO/USDT:USDT,0.13343,1407.0,0.13342,4.0,0.13345,175.0,0.13357,7262.0
1753547029478,16:23:49.478,AERGO/USDT:USDT,0.13343,1407.0,0.13342,4.0,0.13345,175.0,0.13357,7262.0
1753547030479,16:23:50.479,AERGO/USDT:USDT,0.13343,1407.0,0.13342,4.0,0.13345,175.0,0.13357,7262.0
1753547031479,16:23:51.479,AERGO/USDT:USDT,0.13343,1407.0,0.13342,4.0,0.13345,176.0,0.13357,7262.0
1753547032482,16:23:52.482,AERGO/USDT:USDT,0.13343,1409.0,0.13342,4.0,0.13345,177.0,0.13357,7262.0
1753547033483,16:23:53.483,AERGO/USDT:USDT,0.13343,1409.0,0.13342,4.0,0.13345,174.0,0.13357,42254.0
1753547034482,16:23:54.482,AERGO/USDT:USDT,0.13343,1409.0,0.13342,4.0,0.13345,174.0,0.13357,7247.0
1753547035484,16:23:55.484,AERGO/USDT:USDT,0.13343,1409.0,0.13342,4.0,0.13345,175.0,0.13357,7247.0
1753547036484,16:23:56.484,AERGO/USDT:USDT,0.13343,1409.0,0.13342,4.0,0.13345,177.0,0.13355,17277.0
1753547037485,16:23:57.485,AERGO/USDT:USDT,0.13343,1409.0,0.13342,4.0,0.13345,174.0,0.13355,17277.0
1753547038486,16:23:58.486,AERGO/USDT:USDT,0.13343,1406.0,0.13342,4.0,0.13345,174.0,0.13352,17250.0
1753547039486,16:23:59.486,AERGO/USDT:USDT,0.13343,1409.0,0.13342,4.0,0.13345,174.0,0.13357,9200.0
1753547040486,16:24:00.486,AERGO/USDT:USDT,0.13343,1409.0,0.13342,4.0,0.13345,302.0,0.13357,7262.0
1753547041488,16:24:01.488,AERGO/USDT:USDT,0.13343,1409.0,0.13342,4.0,0.13345,305.0,0.13348,27914.0
1753547042500,16:24:02.500,AERGO/USDT:USDT,0.13343,1408.0,0.13339,23490.0,0.13345,304.0,0.13348,27914.0
1753547043489,16:24:03.489,AERGO/USDT:USDT,0.13343,1411.0,0.13337,1989.0,0.13345,301.0,0.1335,3509.0
1753547044489,16:24:04.489,AERGO/USDT:USDT,0.13343,1411.0,0.13337,1989.0,0.13345,301.0,0.1335,3509.0
1753547045492,16:24:05.492,AERGO/USDT:USDT,0.13343,1411.0,0.13337,1989.0,0.13345,302.0,0.1335,3509.0
1753547046490,16:24:06.490,AERGO/USDT:USDT,0.13343,1411.0,0.13337,1989.0,0.13345,303.0,0.1335,3509.0
1753547047491,16:24:07.491,AERGO/USDT:USDT,0.13343,1407.0,0.13337,1989.0,0.13345,302.0,0.1335,3509.0
1753547048491,16:24:08.491,AERGO/USDT:USDT,0.13343,1407.0,0.13337,1989.0,0.13345,302.0,0.1335,3509.0
1753547049491,16:24:09.491,AERGO/USDT:USDT,0.13343,1407.0,0.13337,1989.0,0.13345,302.0,0.1335,3509.0
1753547050492,16:24:10.492,AERGO/USDT:USDT,0.13343,1407.0,0.13337,1989.0,0.13345,301.0,0.1335,3509.0
1753547051494,16:24:11.494,AERGO/USDT:USDT,0.13343,1407.0,0.13337,1989.0,0.13345,302.0,0.1335,3509.0
1753547052494,16:24:12.494,AERGO/USDT:USDT,0.13343,1409.0,0.13337,1989.0,0.13345,306.0,0.1335,3509.0
1753547053494,16:24:13.494,AERGO/USDT:USDT,0.13343,1409.0,0.13337,1989.0,0.13345,305.0,0.1335,3509.0
1753547054494,16:24:14.494,AERGO/USDT:USDT,0.13343,1409.0,0.13337,1989.0,0.13345,303.0,0.1335,3509.0
1753547055498,16:24:15.498,AERGO/USDT:USDT,0.13343,1409.0,0.13337,1989.0,0.13345,303.0,0.1335,3509.0
1753547057497,16:24:17.497,AERGO/USDT:USDT,0.13343,1410.0,0.13337,1989.0,0.13345,306.0,0.1335,3509.0
1753547058501,16:24:18.501,AERGO/USDT:USDT,0.13343,1410.0,0.13337,1989.0,0.13345,306.0,0.1335,3509.0
1753547059501,16:24:19.501,AERGO/USDT:USDT,0.13343,1409.0,0.13337,1989.0,0.13345,306.0,0.1335,3509.0
1753547060499,16:24:20.499,AERGO/USDT:USDT,0.13343,1407.0,0.13337,1989.0,0.13345,306.0,0.1335,3509.0
1753547061503,16:24:21.503,AERGO/USDT:USDT,0.13343,1456.0,0.13337,1989.0,0.13345,306.0,0.1335,3509.0
1753547062503,16:24:22.503,AERGO/USDT:USDT,0.13343,1456.0,0.13337,1989.0,0.13345,304.0,0.1335,3509.0
1753547063505,16:24:23.505,AERGO/USDT:USDT,0.13343,1456.0,0.13337,1989.0,0.13345,348.0,0.1335,3509.0
1753547064504,16:24:24.504,AERGO/USDT:USDT,0.13343,1456.0,0.13338,18666.0,0.13345,348.0,0.13349,35153.0
1753547065505,16:24:25.505,AERGO/USDT:USDT,0.13343,1456.0,0.13337,1989.0,0.13345,348.0,0.1335,3509.0
1753547066507,16:24:26.507,AERGO/USDT:USDT,0.13343,1456.0,0.13337,1989.0,0.13345,348.0,0.1335,3509.0
1753547067506,16:24:27.506,AERGO/USDT:USDT,0.13343,1458.0,0.13337,1989.0,0.13345,346.0,0.1335,3509.0
1753547068510,16:24:28.510,AERGO/USDT:USDT,0.13343,1458.0,0.13337,1989.0,0.13345,346.0,0.1335,3509.0
1753547070509,16:24:30.509,AERGO/USDT:USDT,0.13343,1469.0,0.13339,3982.0,0.13345,348.0,0.13348,11300.0
1753547071510,16:24:31.510,AERGO/USDT:USDT,0.13343,1470.0,0.13339,16096.0,0.13345,348.0,0.13348,34186.0
1753547072523,16:24:32.523,AERGO/USDT:USDT,0.13343,1473.0,0.13339,16096.0,0.13345,345.0,0.13348,34186.0
1753547074512,16:24:34.512,AERGO/USDT:USDT,0.13343,1715.0,0.13335,3767.0,0.13345,346.0,0.13351,3935.0
1753547075513,16:24:35.513,AERGO/USDT:USDT,0.13343,1715.0,0.13335,3767.0,0.13345,346.0,0.13351,3055.0
1753547076514,16:24:36.514,AERGO/USDT:USDT,0.13343,1713.0,0.13335,3767.0,0.13345,346.0,0.13351,3055.0
1753547077514,16:24:37.514,AERGO/USDT:USDT,0.13343,1714.0,0.13335,3767.0,0.13345,347.0,0.13351,3055.0
1753547078550,16:24:38.550,AERGO/USDT:USDT,0.13345,1709.0,0.13343,5.0,0.13347,1213.0,0.13351,5726.0
1753547079515,16:24:39.515,AERGO/USDT:USDT,0.13345,3438.0,0.13343,5.0,0.13347,165.0,0.13351,7959.0
1753547080516,16:24:40.516,AERGO/USDT:USDT,0.13345,3438.0,0.13343,5.0,0.13347,581.0,0.13351,3055.0
1753547081517,16:24:41.517,AERGO/USDT:USDT,0.13345,3438.0,0.13343,5.0,0.13347,584.0,0.13351,3055.0
1753547082520,16:24:42.520,AERGO/USDT:USDT,0.13345,3437.0,0.13343,5.0,0.13347,583.0,0.13351,3055.0
1753547083518,16:24:43.518,AERGO/USDT:USDT,0.13345,3676.0,0.13343,5.0,0.13347,582.0,0.13351,27500.0
1753547084520,16:24:44.520,AERGO/USDT:USDT,0.13345,3676.0,0.13343,5.0,0.13347,582.0,0.13351,49786.0
1753547085520,16:24:45.520,AERGO/USDT:USDT,0.13345,3676.0,0.13343,5.0,0.13347,585.0,0.13351,3055.0
1753547086520,16:24:46.520,AERGO/USDT:USDT,0.13345,3676.0,0.13343,5.0,0.13347,584.0,0.13351,3055.0
1753547087521,16:24:47.521,AERGO/USDT:USDT,0.13345,3677.0,0.13343,5.0,0.13347,584.0,0.13351,3055.0
1753547088523,16:24:48.523,AERGO/USDT:USDT,0.13345,243.0,0.13343,5.0,0.13347,1428.0,0.13351,3055.0
1753547089523,16:24:49.523,AERGO/USDT:USDT,0.13345,243.0,0.13343,5.0,0.13347,1053.0,0.13351,3055.0
1753547090523,16:24:50.523,AERGO/USDT:USDT,0.13345,240.0,0.13343,5.0,0.13347,1053.0,0.13351,3055.0
1753547091524,16:24:51.524,AERGO/USDT:USDT,0.13345,240.0,0.13343,5.0,0.13347,1432.0,0.13351,3055.0
1753547092526,16:24:52.526,AERGO/USDT:USDT,0.13345,244.0,0.13343,5.0,0.13347,1431.0,0.13351,3055.0
1753547093526,16:24:53.526,AERGO/USDT:USDT,0.13345,243.0,0.13343,5.0,0.13347,1056.0,0.13351,3055.0
1753547094526,16:24:54.526,AERGO/USDT:USDT,0.13345,243.0,0.13343,5.0,0.13347,1056.0,0.13351,3055.0
1753547095527,16:24:55.527,AERGO/USDT:USDT,0.13345,240.0,0.13343,5.0,0.13347,1056.0,0.13351,3055.0
1753547096528,16:24:56.528,AERGO/USDT:USDT,0.13345,240.0,0.13343,5.0,0.13347,1056.0,0.13351,3055.0
1753547097573,16:24:57.573,AERGO/USDT:USDT,0.13345,240.0,0.13343,5.0,0.13347,1056.0,0.13351,3055.0
1753547098538,16:24:58.538,AERGO/USDT:USDT,0.13345,770.0,0.13343,5.0,0.13347,1053.0,0.13351,3055.0
1753547099537,16:24:59.537,AERGO/USDT:USDT,0.13345,770.0,0.13343,5.0,0.13347,1053.0,0.13351,3055.0
1753547100539,16:25:00.539,AERGO/USDT:USDT,0.13345,770.0,0.13343,5.0,0.13347,977.0,0.13351,3055.0
1753547101539,16:25:01.539,AERGO/USDT:USDT,0.13345,770.0,0.13343,5.0,0.13347,977.0,0.13351,3055.0
1753547102553,16:25:02.553,AERGO/USDT:USDT,0.13345,773.0,0.13332,8067.0,0.13347,978.0,0.13359,6965.0
1753547103542,16:25:03.542,AERGO/USDT:USDT,0.13345,1792.0,0.13334,22753.0,0.13347,1354.0,0.13357,33382.0
1753547105540,16:25:05.540,AERGO/USDT:USDT,0.13345,1793.0,0.13332,8067.0,0.13347,1024.0,0.13359,6893.0
1753547107542,16:25:07.542,AERGO/USDT:USDT,0.13345,4.0,0.13343,50.0,0.13346,433.0,0.13347,1.0
1753547109552,16:25:09.552,AERGO/USDT:USDT,0.13345,4.0,0.13343,54.0,0.13346,43.0,0.13347,1.0
1753547110545,16:25:10.545,AERGO/USDT:USDT,0.13345,4.0,0.13343,54.0,0.13346,45.0,0.13347,1.0
1753547112546,16:25:12.546,AERGO/USDT:USDT,0.13345,4.0,0.13343,54.0,0.13346,45.0,0.13347,1.0
1753547113549,16:25:13.549,AERGO/USDT:USDT,0.13345,4.0,0.13343,54.0,0.13346,44.0,0.13347,1.0
1753547114548,16:25:14.548,AERGO/USDT:USDT,0.13345,4.0,0.13343,54.0,0.13346,2895.0,0.13347,1.0
1753547115698,16:25:15.698,AERGO/USDT:USDT,0.13343,50.0,0.1333,8068.0,0.13345,2892.0,0.13346,3.0
1753547116551,16:25:16.551,AERGO/USDT:USDT,0.13343,1.0,0.13342,336.0,0.13345,2892.0,0.13346,3.0
1753547117550,16:25:17.550,AERGO/USDT:USDT,0.13342,339.0,0.1333,8068.0,0.13345,2896.0,0.13347,1.0
1753547118552,16:25:18.552,AERGO/USDT:USDT,0.13342,338.0,0.13329,8069.0,0.13345,2896.0,0.13347,1.0
1753547119555,16:25:19.555,AERGO/USDT:USDT,0.13342,338.0,0.13329,8069.0,0.13345,45.0,0.13347,1.0
1753547120552,16:25:20.552,AERGO/USDT:USDT,0.13342,340.0,0.13329,8069.0,0.13345,45.0,0.13347,1.0
1753547121553,16:25:21.553,AERGO/USDT:USDT,0.13342,340.0,0.13329,20083.0,0.13345,45.0,0.13347,1.0
1753547122555,16:25:22.555,AERGO/USDT:USDT,0.13342,339.0,0.13329,20083.0,0.13345,46.0,0.13347,1.0
1753547123338,16:25:23.338,AERGO/USDT:USDT,0.13338,336.0,0.13329,8069.0,0.13342,41.0,0.13345,5.0
1753547123554,16:25:23.554,AERGO/USDT:USDT,0.13337,282.0,0.13329,8069.0,0.13342,2818.0,0.13345,5.0
1753547124374,16:25:24.374,AERGO/USDT:USDT,0.13337,282.0,0.13329,8069.0,0.13341,2818.0,0.13345,5.0
1753547124556,16:25:24.556,AERGO/USDT:USDT,0.13337,282.0,0.13329,8069.0,0.13341,80.0,0.13345,5.0
1753547125559,16:25:25.559,AERGO/USDT:USDT,0.13337,282.0,0.13329,8069.0,0.13341,128.0,0.13345,5.0
1753547126556,16:25:26.556,AERGO/USDT:USDT,0.13337,282.0,0.13329,8069.0,0.13341,130.0,0.13347,1.0
1753547127557,16:25:27.557,AERGO/USDT:USDT,0.13337,283.0,0.13329,8069.0,0.13341,130.0,0.13347,1.0
1753547128558,16:25:28.558,AERGO/USDT:USDT,0.13337,3101.0,0.13328,4879.0,0.13341,130.0,0.13347,1.0
1753547129561,16:25:29.561,AERGO/USDT:USDT,0.13337,3102.0,0.13325,8072.0,0.13341,130.0,0.13347,1.0
1753547130561,16:25:30.561,AERGO/USDT:USDT,0.13337,284.0,0.13328,1525.0,0.13341,2948.0,0.13347,1.0
1753547131562,16:25:31.562,AERGO/USDT:USDT,0.13337,284.0,0.13327,379.0,0.13341,2948.0,0.13347,1.0
1753547132575,16:25:32.575,AERGO/USDT:USDT,0.13337,286.0,0.13327,379.0,0.13341,2950.0,0.13352,7064.0
1753547133565,16:25:33.565,AERGO/USDT:USDT,0.13337,286.0,0.13325,8064.0,0.13341,2953.0,0.13352,7375.0
1753547135564,16:25:35.564,AERGO/USDT:USDT,0.13337,286.0,0.13325,8064.0,0.13341,2952.0,0.13352,7375.0
1753547136067,16:25:36.067,AERGO/USDT:USDT,0.13337,286.0,0.13325,8064.0,0.1334,2946.0,0.13341,6.0
1753547136568,16:25:36.568,AERGO/USDT:USDT,0.13337,286.0,0.13328,14704.0,0.1334,2808.0,0.13341,6.0
1753547137567,16:25:37.567,AERGO/USDT:USDT,0.13337,289.0,0.13328,14704.0,0.1334,2811.0,0.13341,3.0
1753547139568,16:25:39.568,AERGO/USDT:USDT,0.13337,287.0,0.13326,10090.0,0.1334,2811.0,0.13341,3.0
1753547140567,16:25:40.567,AERGO/USDT:USDT,0.13337,289.0,0.13325,438.0,0.1334,2811.0,0.13341,3.0
1753547141569,16:25:41.569,AERGO/USDT:USDT,0.13337,289.0,0.13325,438.0,0.1334,2811.0,0.13341,3.0
1753547142586,16:25:42.586,AERGO/USDT:USDT,0.13337,286.0,0.13324,8064.0,0.1334,2813.0,0.13341,3.0
1753547143570,16:25:43.570,AERGO/USDT:USDT,0.13337,286.0,0.13324,8064.0,0.1334,2813.0,0.13341,3.0
1753547144570,16:25:44.570,AERGO/USDT:USDT,0.13337,286.0,0.13324,8064.0,0.1334,2809.0,0.13341,3.0
1753547145572,16:25:45.572,AERGO/USDT:USDT,0.13337,286.0,0.1333,20780.0,0.1334,2809.0,0.13341,3.0
1753547146571,16:25:46.571,AERGO/USDT:USDT,0.13337,286.0,0.13324,8064.0,0.1334,2809.0,0.13341,3.0
1753547147878,16:25:47.878,AERGO/USDT:USDT,0.13338,282.0,0.13337,5.0,0.1334,2809.0,0.13341,3.0
1753547148572,16:25:48.572,AERGO/USDT:USDT,0.13339,280.0,0.13337,5.0,0.1334,1.0,0.13341,3.0
1753547149575,16:25:49.575,AERGO/USDT:USDT,0.13339,285.0,0.13337,2.0,0.1334,1.0,0.13341,3.0
1753547150575,16:25:50.575,AERGO/USDT:USDT,0.13339,285.0,0.13337,2.0,0.13341,3.0,0.13344,3104.0
1753547151574,16:25:51.574,AERGO/USDT:USDT,0.13339,285.0,0.13337,2.0,0.13341,3.0,0.13344,3103.0
1753547152577,16:25:52.577,AERGO/USDT:USDT,0.13339,283.0,0.13337,2.0,0.13341,3.0,0.13344,3105.0
1753547153576,16:25:53.576,AERGO/USDT:USDT,0.13339,283.0,0.13337,2.0,0.13341,3.0,0.13344,3105.0
1753547154577,16:25:54.577,AERGO/USDT:USDT,0.13339,388.0,0.13337,2.0,0.13341,3.0,0.13344,3105.0
1753547155579,16:25:55.579,AERGO/USDT:USDT,0.13339,388.0,0.13337,2.0,0.13341,3.0,0.13344,3162.0
1753547156578,16:25:56.578,AERGO/USDT:USDT,0.13339,388.0,0.13337,2.0,0.13341,3.0,0.13344,3162.0
1753547157581,16:25:57.581,AERGO/USDT:USDT,0.13339,388.0,0.13337,2.0,0.13341,3.0,0.13344,3160.0
1753547157995,16:25:57.995,AERGO/USDT:USDT,0.13339,388.0,0.13337,2.0,0.13341,3.0,0.13344,3.0
1753547158581,16:25:58.581,AERGO/USDT:USDT,0.13339,388.0,0.13337,2.0,0.13341,3.0,0.13343,4158.0
1753547159579,16:25:59.579,AERGO/USDT:USDT,0.13339,388.0,0.13337,2.0,0.13341,3.0,0.13343,4161.0
1753547160581,16:26:00.581,AERGO/USDT:USDT,0.13339,386.0,0.13337,2.0,0.13341,3.0,0.13343,4161.0
1753547161582,16:26:01.582,AERGO/USDT:USDT,0.13339,386.0,0.13337,2.0,0.13341,3.0,0.13343,4162.0
1753547162159,16:26:02.159,AERGO/USDT:USDT,0.1334,383.0,0.13339,3.0,0.13341,3.0,0.13343,4163.0
1753547162596,16:26:02.596,AERGO/USDT:USDT,0.1334,385.0,0.13339,3.0,0.13343,4166.0,0.13355,7293.0
1753547163585,16:26:03.585,AERGO/USDT:USDT,0.1334,2458.0,0.13327,8062.0,0.13343,4165.0,0.13355,7210.0
1753547164586,16:26:04.586,AERGO/USDT:USDT,0.1334,2451.0,0.13327,8062.0,0.13343,4165.0,0.13355,7210.0
1753547165585,16:26:05.585,AERGO/USDT:USDT,0.1334,2454.0,0.13327,8062.0,0.13343,4165.0,0.13355,7210.0
1753547166587,16:26:06.587,AERGO/USDT:USDT,0.1334,2564.0,0.13335,5216.0,0.13343,4165.0,0.13347,12985.0
1753547167588,16:26:07.588,AERGO/USDT:USDT,0.1334,2563.0,0.13335,5216.0,0.13343,4166.0,0.13347,12985.0
1753547168588,16:26:08.588,AERGO/USDT:USDT,0.1334,2561.0,0.13327,8555.0,0.13343,4166.0,0.13353,1026.0
1753547169589,16:26:09.589,AERGO/USDT:USDT,0.1334,2561.0,0.13333,199.0,0.13343,4163.0,0.13349,23333.0
1753547170589,16:26:10.589,AERGO/USDT:USDT,0.1334,2308.0,0.13327,8555.0,0.13343,4163.0,0.13352,788.0
1753547172591,16:26:12.591,AERGO/USDT:USDT,0.1334,2308.0,0.13334,4499.0,0.13343,4163.0,0.13348,1836.0
1753547173591,16:26:13.591,AERGO/USDT:USDT,0.1334,2350.0,0.13332,367.0,0.13343,4163.0,0.13352,1574.0
1753547174592,16:26:14.592,AERGO/USDT:USDT,0.1334,2351.0,0.13337,13188.0,0.13343,4163.0,0.13345,19187.0
1753547175592,16:26:15.592,AERGO/USDT:USDT,0.1334,2351.0,0.13332,367.0,0.13343,4165.0,0.13352,1574.0
1753547176595,16:26:16.595,AERGO/USDT:USDT,0.1334,2351.0,0.13332,367.0,0.13343,4165.0,0.13352,1574.0
1753547177593,16:26:17.593,AERGO/USDT:USDT,0.1334,2350.0,0.13327,8062.0,0.13343,4164.0,0.13355,7313.0
1753547179594,16:26:19.594,AERGO/USDT:USDT,0.1334,2732.0,0.13327,8062.0,0.13343,4164.0,0.13355,7323.0
1753547180596,16:26:20.596,AERGO/USDT:USDT,0.1334,2732.0,0.13327,8062.0,0.13343,4164.0,0.13355,7323.0
1753547181599,16:26:21.599,AERGO/USDT:USDT,0.1334,2735.0,0.13327,8062.0,0.13343,4164.0,0.13355,7323.0
