timestamp,time,exchange,symbol,bid1_price,bid1_volume,bid2_price,bid2_volume,ask1_price,ask1_volume,ask2_price,ask2_volume
1753591898407,04:51:38.407,okx,ADA/USDT:USDT,0.8317,222.9,0.8316,341.8,0.8318,89.2,0.8319,528.2
1753591898807,04:51:38.807,okx,ADA/USDT:USDT,0.8317,284.9,0.8316,392.4,0.8318,33.2,0.8319,365.7
1753591899507,04:51:39.507,okx,ADA/USDT:USDT,0.8318,976.7,0.8317,405.2,0.8319,0.6,0.832,82.7
1753591899607,04:51:39.607,okx,ADA/USDT:USDT,0.832,618.8,0.8319,658.4,0.8321,0.9,0.8322,346.3
1753591900007,04:51:40.007,okx,ADA/USDT:USDT,0.8321,915.5,0.832,544.5,0.8322,137.9,0.8323,108.5
1753591900207,04:51:40.207,okx,ADA/USDT:USDT,0.8321,757.8,0.832,544.2,0.8322,171.8,0.8323,194.0
1753591900907,04:51:40.907,okx,ADA/USDT:USDT,0.8321,830.8,0.832,524.5,0.8322,57.1,0.8323,198.9
1753591901107,04:51:41.107,okx,ADA/USDT:USDT,0.8321,757.0,0.832,524.2,0.8322,137.8,0.8323,314.8
1753591901507,04:51:41.507,okx,ADA/USDT:USDT,0.8321,105.4,0.832,501.7,0.8322,285.6,0.8323,320.4
1753591902107,04:51:42.107,okx,ADA/USDT:USDT,0.8321,175.4,0.832,521.5,0.8322,177.8,0.8323,225.0
1753591902407,04:51:42.407,okx,ADA/USDT:USDT,0.8321,182.2,0.832,514.2,0.8322,178.9,0.8323,225.0
1753591903107,04:51:43.107,okx,ADA/USDT:USDT,0.8321,221.4,0.832,514.2,0.8322,57.0,0.8323,225.0
1753591903707,04:51:43.707,okx,ADA/USDT:USDT,0.8322,905.8,0.8321,461.2,0.8323,0.9,0.8324,9.5
1753591903907,04:51:43.907,okx,ADA/USDT:USDT,0.8322,905.9,0.8321,461.0,0.8323,1.1,0.8324,90.2
1753591904607,04:51:44.607,okx,ADA/USDT:USDT,0.8322,884.2,0.8321,459.8,0.8323,24.7,0.8324,150.2
1753591905807,04:51:45.807,okx,ADA/USDT:USDT,0.8323,0.5,0.8322,192.1,0.8324,346.5,0.8325,466.0
1753591905907,04:51:45.907,okx,ADA/USDT:USDT,0.8323,0.5,0.8322,192.1,0.8324,323.5,0.8325,466.0
1753591906707,04:51:46.707,okx,ADA/USDT:USDT,0.8323,1.8,0.8322,206.0,0.8324,324.6,0.8325,539.3
1753591906907,04:51:46.907,okx,ADA/USDT:USDT,0.8323,3.6,0.8322,206.0,0.8324,324.5,0.8325,530.9
1753591907107,04:51:47.107,okx,ADA/USDT:USDT,0.8323,3.9,0.8322,206.0,0.8324,324.5,0.8325,530.9
1753591907607,04:51:47.607,okx,ADA/USDT:USDT,0.8323,3.9,0.8322,206.0,0.8324,324.4,0.8325,530.9
1753591907807,04:51:47.807,okx,ADA/USDT:USDT,0.8323,3.9,0.8322,192.1,0.8324,324.4,0.8325,552.7
1753591908007,04:51:48.007,okx,ADA/USDT:USDT,0.8323,46.3,0.8322,385.6,0.8324,324.4,0.8325,530.9
1753591908907,04:51:48.907,okx,ADA/USDT:USDT,0.8323,32.8,0.8322,385.3,0.8324,323.1,0.8325,525.3
1753591909107,04:51:49.107,okx,ADA/USDT:USDT,0.8323,26.9,0.8322,376.6,0.8324,324.7,0.8325,533.4
1753591909307,04:51:49.307,okx,ADA/USDT:USDT,0.8323,40.0,0.8322,384.8,0.8324,324.7,0.8325,525.3
1753591909707,04:51:49.707,okx,ADA/USDT:USDT,0.8323,39.9,0.8322,384.8,0.8324,324.6,0.8325,525.3
1753591909807,04:51:49.807,okx,ADA/USDT:USDT,0.8323,26.8,0.8322,376.6,0.8324,324.6,0.8325,525.3
1753591910107,04:51:50.107,okx,ADA/USDT:USDT,0.8323,40.0,0.8322,384.7,0.8324,323.0,0.8325,525.3
1753591911107,04:51:51.107,okx,ADA/USDT:USDT,0.8323,60.0,0.8322,404.4,0.8324,322.8,0.8325,521.3
1753591911607,04:51:51.607,okx,ADA/USDT:USDT,0.8323,58.8,0.8322,404.2,0.8324,297.2,0.8325,520.1
1753591911807,04:51:51.807,okx,ADA/USDT:USDT,0.8321,173.7,0.832,485.9,0.8322,298.0,0.8323,731.3
1753591912107,04:51:52.107,okx,ADA/USDT:USDT,0.8322,812.1,0.8321,413.4,0.8323,4.1,0.8324,338.1
1753591912507,04:51:52.507,okx,ADA/USDT:USDT,0.8323,598.0,0.8322,593.7,0.8324,114.5,0.8325,356.8
1753591912807,04:51:52.807,okx,ADA/USDT:USDT,0.8323,598.0,0.8322,593.4,0.8324,120.6,0.8325,359.7
1753591913107,04:51:53.107,okx,ADA/USDT:USDT,0.8323,598.1,0.8322,593.7,0.8324,127.9,0.8325,360.1
1753591913207,04:51:53.207,okx,ADA/USDT:USDT,0.8323,579.5,0.8322,593.7,0.8324,127.8,0.8325,378.7
1753591913307,04:51:53.307,okx,ADA/USDT:USDT,0.8323,436.8,0.8322,589.3,0.8324,201.9,0.8325,389.5
1753591913607,04:51:53.607,okx,ADA/USDT:USDT,0.8323,448.4,0.8322,589.3,0.8324,201.8,0.8325,377.4
1753591914007,04:51:54.007,okx,ADA/USDT:USDT,0.8323,436.9,0.8322,589.1,0.8324,201.8,0.8325,377.8
1753591914707,04:51:54.707,okx,ADA/USDT:USDT,0.8323,353.3,0.8322,581.8,0.8324,205.4,0.8325,392.5
1753591914807,04:51:54.807,okx,ADA/USDT:USDT,0.8323,0.3,0.8322,542.8,0.8324,280.0,0.8325,400.4
1753591915007,04:51:55.007,okx,ADA/USDT:USDT,0.8323,26.9,0.8322,542.8,0.8324,316.6,0.8325,400.4
1753591915107,04:51:55.107,okx,ADA/USDT:USDT,0.8323,0.4,0.8322,542.8,0.8324,316.6,0.8325,400.4
1753591916107,04:51:56.107,okx,ADA/USDT:USDT,0.8322,29.1,0.8321,394.2,0.8323,792.7,0.8324,513.9
1753591916407,04:51:56.407,okx,ADA/USDT:USDT,0.8322,28.9,0.8321,394.2,0.8323,792.7,0.8324,514.2
1753591916707,04:51:56.707,okx,ADA/USDT:USDT,0.8321,220.0,0.832,474.1,0.8322,260.3,0.8323,717.0
1753591917407,04:51:57.407,okx,ADA/USDT:USDT,0.8321,242.0,0.832,491.7,0.8322,248.2,0.8323,582.3
1753591918007,04:51:58.007,okx,ADA/USDT:USDT,0.8321,253.1,0.832,492.0,0.8322,214.1,0.8323,564.7
1753591918407,04:51:58.407,okx,ADA/USDT:USDT,0.8321,214.4,0.832,474.1,0.8322,161.8,0.8323,576.0
1753591918607,04:51:58.607,okx,ADA/USDT:USDT,0.8321,183.2,0.832,484.9,0.8322,183.9,0.8323,575.7
1753591919607,04:51:59.607,okx,ADA/USDT:USDT,0.8321,125.0,0.832,484.9,0.8322,198.9,0.8323,682.0
1753591920607,04:52:00.607,okx,ADA/USDT:USDT,0.8321,29.8,0.832,474.1,0.8322,311.2,0.8323,676.0
1753591920807,04:52:00.807,okx,ADA/USDT:USDT,0.8321,30.0,0.832,474.3,0.8322,256.7,0.8323,569.7
1753591921207,04:52:01.207,okx,ADA/USDT:USDT,0.8321,258.2,0.832,485.1,0.8322,148.7,0.8323,559.3
1753591921707,04:52:01.707,okx,ADA/USDT:USDT,0.8322,487.5,0.8321,421.8,0.8323,0.3,0.8324,93.4
1753591921807,04:52:01.807,okx,ADA/USDT:USDT,0.8323,821.7,0.8322,269.5,0.8324,28.9,0.8325,342.7
1753591922507,04:52:02.507,okx,ADA/USDT:USDT,0.8323,0.4,0.8322,298.9,0.8324,329.1,0.8325,667.3
1753591923207,04:52:03.207,okx,ADA/USDT:USDT,0.8323,200.5,0.8322,316.5,0.8324,159.0,0.8325,315.3
1753591923407,04:52:03.407,okx,ADA/USDT:USDT,0.8323,200.5,0.8322,309.9,0.8324,172.7,0.8325,332.8
1753591923507,04:52:03.507,okx,ADA/USDT:USDT,0.8323,200.5,0.8322,299.0,0.8324,183.6,0.8325,335.6
1753591923607,04:52:03.607,okx,ADA/USDT:USDT,0.8323,200.5,0.8322,299.0,0.8324,183.6,0.8325,335.6
1753591923807,04:52:03.807,okx,ADA/USDT:USDT,0.8323,220.0,0.8322,334.7,0.8324,150.3,0.8325,318.1
1753591924507,04:52:04.507,okx,ADA/USDT:USDT,0.8323,274.2,0.8322,362.1,0.8324,22.9,0.8325,204.0
1753591924607,04:52:04.607,okx,ADA/USDT:USDT,0.8323,274.0,0.8322,362.1,0.8324,27.0,0.8325,204.0
1753591924807,04:52:04.807,okx,ADA/USDT:USDT,0.8323,284.9,0.8322,374.5,0.8324,20.1,0.8325,204.0
1753591924907,04:52:04.907,okx,ADA/USDT:USDT,0.8323,317.5,0.8322,374.2,0.8324,41.6,0.8325,204.0
1753591925407,04:52:05.407,okx,ADA/USDT:USDT,0.8323,286.6,0.8322,374.5,0.8324,19.9,0.8325,204.0
1753591925707,04:52:05.707,okx,ADA/USDT:USDT,0.8323,381.7,0.8322,374.5,0.8324,19.6,0.8325,132.8
1753591926007,04:52:06.007,okx,ADA/USDT:USDT,0.8323,205.8,0.8322,383.7,0.8324,28.6,0.8325,224.2
1753591926207,04:52:06.207,okx,ADA/USDT:USDT,0.8323,204.0,0.8322,356.6,0.8324,127.4,0.8325,405.9
1753591927507,04:52:07.507,okx,ADA/USDT:USDT,0.8323,216.3,0.8322,373.8,0.8324,47.8,0.8325,213.5
1753591927807,04:52:07.807,okx,ADA/USDT:USDT,0.8323,222.7,0.8322,373.8,0.8324,47.8,0.8325,295.4
1753591928407,04:52:08.407,okx,ADA/USDT:USDT,0.8323,282.8,0.8322,374.2,0.8324,17.5,0.8325,213.5
1753591928607,04:52:08.607,okx,ADA/USDT:USDT,0.8323,282.8,0.8322,373.8,0.8324,17.5,0.8325,213.5
1753591929007,04:52:09.007,okx,ADA/USDT:USDT,0.8324,691.4,0.8323,371.1,0.8325,112.0,0.8326,253.1
1753591929407,04:52:09.407,okx,ADA/USDT:USDT,0.8324,692.0,0.8323,371.1,0.8325,150.8,0.8326,172.2
1753591929607,04:52:09.607,okx,ADA/USDT:USDT,0.8324,692.0,0.8323,371.1,0.8325,143.9,0.8326,172.2
1753591931007,04:52:11.007,okx,ADA/USDT:USDT,0.8324,715.8,0.8323,369.1,0.8325,120.1,0.8326,184.2
1753591931107,04:52:11.107,okx,ADA/USDT:USDT,0.8324,715.8,0.8323,369.4,0.8325,120.1,0.8326,53.0
1753591931407,04:52:11.407,okx,ADA/USDT:USDT,0.8324,706.4,0.8323,378.0,0.8325,120.3,0.8326,171.9
1753591931707,04:52:11.707,okx,ADA/USDT:USDT,0.8324,565.8,0.8323,371.7,0.8325,209.9,0.8326,191.9
1753591931807,04:52:11.807,okx,ADA/USDT:USDT,0.8324,344.9,0.8323,359.4,0.8325,265.5,0.8326,275.3
1753591932907,04:52:12.907,okx,ADA/USDT:USDT,0.8324,87.3,0.8323,346.9,0.8325,274.3,0.8326,282.6
1753591933207,04:52:13.207,okx,ADA/USDT:USDT,0.8324,87.3,0.8323,346.9,0.8325,274.3,0.8326,283.0
1753591933307,04:52:13.307,okx,ADA/USDT:USDT,0.8324,87.2,0.8323,346.9,0.8325,274.3,0.8326,283.0
1753591933407,04:52:13.407,okx,ADA/USDT:USDT,0.8324,87.2,0.8323,357.3,0.8325,267.8,0.8326,283.0
1753591933607,04:52:13.607,okx,ADA/USDT:USDT,0.8324,87.2,0.8323,357.2,0.8325,274.3,0.8326,283.0
1753591934707,04:52:14.707,okx,ADA/USDT:USDT,0.8324,84.8,0.8323,356.8,0.8325,272.9,0.8326,282.6
1753591934807,04:52:14.807,okx,ADA/USDT:USDT,0.8324,277.4,0.8323,356.8,0.8325,256.8,0.8326,281.8
1753591935707,04:52:15.707,okx,ADA/USDT:USDT,0.8324,191.0,0.8323,359.9,0.8325,266.5,0.8326,383.0
1753591935907,04:52:15.907,okx,ADA/USDT:USDT,0.8324,191.0,0.8323,359.9,0.8325,266.5,0.8326,281.8
1753591936107,04:52:16.107,okx,ADA/USDT:USDT,0.8324,201.0,0.8323,356.8,0.8325,260.1,0.8326,272.2
1753591936507,04:52:16.507,okx,ADA/USDT:USDT,0.8324,228.6,0.8323,356.8,0.8325,241.9,0.8326,271.8
1753591936707,04:52:16.707,okx,ADA/USDT:USDT,0.8324,227.0,0.8323,356.8,0.8325,241.9,0.8326,281.8
1753591937007,04:52:17.007,okx,ADA/USDT:USDT,0.8324,248.6,0.8323,357.1,0.8325,223.0,0.8326,271.8
1753591937707,04:52:17.707,okx,ADA/USDT:USDT,0.8324,232.8,0.8323,356.8,0.8325,223.1,0.8326,271.8
1753591937907,04:52:17.907,okx,ADA/USDT:USDT,0.8324,231.5,0.8323,356.8,0.8325,245.6,0.8326,271.8
1753591938007,04:52:18.007,okx,ADA/USDT:USDT,0.8324,231.5,0.8323,356.8,0.8325,245.6,0.8326,271.8
1753591939107,04:52:19.107,okx,ADA/USDT:USDT,0.8324,249.3,0.8323,357.1,0.8325,163.6,0.8326,271.8
1753591939307,04:52:19.307,okx,ADA/USDT:USDT,0.8324,249.3,0.8323,357.1,0.8325,140.4,0.8326,271.8
1753591939707,04:52:19.707,okx,ADA/USDT:USDT,0.8324,233.5,0.8323,356.8,0.8325,140.3,0.8326,271.8
1753591940107,04:52:20.107,okx,ADA/USDT:USDT,0.8324,248.0,0.8323,360.2,0.8325,138.6,0.8326,271.8
1753591940207,04:52:20.207,okx,ADA/USDT:USDT,0.8324,247.8,0.8323,360.2,0.8325,138.4,0.8326,270.6
1753591940407,04:52:20.407,okx,ADA/USDT:USDT,0.8324,249.6,0.8323,360.2,0.8325,138.4,0.8326,270.6
1753591940507,04:52:20.507,okx,ADA/USDT:USDT,0.8324,249.6,0.8323,360.2,0.8325,131.5,0.8326,270.6
1753591941107,04:52:21.107,okx,ADA/USDT:USDT,0.8324,379.7,0.8323,372.7,0.8325,127.1,0.8326,139.8
1753591941907,04:52:21.907,okx,ADA/USDT:USDT,0.8324,249.7,0.8323,379.0,0.8325,128.1,0.8326,139.8
1753591942207,04:52:22.207,okx,ADA/USDT:USDT,0.8324,249.7,0.8323,379.0,0.8325,128.1,0.8326,139.8
1753591942407,04:52:22.407,okx,ADA/USDT:USDT,0.8324,249.7,0.8323,379.0,0.8325,128.1,0.8326,139.8
1753591942607,04:52:22.607,okx,ADA/USDT:USDT,0.8324,249.7,0.8323,379.4,0.8325,128.1,0.8326,139.8
1753591943407,04:52:23.407,okx,ADA/USDT:USDT,0.8325,753.5,0.8324,384.9,0.8326,3.9,0.8327,3.5
1753591943507,04:52:23.507,okx,ADA/USDT:USDT,0.8325,753.8,0.8324,384.7,0.8326,3.9,0.8327,3.5
1753591943807,04:52:23.807,okx,ADA/USDT:USDT,0.8325,745.4,0.8324,392.4,0.8326,3.9,0.8327,84.2
1753591944807,04:52:24.807,okx,ADA/USDT:USDT,0.8325,716.3,0.8324,406.1,0.8326,3.8,0.8327,84.2
1753591946007,04:52:26.007,okx,ADA/USDT:USDT,0.8326,269.8,0.8325,442.5,0.8327,169.6,0.8328,396.1
1753591946507,04:52:26.507,okx,ADA/USDT:USDT,0.8324,146.1,0.8323,523.2,0.8325,376.0,0.8326,328.1
1753591946707,04:52:26.707,okx,ADA/USDT:USDT,0.8324,210.0,0.8323,359.8,0.8325,149.2,0.8326,430.2
1753591947407,04:52:27.407,okx,ADA/USDT:USDT,0.8324,200.7,0.8323,367.0,0.8325,171.4,0.8326,477.7
1753591947907,04:52:27.907,okx,ADA/USDT:USDT,0.8324,222.7,0.8323,367.3,0.8325,171.4,0.8326,356.9
1753591948007,04:52:28.007,okx,ADA/USDT:USDT,0.8324,222.8,0.8323,367.3,0.8325,151.4,0.8326,356.9
1753591948107,04:52:28.107,okx,ADA/USDT:USDT,0.8324,222.8,0.8323,367.3,0.8325,151.3,0.8326,356.9
1753591948207,04:52:28.207,okx,ADA/USDT:USDT,0.8324,222.8,0.8323,367.3,0.8325,151.3,0.8326,356.9
1753591948907,04:52:28.907,okx,ADA/USDT:USDT,0.8324,25.2,0.8323,359.3,0.8325,246.3,0.8326,502.7
1753591949007,04:52:29.007,okx,ADA/USDT:USDT,0.8324,25.2,0.8323,326.9,0.8325,260.2,0.8326,502.7
1753591949307,04:52:29.307,okx,ADA/USDT:USDT,0.8324,11.8,0.8323,306.9,0.8325,260.5,0.8326,503.9
1753591949507,04:52:29.507,okx,ADA/USDT:USDT,0.8324,1.0,0.8323,306.9,0.8325,260.2,0.8326,511.1
1753591950107,04:52:30.107,okx,ADA/USDT:USDT,0.8323,7.0,0.8322,180.7,0.8324,655.4,0.8325,728.0
1753591950307,04:52:30.307,okx,ADA/USDT:USDT,0.8323,83.1,0.8322,387.0,0.8324,340.2,0.8325,386.5
1753591950707,04:52:30.707,okx,ADA/USDT:USDT,0.8323,186.7,0.8322,332.7,0.8324,207.5,0.8325,355.0
1753591950907,04:52:30.907,okx,ADA/USDT:USDT,0.8323,186.7,0.8322,332.7,0.8324,207.5,0.8325,366.3
1753591951807,04:52:31.807,okx,ADA/USDT:USDT,0.8323,29.1,0.8322,429.1,0.8324,259.3,0.8325,484.3
1753591952307,04:52:32.307,okx,ADA/USDT:USDT,0.8323,230.8,0.8322,429.6,0.8324,155.6,0.8325,484.3
1753591952907,04:52:32.907,okx,ADA/USDT:USDT,0.8323,29.1,0.8322,422.6,0.8324,247.6,0.8325,481.9
1753591953407,04:52:33.407,okx,ADA/USDT:USDT,0.8323,29.2,0.8322,429.3,0.8324,241.8,0.8325,481.9
1753591953507,04:52:33.507,okx,ADA/USDT:USDT,0.8323,29.2,0.8322,429.3,0.8324,238.7,0.8325,481.8
1753591954007,04:52:34.007,okx,ADA/USDT:USDT,0.8323,109.9,0.8322,429.3,0.8324,178.5,0.8325,456.9
1753591954407,04:52:34.407,okx,ADA/USDT:USDT,0.8323,29.2,0.8322,411.4,0.8324,272.7,0.8325,457.2
1753591954507,04:52:34.507,okx,ADA/USDT:USDT,0.8323,29.2,0.8322,411.4,0.8324,272.7,0.8325,457.2
1753591955707,04:52:35.707,okx,ADA/USDT:USDT,0.8323,112.1,0.8322,429.4,0.8324,236.1,0.8325,429.3
1753591955807,04:52:35.807,okx,ADA/USDT:USDT,0.8323,171.0,0.8322,429.4,0.8324,177.6,0.8325,411.6
1753591956007,04:52:36.007,okx,ADA/USDT:USDT,0.8323,269.5,0.8322,429.4,0.8324,126.5,0.8325,342.4
1753591956507,04:52:36.507,okx,ADA/USDT:USDT,0.8323,269.6,0.8322,430.0,0.8324,106.1,0.8325,342.4
1753591956607,04:52:36.607,okx,ADA/USDT:USDT,0.8323,269.9,0.8322,430.0,0.8324,106.1,0.8325,342.4
1753591956707,04:52:36.707,okx,ADA/USDT:USDT,0.8323,269.6,0.8322,430.0,0.8324,106.1,0.8325,342.4
1753591956807,04:52:36.807,okx,ADA/USDT:USDT,0.8323,269.6,0.8322,430.0,0.8324,106.1,0.8325,342.4
1753591957907,04:52:37.907,okx,ADA/USDT:USDT,0.8323,270.0,0.8322,430.0,0.8324,105.4,0.8325,342.4
1753591958107,04:52:38.107,okx,ADA/USDT:USDT,0.8323,252.4,0.8322,429.6,0.8324,105.4,0.8325,353.4
1753591958507,04:52:38.507,okx,ADA/USDT:USDT,0.8323,132.7,0.8322,429.6,0.8324,197.5,0.8325,353.4
1753591958707,04:52:38.707,okx,ADA/USDT:USDT,0.8323,134.3,0.8322,429.6,0.8324,171.4,0.8325,353.4
1753591958807,04:52:38.807,okx,ADA/USDT:USDT,0.8323,231.9,0.8322,430.3,0.8324,104.9,0.8325,342.5
1753591959307,04:52:39.307,okx,ADA/USDT:USDT,0.8323,231.6,0.8322,442.0,0.8324,106.5,0.8325,342.5
1753591959407,04:52:39.407,okx,ADA/USDT:USDT,0.8323,231.9,0.8322,442.0,0.8324,106.5,0.8325,342.5
1753591959507,04:52:39.507,okx,ADA/USDT:USDT,0.8323,231.9,0.8322,442.0,0.8324,96.8,0.8325,342.5
1753591959707,04:52:39.707,okx,ADA/USDT:USDT,0.8325,77.0,0.8324,673.1,0.8326,457.3,0.8327,1022.7
1753591960907,04:52:40.907,okx,ADA/USDT:USDT,0.8325,208.4,0.8324,520.1,0.8326,248.4,0.8327,717.0
1753591961207,04:52:41.207,okx,ADA/USDT:USDT,0.8325,127.6,0.8324,508.7,0.8326,260.3,0.8327,717.0
1753591961307,04:52:41.307,okx,ADA/USDT:USDT,0.8325,24.2,0.8324,424.1,0.8326,364.5,0.8327,784.3
1753591962007,04:52:42.007,okx,ADA/USDT:USDT,0.8324,256.0,0.8323,403.7,0.8325,136.7,0.8326,408.5
1753591962807,04:52:42.807,okx,ADA/USDT:USDT,0.8324,309.2,0.8323,425.3,0.8325,124.1,0.8326,439.3
1753591963607,04:52:43.607,okx,ADA/USDT:USDT,0.8324,320.2,0.8323,418.6,0.8325,7.7,0.8326,408.1
1753591964207,04:52:44.207,okx,ADA/USDT:USDT,0.8324,242.7,0.8323,429.7,0.8325,88.3,0.8326,425.4
1753591964707,04:52:44.707,okx,ADA/USDT:USDT,0.8324,320.9,0.8323,431.2,0.8325,0.7,0.8326,408.5
1753591964807,04:52:44.807,okx,ADA/USDT:USDT,0.8324,320.9,0.8323,431.2,0.8325,0.7,0.8326,408.5
1753591965007,04:52:45.007,okx,ADA/USDT:USDT,0.8324,321.2,0.8323,431.2,0.8325,0.7,0.8326,408.5
1753591965307,04:52:45.307,okx,ADA/USDT:USDT,0.8325,540.3,0.8324,403.0,0.8326,101.5,0.8327,439.7
1753591965407,04:52:45.407,okx,ADA/USDT:USDT,0.8325,547.2,0.8324,403.3,0.8326,75.5,0.8327,439.7
1753591965607,04:52:45.607,okx,ADA/USDT:USDT,0.8325,548.8,0.8324,406.0,0.8326,82.8,0.8327,439.3
1753591966007,04:52:46.007,okx,ADA/USDT:USDT,0.8325,562.1,0.8324,406.0,0.8326,82.6,0.8327,442.6
1753591966607,04:52:46.607,okx,ADA/USDT:USDT,0.8325,544.3,0.8324,392.4,0.8326,82.6,0.8327,462.8
1753591967707,04:52:47.707,okx,ADA/USDT:USDT,0.8325,552.5,0.8324,405.6,0.8326,82.6,0.8327,442.6
1753591968507,04:52:48.507,okx,ADA/USDT:USDT,0.8325,629.8,0.8324,418.1,0.8326,0.7,0.8327,268.4
1753591969307,04:52:49.307,okx,ADA/USDT:USDT,0.8326,548.0,0.8325,523.1,0.8327,37.9,0.8328,313.7
1753591969907,04:52:49.907,okx,ADA/USDT:USDT,0.8326,488.3,0.8325,523.1,0.8327,118.4,0.8328,313.7
1753591970107,04:52:50.107,okx,ADA/USDT:USDT,0.8326,488.6,0.8325,523.1,0.8327,118.4,0.8328,313.7
1753591970607,04:52:50.607,okx,ADA/USDT:USDT,0.8326,548.3,0.8325,506.2,0.8327,18.2,0.8328,313.7
1753591970707,04:52:50.707,okx,ADA/USDT:USDT,0.8326,548.3,0.8325,506.2,0.8327,18.2,0.8328,313.7
1753591970807,04:52:50.807,okx,ADA/USDT:USDT,0.8326,373.6,0.8325,493.6,0.8327,127.6,0.8328,325.5
1753591971107,04:52:51.107,okx,ADA/USDT:USDT,0.8326,373.6,0.8325,500.8,0.8327,129.0,0.8328,325.5
1753591971707,04:52:51.707,okx,ADA/USDT:USDT,0.8326,380.8,0.8325,493.8,0.8327,129.0,0.8328,313.7
1753591972307,04:52:52.307,okx,ADA/USDT:USDT,0.8326,452.6,0.8325,505.9,0.8327,26.5,0.8328,230.2
1753591973007,04:52:53.007,okx,ADA/USDT:USDT,0.8326,452.9,0.8325,523.3,0.8327,11.8,0.8328,54.2
1753591974407,04:52:54.407,okx,ADA/USDT:USDT,0.8328,283.1,0.8327,379.1,0.8329,179.4,0.833,305.1
1753591974707,04:52:54.707,okx,ADA/USDT:USDT,0.8328,282.7,0.8327,373.6,0.8329,179.4,0.833,304.7
1753591974907,04:52:54.907,okx,ADA/USDT:USDT,0.8328,260.7,0.8327,373.3,0.8329,199.4,0.833,313.3
1753591975207,04:52:55.207,okx,ADA/USDT:USDT,0.8328,282.8,0.8327,373.6,0.8329,201.6,0.833,303.3
1753591976307,04:52:56.307,okx,ADA/USDT:USDT,0.8328,19.5,0.8327,376.1,0.8329,293.4,0.833,359.1
1753591976707,04:52:56.707,okx,ADA/USDT:USDT,0.8328,19.6,0.8327,356.1,0.8329,272.1,0.833,429.8
1753591976907,04:52:56.907,okx,ADA/USDT:USDT,0.8328,19.6,0.8327,356.1,0.8329,272.1,0.833,429.8
1753591977207,04:52:57.207,okx,ADA/USDT:USDT,0.8328,19.6,0.8327,356.1,0.8329,272.1,0.833,429.8
1753591977507,04:52:57.507,okx,ADA/USDT:USDT,0.8328,19.8,0.8327,356.1,0.8329,272.1,0.833,429.8
1753591977707,04:52:57.707,okx,ADA/USDT:USDT,0.8328,19.8,0.8327,356.1,0.8329,284.8,0.833,430.1
1753591977907,04:52:57.907,okx,ADA/USDT:USDT,0.8328,19.8,0.8327,369.2,0.8329,270.4,0.833,429.8
1753591978007,04:52:58.007,okx,ADA/USDT:USDT,0.8328,19.8,0.8327,369.5,0.8329,270.3,0.833,416.1
1753591978107,04:52:58.107,okx,ADA/USDT:USDT,0.8328,150.3,0.8327,397.1,0.8329,215.7,0.833,397.1
1753591978207,04:52:58.207,okx,ADA/USDT:USDT,0.8328,150.3,0.8327,397.1,0.8329,215.7,0.833,387.5
1753591978407,04:52:58.407,okx,ADA/USDT:USDT,0.8328,150.3,0.8327,397.1,0.8329,209.6,0.833,387.5
1753591979407,04:52:59.407,okx,ADA/USDT:USDT,0.8328,159.4,0.8327,241.5,0.8329,135.2,0.833,129.2
1753591979707,04:52:59.707,okx,ADA/USDT:USDT,0.8329,239.6,0.8328,316.7,0.833,212.3,0.8331,438.5
1753591980107,04:53:00.107,okx,ADA/USDT:USDT,0.8329,163.7,0.8328,173.9,0.833,299.4,0.8331,435.6
1753591980607,04:53:00.607,okx,ADA/USDT:USDT,0.833,392.8,0.8329,648.6,0.8331,0.1,0.8332,154.5
1753591981607,04:53:01.607,okx,ADA/USDT:USDT,0.833,394.8,0.8329,670.2,0.8331,0.2,0.8332,191.1
1753591982007,04:53:02.007,okx,ADA/USDT:USDT,0.833,207.0,0.8329,662.9,0.8331,35.2,0.8332,191.1
1753591982107,04:53:02.107,okx,ADA/USDT:USDT,0.833,327.8,0.8329,669.4,0.8331,0.3,0.8332,191.1
1753591982207,04:53:02.207,okx,ADA/USDT:USDT,0.833,329.1,0.8329,669.4,0.8331,0.1,0.8332,191.1
1753591982307,04:53:02.307,okx,ADA/USDT:USDT,0.833,329.1,0.8329,670.6,0.8331,0.1,0.8332,110.0
1753591983507,04:53:03.507,okx,ADA/USDT:USDT,0.833,174.5,0.8329,575.5,0.8331,258.9,0.8332,442.5
1753591983907,04:53:03.907,okx,ADA/USDT:USDT,0.833,84.3,0.8329,586.5,0.8331,261.5,0.8332,391.6
1753591984307,04:53:04.307,okx,ADA/USDT:USDT,0.8329,230.9,0.8328,622.4,0.833,155.5,0.8331,379.3
1753591984607,04:53:04.607,okx,ADA/USDT:USDT,0.8329,204.8,0.8328,638.5,0.833,159.4,0.8331,379.3
1753591984907,04:53:04.907,okx,ADA/USDT:USDT,0.8329,208.2,0.8328,667.9,0.833,139.4,0.8331,350.3
1753591985107,04:53:05.107,okx,ADA/USDT:USDT,0.8329,253.9,0.8328,667.8,0.833,139.4,0.8331,334.2
1753591986107,04:53:06.107,okx,ADA/USDT:USDT,0.8329,80.4,0.8328,558.2,0.833,211.6,0.8331,386.4
1753591986207,04:53:06.207,okx,ADA/USDT:USDT,0.8329,21.0,0.8328,458.0,0.833,350.5,0.8331,430.4
1753591986907,04:53:06.907,okx,ADA/USDT:USDT,0.8327,163.8,0.8326,649.5,0.8328,300.8,0.8329,306.7
1753591987107,04:53:07.107,okx,ADA/USDT:USDT,0.8327,128.9,0.8326,649.5,0.8328,337.9,0.8329,298.1
1753591987607,04:53:07.607,okx,ADA/USDT:USDT,0.8327,173.4,0.8326,625.5,0.8328,207.6,0.8329,417.0
1753591988007,04:53:08.007,okx,ADA/USDT:USDT,0.8327,173.4,0.8326,630.2,0.8328,207.5,0.8329,417.5
1753591988107,04:53:08.107,okx,ADA/USDT:USDT,0.8327,173.4,0.8326,630.2,0.8328,207.5,0.8329,417.5
1753591988507,04:53:08.507,okx,ADA/USDT:USDT,0.8327,173.4,0.8326,674.1,0.8328,228.8,0.8329,417.5
1753591989107,04:53:09.107,okx,ADA/USDT:USDT,0.8327,173.8,0.8326,674.1,0.8328,273.9,0.8329,417.8
1753591989407,04:53:09.407,okx,ADA/USDT:USDT,0.8327,173.8,0.8326,674.1,0.8328,273.9,0.8329,417.5
1753591990107,04:53:10.107,okx,ADA/USDT:USDT,0.8327,191.7,0.8326,714.6,0.8328,224.7,0.8329,416.5
1753591990407,04:53:10.407,okx,ADA/USDT:USDT,0.8327,193.5,0.8326,526.9,0.8328,232.0,0.8329,416.5
1753591990507,04:53:10.507,okx,ADA/USDT:USDT,0.8327,175.8,0.8326,501.8,0.8328,232.0,0.8329,416.5
1753591991307,04:53:11.307,okx,ADA/USDT:USDT,0.8327,175.9,0.8326,529.1,0.8328,265.4,0.8329,416.5
1753591991407,04:53:11.407,okx,ADA/USDT:USDT,0.8327,175.9,0.8326,529.1,0.8328,265.7,0.8329,416.1
1753591991807,04:53:11.807,okx,ADA/USDT:USDT,0.8327,21.4,0.8326,422.8,0.8328,265.7,0.8329,416.4
1753591991907,04:53:11.907,okx,ADA/USDT:USDT,0.8327,14.5,0.8326,402.8,0.8328,327.2,0.8329,416.8
1753591992507,04:53:12.507,okx,ADA/USDT:USDT,0.8326,157.0,0.8325,590.1,0.8327,363.4,0.8328,413.0
1753591992607,04:53:12.607,okx,ADA/USDT:USDT,0.8326,157.4,0.8325,632.5,0.8327,354.4,0.8328,412.7
1753591993107,04:53:13.107,okx,ADA/USDT:USDT,0.8326,243.9,0.8325,583.8,0.8327,154.2,0.8328,502.1
1753591993207,04:53:13.207,okx,ADA/USDT:USDT,0.8326,266.4,0.8325,606.0,0.8327,186.4,0.8328,525.9
1753591993807,04:53:13.807,okx,ADA/USDT:USDT,0.8326,19.0,0.8325,418.4,0.8327,299.9,0.8328,902.3
1753591994307,04:53:14.307,okx,ADA/USDT:USDT,0.8325,186.1,0.8324,977.2,0.8326,276.5,0.8327,551.1
1753591994407,04:53:14.407,okx,ADA/USDT:USDT,0.8325,81.7,0.8324,953.2,0.8326,276.6,0.8327,462.0
1753591994707,04:53:14.707,okx,ADA/USDT:USDT,0.8325,81.7,0.8324,939.9,0.8326,276.6,0.8327,461.7
1753591994807,04:53:14.807,okx,ADA/USDT:USDT,0.8325,76.7,0.8324,939.9,0.8326,276.6,0.8327,550.8
1753591995007,04:53:15.007,okx,ADA/USDT:USDT,0.8325,78.7,0.8324,930.3,0.8326,252.8,0.8327,468.5
1753591995207,04:53:15.207,okx,ADA/USDT:USDT,0.8325,249.5,0.8324,915.2,0.8326,246.1,0.8327,496.2
1753591995907,04:53:15.907,okx,ADA/USDT:USDT,0.8325,157.3,0.8324,915.2,0.8326,282.2,0.8327,600.4
1753591996007,04:53:16.007,okx,ADA/USDT:USDT,0.8325,157.3,0.8324,915.2,0.8326,246.1,0.8327,600.1
1753591996107,04:53:16.107,okx,ADA/USDT:USDT,0.8325,157.6,0.8324,937.7,0.8326,246.1,0.8327,600.1
1753591996407,04:53:16.407,okx,ADA/USDT:USDT,0.8325,177.3,0.8324,830.9,0.8326,142.4,0.8327,496.2
1753591996707,04:53:16.707,okx,ADA/USDT:USDT,0.8325,182.4,0.8324,795.0,0.8326,103.1,0.8327,599.2
1753591997607,04:53:17.607,okx,ADA/USDT:USDT,0.8325,177.4,0.8324,713.3,0.8326,265.8,0.8327,598.2
1753591997807,04:53:17.807,okx,ADA/USDT:USDT,0.8325,157.9,0.8324,713.3,0.8326,265.8,0.8327,598.2
1753591998207,04:53:18.207,okx,ADA/USDT:USDT,0.8325,158.1,0.8324,716.1,0.8326,265.8,0.8327,598.2
1753591998307,04:53:18.307,okx,ADA/USDT:USDT,0.8325,158.1,0.8324,704.0,0.8326,265.8,0.8327,597.9
1753591998407,04:53:18.407,okx,ADA/USDT:USDT,0.8325,77.4,0.8324,704.0,0.8326,265.8,0.8327,598.2
1753591998607,04:53:18.607,okx,ADA/USDT:USDT,0.8325,77.5,0.8324,703.6,0.8326,265.8,0.8327,597.9
1753591998707,04:53:18.707,okx,ADA/USDT:USDT,0.8325,77.5,0.8324,703.6,0.8326,244.1,0.8327,597.9
1753591999407,04:53:19.407,okx,ADA/USDT:USDT,0.8326,163.7,0.8325,726.2,0.8327,201.7,0.8328,500.4
1753591999507,04:53:19.507,okx,ADA/USDT:USDT,0.8326,163.7,0.8325,725.9,0.8327,195.6,0.8328,500.4
1753592000107,04:53:20.107,okx,ADA/USDT:USDT,0.8326,256.5,0.8325,758.5,0.8327,202.8,0.8328,505.1
1753592000407,04:53:20.407,okx,ADA/USDT:USDT,0.8326,256.5,0.8325,758.5,0.8327,202.8,0.8328,505.1
1753592000507,04:53:20.507,okx,ADA/USDT:USDT,0.8326,224.8,0.8325,824.1,0.8327,202.8,0.8328,537.0
1753592001007,04:53:21.007,okx,ADA/USDT:USDT,0.8326,258.6,0.8325,824.1,0.8327,182.8,0.8328,505.1
1753592001107,04:53:21.107,okx,ADA/USDT:USDT,0.8326,224.8,0.8325,823.7,0.8327,182.8,0.8328,505.1
1753592001207,04:53:21.207,okx,ADA/USDT:USDT,0.8326,258.7,0.8325,823.7,0.8327,59.3,0.8328,505.1
1753592001307,04:53:21.307,okx,ADA/USDT:USDT,0.8326,258.4,0.8325,823.7,0.8327,59.3,0.8328,505.1
1753592002007,04:53:22.007,okx,ADA/USDT:USDT,0.8327,403.1,0.8326,775.8,0.8328,221.6,0.8329,564.0
1753592002307,04:53:22.307,okx,ADA/USDT:USDT,0.8327,435.4,0.8326,758.4,0.8328,201.4,0.8329,533.4
1753592002707,04:53:22.707,okx,ADA/USDT:USDT,0.8327,390.2,0.8326,774.4,0.8328,198.7,0.8329,559.4
1753592002907,04:53:22.907,okx,ADA/USDT:USDT,0.8327,326.5,0.8326,774.4,0.8328,209.3,0.8329,559.8
1753592003107,04:53:23.107,okx,ADA/USDT:USDT,0.8327,326.5,0.8326,774.4,0.8328,202.4,0.8329,559.8
1753592003507,04:53:23.507,okx,ADA/USDT:USDT,0.8327,515.1,0.8326,756.4,0.8328,74.3,0.8329,199.5
1753592003707,04:53:23.707,okx,ADA/USDT:USDT,0.8327,572.2,0.8326,784.1,0.8328,12.9,0.8329,135.5
1753592004107,04:53:24.107,okx,ADA/USDT:USDT,0.8327,182.0,0.8326,773.1,0.8328,151.4,0.8329,292.8
1753592004307,04:53:24.307,okx,ADA/USDT:USDT,0.8327,180.6,0.8326,806.5,0.8328,171.6,0.8329,411.5
1753592004507,04:53:24.507,okx,ADA/USDT:USDT,0.8327,180.6,0.8326,806.5,0.8328,171.5,0.8329,378.1
1753592004807,04:53:24.807,okx,ADA/USDT:USDT,0.8327,411.3,0.8326,828.4,0.8328,12.8,0.8329,158.4
1753592005107,04:53:25.107,okx,ADA/USDT:USDT,0.8327,436.6,0.8326,826.2,0.8328,10.6,0.8329,159.0
1753592005207,04:53:25.207,okx,ADA/USDT:USDT,0.8327,436.8,0.8326,826.2,0.8328,10.9,0.8329,159.0
1753592005407,04:53:25.407,okx,ADA/USDT:USDT,0.8327,436.8,0.8326,826.2,0.8328,11.1,0.8329,159.0
1753592005607,04:53:25.607,okx,ADA/USDT:USDT,0.8327,436.8,0.8326,826.2,0.8328,11.1,0.8329,159.0
1753592006107,04:53:26.107,okx,ADA/USDT:USDT,0.8327,417.8,0.8326,826.2,0.8328,11.2,0.8329,78.3
1753592006207,04:53:26.207,okx,ADA/USDT:USDT,0.8327,417.8,0.8326,826.2,0.8328,11.2,0.8329,78.3
1753592006407,04:53:26.407,okx,ADA/USDT:USDT,0.8327,401.7,0.8326,826.2,0.8328,11.2,0.8329,78.3
1753592008107,04:53:28.107,okx,ADA/USDT:USDT,0.8327,320.4,0.8326,826.2,0.8328,10.9,0.8329,159.0
1753592008507,04:53:28.507,okx,ADA/USDT:USDT,0.8327,315.1,0.8326,826.2,0.8328,91.4,0.8329,159.0
1753592008607,04:53:28.607,okx,ADA/USDT:USDT,0.8327,315.3,0.8326,826.2,0.8328,91.4,0.8329,159.0
1753592008807,04:53:28.807,okx,ADA/USDT:USDT,0.8327,213.0,0.8326,826.2,0.8328,98.3,0.8329,187.1
1753592008907,04:53:28.907,okx,ADA/USDT:USDT,0.8327,195.3,0.8326,783.0,0.8328,142.8,0.8329,232.8
1753592009007,04:53:29.007,okx,ADA/USDT:USDT,0.8327,162.6,0.8326,679.7,0.8328,228.1,0.8329,248.5
1753592010007,04:53:30.007,okx,ADA/USDT:USDT,0.8327,101.3,0.8326,756.3,0.8328,254.5,0.8329,330.0
1753592010107,04:53:30.107,okx,ADA/USDT:USDT,0.8327,121.7,0.8326,776.3,0.8328,194.4,0.8329,322.6
1753592010307,04:53:30.307,okx,ADA/USDT:USDT,0.8327,146.9,0.8326,796.1,0.8328,162.8,0.8329,322.6
1753592010707,04:53:30.707,okx,ADA/USDT:USDT,0.8327,192.4,0.8326,795.9,0.8328,163.5,0.8329,322.6
1753592010807,04:53:30.807,okx,ADA/USDT:USDT,0.8327,176.0,0.8326,795.9,0.8328,182.5,0.8329,322.6
1753592011607,04:53:31.607,okx,ADA/USDT:USDT,0.8327,274.5,0.8326,795.5,0.8328,128.8,0.8329,207.1
1753592011707,04:53:31.707,okx,ADA/USDT:USDT,0.8327,251.4,0.8326,795.2,0.8328,161.7,0.8329,250.8
1753592011907,04:53:31.907,okx,ADA/USDT:USDT,0.8327,235.3,0.8326,795.2,0.8328,169.6,0.8329,366.3
1753592012607,04:53:32.607,okx,ADA/USDT:USDT,0.8327,341.2,0.8326,814.7,0.8328,11.0,0.8329,159.0
1753592012807,04:53:32.807,okx,ADA/USDT:USDT,0.8327,341.2,0.8326,814.7,0.8328,11.0,0.8329,159.0
1753592012907,04:53:32.907,okx,ADA/USDT:USDT,0.8327,340.9,0.8326,814.7,0.8328,11.0,0.8329,159.0
1753592013107,04:53:33.107,okx,ADA/USDT:USDT,0.8327,386.2,0.8326,815.1,0.8328,11.0,0.8329,159.0
1753592013607,04:53:33.607,okx,ADA/USDT:USDT,0.8327,342.4,0.8326,824.2,0.8328,16.0,0.8329,159.0
1753592013707,04:53:33.707,okx,ADA/USDT:USDT,0.8327,342.4,0.8326,824.2,0.8328,16.0,0.8329,159.0
1753592014007,04:53:34.007,okx,ADA/USDT:USDT,0.8327,314.7,0.8326,824.2,0.8328,15.8,0.8329,159.0
1753592014107,04:53:34.107,okx,ADA/USDT:USDT,0.8327,341.9,0.8326,824.2,0.8328,16.1,0.8329,159.0
1753592014607,04:53:34.607,okx,ADA/USDT:USDT,0.8327,342.1,0.8326,824.6,0.8328,16.1,0.8329,159.0
1753592014707,04:53:34.707,okx,ADA/USDT:USDT,0.8327,371.3,0.8326,824.6,0.8328,14.9,0.8329,158.7
1753592014807,04:53:34.807,okx,ADA/USDT:USDT,0.8327,377.4,0.8326,824.6,0.8328,14.9,0.8329,158.7
1753592014907,04:53:34.907,okx,ADA/USDT:USDT,0.8327,422.4,0.8326,824.6,0.8328,14.9,0.8329,158.7
1753592015407,04:53:35.407,okx,ADA/USDT:USDT,0.8327,380.7,0.8326,825.8,0.8328,15.8,0.8329,158.7
1753592015807,04:53:35.807,okx,ADA/USDT:USDT,0.8327,380.7,0.8326,830.2,0.8328,15.8,0.8329,158.7
1753592016307,04:53:36.307,okx,ADA/USDT:USDT,0.8327,380.9,0.8326,823.6,0.8328,15.8,0.8329,158.7
1753592016607,04:53:36.607,okx,ADA/USDT:USDT,0.8327,369.3,0.8326,823.6,0.8328,15.8,0.8329,158.7
1753592016707,04:53:36.707,okx,ADA/USDT:USDT,0.8327,368.4,0.8326,823.6,0.8328,15.8,0.8329,158.7
1753592017207,04:53:37.207,okx,ADA/USDT:USDT,0.8327,326.5,0.8326,822.4,0.8328,21.6,0.8329,158.7
1753592017307,04:53:37.307,okx,ADA/USDT:USDT,0.8327,326.5,0.8326,822.4,0.8328,23.9,0.8329,158.7
1753592018207,04:53:38.207,okx,ADA/USDT:USDT,0.8327,264.5,0.8326,787.5,0.8328,111.8,0.8329,274.5
1753592018407,04:53:38.407,okx,ADA/USDT:USDT,0.8327,264.7,0.8326,803.8,0.8328,111.8,0.8329,219.5
1753592018607,04:53:38.607,okx,ADA/USDT:USDT,0.8327,264.7,0.8326,803.8,0.8328,104.9,0.8329,194.0
1753592018707,04:53:38.707,okx,ADA/USDT:USDT,0.8327,365.8,0.8326,803.8,0.8328,104.9,0.8329,178.7
1753592019007,04:53:39.007,okx,ADA/USDT:USDT,0.8327,365.8,0.8326,803.8,0.8328,24.2,0.8329,158.7
1753592019207,04:53:39.207,okx,ADA/USDT:USDT,0.8327,365.5,0.8326,803.8,0.8328,24.5,0.8329,158.7
1753592019307,04:53:39.307,okx,ADA/USDT:USDT,0.8327,367.0,0.8326,813.3,0.8328,21.6,0.8329,158.7
1753592019407,04:53:39.407,okx,ADA/USDT:USDT,0.8327,366.7,0.8326,813.3,0.8328,32.4,0.8329,158.7
1753592019707,04:53:39.707,okx,ADA/USDT:USDT,0.8327,367.3,0.8326,813.3,0.8328,32.4,0.8329,158.7
1753592020007,04:53:40.007,okx,ADA/USDT:USDT,0.8327,378.0,0.8326,813.3,0.8328,29.0,0.8329,158.7
1753592020207,04:53:40.207,okx,ADA/USDT:USDT,0.8327,379.4,0.8326,813.3,0.8328,28.9,0.8329,158.7
1753592020307,04:53:40.307,okx,ADA/USDT:USDT,0.8327,379.2,0.8326,813.3,0.8328,28.9,0.8329,158.7
1753592021007,04:53:41.007,okx,ADA/USDT:USDT,0.8329,25.4,0.8328,645.4,0.833,280.8,0.8331,523.0
1753592021407,04:53:41.407,okx,ADA/USDT:USDT,0.8328,238.9,0.8327,802.9,0.8329,204.2,0.833,521.9
1753592022007,04:53:42.007,okx,ADA/USDT:USDT,0.8329,86.5,0.8328,428.6,0.833,278.5,0.8331,450.4
1753592022407,04:53:42.407,okx,ADA/USDT:USDT,0.8329,65.9,0.8328,428.6,0.833,255.7,0.8331,510.8
1753592022507,04:53:42.507,okx,ADA/USDT:USDT,0.8329,65.9,0.8328,428.6,0.833,315.5,0.8331,530.8
1753592022807,04:53:42.807,okx,ADA/USDT:USDT,0.8329,65.9,0.8328,428.6,0.833,315.3,0.8331,530.8
1753592023307,04:53:43.307,okx,ADA/USDT:USDT,0.8329,189.9,0.8328,463.8,0.833,170.5,0.8331,531.7
1753592023807,04:53:43.807,okx,ADA/USDT:USDT,0.8329,170.1,0.8328,463.5,0.833,169.3,0.8331,566.4
1753592023907,04:53:43.907,okx,ADA/USDT:USDT,0.8329,170.2,0.8328,463.5,0.833,169.3,0.8331,566.4
1753592024007,04:53:44.007,okx,ADA/USDT:USDT,0.8329,170.1,0.8328,463.5,0.833,169.2,0.8331,564.0
1753592024307,04:53:44.307,okx,ADA/USDT:USDT,0.8329,170.4,0.8328,428.8,0.833,169.2,0.8331,569.5
1753592024407,04:53:44.407,okx,ADA/USDT:USDT,0.8329,174.3,0.8328,463.0,0.833,149.7,0.8331,529.3
1753592024607,04:53:44.607,okx,ADA/USDT:USDT,0.8329,274.9,0.8328,463.0,0.833,149.5,0.8331,529.3
1753592024707,04:53:44.707,okx,ADA/USDT:USDT,0.8329,274.9,0.8328,463.0,0.833,149.5,0.8331,529.3
1753592024807,04:53:44.807,okx,ADA/USDT:USDT,0.8329,197.2,0.8328,463.0,0.833,149.5,0.8331,529.3
1753592024907,04:53:44.907,okx,ADA/USDT:USDT,0.8329,269.5,0.8328,463.0,0.833,149.3,0.8331,529.3
1753592025007,04:53:45.007,okx,ADA/USDT:USDT,0.8329,269.5,0.8328,463.0,0.833,147.1,0.8331,529.3
1753592025107,04:53:45.107,okx,ADA/USDT:USDT,0.8329,267.1,0.8328,463.0,0.833,145.2,0.8331,529.3
1753592025507,04:53:45.507,okx,ADA/USDT:USDT,0.8329,200.7,0.8328,463.0,0.833,145.0,0.8331,529.3
1753592025907,04:53:45.907,okx,ADA/USDT:USDT,0.8329,168.4,0.8328,460.7,0.833,145.0,0.8331,548.5
1753592026007,04:53:46.007,okx,ADA/USDT:USDT,0.8329,168.4,0.8328,460.7,0.833,163.7,0.8331,548.5
1753592026107,04:53:46.107,okx,ADA/USDT:USDT,0.8329,168.6,0.8328,460.7,0.833,163.7,0.8331,560.0
1753592026207,04:53:46.207,okx,ADA/USDT:USDT,0.8329,168.6,0.8328,460.7,0.833,163.7,0.8331,560.0
1753592026307,04:53:46.307,okx,ADA/USDT:USDT,0.8329,168.6,0.8328,460.7,0.833,163.7,0.8331,560.0
1753592026407,04:53:46.407,okx,ADA/USDT:USDT,0.8329,168.6,0.8328,460.7,0.833,167.2,0.8331,560.0
1753592026507,04:53:46.507,okx,ADA/USDT:USDT,0.8329,225.3,0.8328,468.2,0.833,64.8,0.8331,529.3
1753592026807,04:53:46.807,okx,ADA/USDT:USDT,0.8329,199.4,0.8328,467.9,0.833,80.3,0.8331,529.3
1753592026907,04:53:46.907,okx,ADA/USDT:USDT,0.8329,201.0,0.8328,467.9,0.833,80.3,0.8331,529.3
1753592027407,04:53:47.407,okx,ADA/USDT:USDT,0.8329,224.9,0.8328,468.6,0.833,6.4,0.8331,313.5
1753592028007,04:53:48.007,okx,ADA/USDT:USDT,0.8329,319.6,0.8328,480.3,0.833,6.4,0.8331,338.6
1753592029507,04:53:49.507,okx,ADA/USDT:USDT,0.8331,178.4,0.833,961.3,0.8332,247.9,0.8333,529.7
1753592029907,04:53:49.907,okx,ADA/USDT:USDT,0.8331,178.4,0.833,961.3,0.8332,247.9,0.8333,540.5
1753592030707,04:53:50.707,okx,ADA/USDT:USDT,0.8331,178.7,0.833,933.6,0.8332,262.1,0.8333,529.6
1753592030907,04:53:50.907,okx,ADA/USDT:USDT,0.8331,178.7,0.833,950.0,0.8332,261.4,0.8333,529.6
1753592031007,04:53:51.007,okx,ADA/USDT:USDT,0.8331,178.7,0.833,950.0,0.8332,261.4,0.8333,529.6
1753592031107,04:53:51.107,okx,ADA/USDT:USDT,0.8331,178.7,0.833,950.0,0.8332,261.4,0.8333,529.6
1753592032207,04:53:52.207,okx,ADA/USDT:USDT,0.8331,229.5,0.833,977.7,0.8332,83.6,0.8333,497.3
1753592032307,04:53:52.307,okx,ADA/USDT:USDT,0.8331,213.4,0.833,977.7,0.8332,103.8,0.8333,497.3
1753592032607,04:53:52.607,okx,ADA/USDT:USDT,0.8331,203.9,0.833,987.3,0.8332,88.5,0.8333,507.6
1753592032807,04:53:52.807,okx,ADA/USDT:USDT,0.8331,199.7,0.833,814.4,0.8332,308.5,0.8333,678.0
1753592033407,04:53:53.407,okx,ADA/USDT:USDT,0.8331,110.8,0.833,839.7,0.8332,366.7,0.8333,719.5
1753592033507,04:53:53.507,okx,ADA/USDT:USDT,0.8331,110.8,0.833,839.7,0.8332,366.7,0.8333,719.5
1753592033607,04:53:53.607,okx,ADA/USDT:USDT,0.8331,110.8,0.833,818.2,0.8332,388.2,0.8333,719.5
1753592034507,04:53:54.507,okx,ADA/USDT:USDT,0.833,200.4,0.8329,846.4,0.8331,372.5,0.8332,658.8
1753592034707,04:53:54.707,okx,ADA/USDT:USDT,0.833,200.4,0.8329,846.3,0.8331,369.5,0.8332,658.9
1753592035007,04:53:55.007,okx,ADA/USDT:USDT,0.833,225.1,0.8329,845.6,0.8331,150.5,0.8332,623.4
1753592035107,04:53:55.107,okx,ADA/USDT:USDT,0.833,221.1,0.8329,873.4,0.8331,132.8,0.8332,623.4
1753592035407,04:53:55.407,okx,ADA/USDT:USDT,0.833,300.9,0.8329,873.4,0.8331,10.3,0.8332,622.2
1753592036407,04:53:56.407,okx,ADA/USDT:USDT,0.833,269.4,0.8329,815.3,0.8331,12.8,0.8332,640.9
1753592036707,04:53:56.707,okx,ADA/USDT:USDT,0.833,238.7,0.8329,814.8,0.8331,93.6,0.8332,633.2
1753592037207,04:53:57.207,okx,ADA/USDT:USDT,0.833,226.9,0.8329,827.2,0.8331,92.8,0.8332,592.5
1753592038007,04:53:58.007,okx,ADA/USDT:USDT,0.8331,183.9,0.833,608.2,0.8332,270.0,0.8333,712.0
1753592038107,04:53:58.107,okx,ADA/USDT:USDT,0.8331,184.0,0.833,737.1,0.8332,252.5,0.8333,711.7
1753592038507,04:53:58.507,okx,ADA/USDT:USDT,0.8331,184.4,0.833,736.9,0.8332,252.5,0.8333,712.9
1753592038807,04:53:58.807,okx,ADA/USDT:USDT,0.8331,203.1,0.833,757.0,0.8332,252.1,0.8333,695.4
1753592039207,04:53:59.207,okx,ADA/USDT:USDT,0.8331,201.2,0.833,757.0,0.8332,252.1,0.8333,712.2
1753592039307,04:53:59.307,okx,ADA/USDT:USDT,0.8331,184.4,0.833,757.0,0.8332,252.1,0.8333,712.2
1753592039407,04:53:59.407,okx,ADA/USDT:USDT,0.8331,184.4,0.833,757.0,0.8332,252.1,0.8333,712.2
1753592040107,04:54:00.107,okx,ADA/USDT:USDT,0.8331,164.3,0.833,739.2,0.8332,268.9,0.8333,712.2
1753592040307,04:54:00.307,okx,ADA/USDT:USDT,0.8331,164.6,0.833,739.7,0.8332,252.1,0.8333,712.2
1753592040807,04:54:00.807,okx,ADA/USDT:USDT,0.8331,205.2,0.833,801.3,0.8332,252.1,0.8333,695.4
1753592041007,04:54:01.007,okx,ADA/USDT:USDT,0.8331,188.1,0.833,801.3,0.8332,252.2,0.8333,695.4
1753592041107,04:54:01.107,okx,ADA/USDT:USDT,0.8331,215.4,0.833,801.3,0.8332,252.3,0.8333,695.4
1753592041307,04:54:01.307,okx,ADA/USDT:USDT,0.8331,205.4,0.833,801.3,0.8332,252.3,0.8333,695.4
1753592041507,04:54:01.507,okx,ADA/USDT:USDT,0.8331,205.1,0.833,801.3,0.8332,252.3,0.8333,695.4
1753592041607,04:54:01.607,okx,ADA/USDT:USDT,0.8331,188.3,0.833,801.3,0.8332,252.3,0.8333,712.2
1753592042107,04:54:02.107,okx,ADA/USDT:USDT,0.8331,259.2,0.833,801.3,0.8332,246.2,0.8333,695.4
1753592042307,04:54:02.307,okx,ADA/USDT:USDT,0.8331,248.8,0.833,801.3,0.8332,246.1,0.8333,695.4
1753592042407,04:54:02.407,okx,ADA/USDT:USDT,0.8331,228.8,0.833,801.3,0.8332,246.1,0.8333,695.4
1753592043207,04:54:03.207,okx,ADA/USDT:USDT,0.8331,190.2,0.833,795.9,0.8332,269.9,0.8333,695.4
1753592043607,04:54:03.607,okx,ADA/USDT:USDT,0.8331,190.2,0.833,795.9,0.8332,269.9,0.8333,695.4
1753592043807,04:54:03.807,okx,ADA/USDT:USDT,0.8331,190.2,0.833,795.9,0.8332,245.4,0.8333,695.4
1753592043907,04:54:03.907,okx,ADA/USDT:USDT,0.8331,190.2,0.833,795.9,0.8332,260.7,0.8333,695.4
1753592044607,04:54:04.607,okx,ADA/USDT:USDT,0.8331,229.6,0.833,795.5,0.8332,182.4,0.8333,640.9
1753592044707,04:54:04.707,okx,ADA/USDT:USDT,0.8331,229.6,0.833,795.5,0.8332,182.4,0.8333,640.9
1753592045007,04:54:05.007,okx,ADA/USDT:USDT,0.8331,231.4,0.833,795.8,0.8332,101.2,0.8333,666.2
1753592045507,04:54:05.507,okx,ADA/USDT:USDT,0.8331,247.7,0.833,810.3,0.8332,86.0,0.8333,666.2
1753592045607,04:54:05.607,okx,ADA/USDT:USDT,0.8331,233.6,0.833,810.3,0.8332,72.0,0.8333,665.8
1753592046207,04:54:06.207,okx,ADA/USDT:USDT,0.8331,256.4,0.833,810.3,0.8332,86.2,0.8333,639.7
1753592046407,04:54:06.407,okx,ADA/USDT:USDT,0.8331,233.9,0.833,810.0,0.8332,102.8,0.8333,653.8
1753592046607,04:54:06.607,okx,ADA/USDT:USDT,0.8331,212.0,0.833,795.9,0.8332,226.7,0.8333,654.1
1753592047307,04:54:07.307,okx,ADA/USDT:USDT,0.8331,236.1,0.833,796.2,0.8332,170.8,0.8333,450.2
1753592047807,04:54:07.807,okx,ADA/USDT:USDT,0.8331,213.6,0.833,810.0,0.8332,190.8,0.8333,621.6
1753592048107,04:54:08.107,okx,ADA/USDT:USDT,0.8331,236.4,0.833,796.2,0.8332,79.1,0.8333,493.7
1753592048507,04:54:08.507,okx,ADA/USDT:USDT,0.8331,317.1,0.833,810.0,0.8332,79.1,0.8333,621.6
1753592048607,04:54:08.607,okx,ADA/USDT:USDT,0.8331,355.7,0.833,822.4,0.8332,50.4,0.8333,621.6
1753592049307,04:54:09.307,okx,ADA/USDT:USDT,0.8331,260.5,0.833,822.8,0.8332,53.0,0.8333,621.6
1753592049907,04:54:09.907,okx,ADA/USDT:USDT,0.8331,330.2,0.833,822.5,0.8332,47.7,0.8333,621.6
1753592050107,04:54:10.107,okx,ADA/USDT:USDT,0.8331,329.6,0.833,832.4,0.8332,17.3,0.8333,395.0
1753592050407,04:54:10.407,okx,ADA/USDT:USDT,0.8331,369.6,0.833,895.1,0.8332,6.4,0.8333,120.7
1753592050507,04:54:10.507,okx,ADA/USDT:USDT,0.8332,941.9,0.8331,771.3,0.8333,22.9,0.8334,417.5
1753592051207,04:54:11.207,okx,ADA/USDT:USDT,0.8332,678.4,0.8331,758.6,0.8333,160.5,0.8334,718.6
1753592052007,04:54:12.007,okx,ADA/USDT:USDT,0.8332,607.2,0.8331,743.4,0.8333,140.9,0.8334,661.7
1753592052507,04:54:12.507,okx,ADA/USDT:USDT,0.8332,607.2,0.8331,809.3,0.8333,127.7,0.8334,661.7
1753592052607,04:54:12.607,okx,ADA/USDT:USDT,0.8332,607.2,0.8331,809.3,0.8333,127.7,0.8334,661.7
1753592052707,04:54:12.707,okx,ADA/USDT:USDT,0.8332,667.2,0.8331,809.3,0.8333,25.2,0.8334,661.7
1753592052907,04:54:12.907,okx,ADA/USDT:USDT,0.8332,667.2,0.8331,821.4,0.8333,25.2,0.8334,661.7
1753592053007,04:54:13.007,okx,ADA/USDT:USDT,0.8332,667.2,0.8331,821.4,0.8333,2.9,0.8334,533.8
1753592054007,04:54:14.007,okx,ADA/USDT:USDT,0.8332,672.0,0.8331,887.4,0.8333,14.8,0.8334,533.8
1753592054507,04:54:14.507,okx,ADA/USDT:USDT,0.8332,590.9,0.8331,880.8,0.8333,124.2,0.8334,713.2
1753592054807,04:54:14.807,okx,ADA/USDT:USDT,0.8332,670.9,0.8331,887.0,0.8333,13.1,0.8334,533.8
1753592055007,04:54:15.007,okx,ADA/USDT:USDT,0.8332,673.2,0.8331,887.4,0.8333,13.1,0.8334,661.7
1753592055407,04:54:15.407,okx,ADA/USDT:USDT,0.8332,661.9,0.8331,887.2,0.8333,19.0,0.8334,596.2
1753592055807,04:54:15.807,okx,ADA/USDT:USDT,0.8332,593.0,0.8331,886.7,0.8333,40.9,0.8334,705.1
1753592056207,04:54:16.207,okx,ADA/USDT:USDT,0.8332,359.6,0.8331,908.9,0.8333,175.3,0.8334,746.0
1753592057007,04:54:17.007,okx,ADA/USDT:USDT,0.8332,381.6,0.8331,878.8,0.8333,62.5,0.8334,725.1
1753592057107,04:54:17.107,okx,ADA/USDT:USDT,0.8332,381.6,0.8331,878.8,0.8333,62.5,0.8334,705.1
1753592057407,04:54:17.407,okx,ADA/USDT:USDT,0.8332,297.6,0.8331,898.6,0.8333,62.5,0.8334,705.1
1753592057507,04:54:17.507,okx,ADA/USDT:USDT,0.8332,318.2,0.8331,898.6,0.8333,55.6,0.8334,705.1
1753592057707,04:54:17.707,okx,ADA/USDT:USDT,0.8332,318.6,0.8331,898.6,0.8333,62.5,0.8334,705.1
1753592057807,04:54:17.807,okx,ADA/USDT:USDT,0.8332,318.6,0.8331,898.6,0.8333,62.5,0.8334,705.1
1753592058207,04:54:18.207,okx,ADA/USDT:USDT,0.8332,318.5,0.8331,904.3,0.8333,57.4,0.8334,725.1
1753592059307,04:54:19.307,okx,ADA/USDT:USDT,0.8332,298.4,0.8331,898.3,0.8333,198.8,0.8334,725.6
1753592059507,04:54:19.507,okx,ADA/USDT:USDT,0.8332,296.8,0.8331,886.1,0.8333,198.8,0.8334,725.6
1753592059607,04:54:19.607,okx,ADA/USDT:USDT,0.8332,298.4,0.8331,886.1,0.8333,179.9,0.8334,725.6
1753592059907,04:54:19.907,okx,ADA/USDT:USDT,0.8332,304.9,0.8331,879.1,0.8333,202.7,0.8334,717.9
1753592060207,04:54:20.207,okx,ADA/USDT:USDT,0.8332,319.5,0.8331,884.4,0.8333,158.0,0.8334,705.1
1753592060407,04:54:20.407,okx,ADA/USDT:USDT,0.8332,319.5,0.8331,884.4,0.8333,158.0,0.8334,705.1
1753592060607,04:54:20.607,okx,ADA/USDT:USDT,0.8332,319.5,0.8331,884.0,0.8333,158.0,0.8334,705.1
1753592060807,04:54:20.807,okx,ADA/USDT:USDT,0.8332,306.7,0.8331,884.0,0.8333,55.5,0.8334,705.1
1753592062007,04:54:22.007,okx,ADA/USDT:USDT,0.8333,932.6,0.8332,883.2,0.8334,345.2,0.8335,487.4
1753592062507,04:54:22.507,okx,ADA/USDT:USDT,0.8333,173.2,0.8332,765.8,0.8334,491.6,0.8335,729.3
1753592062707,04:54:22.707,okx,ADA/USDT:USDT,0.8333,22.2,0.8332,355.0,0.8334,589.6,0.8335,767.6
1753592062807,04:54:22.807,okx,ADA/USDT:USDT,0.8332,173.8,0.8331,562.0,0.8333,257.2,0.8334,830.1
1753592062907,04:54:22.907,okx,ADA/USDT:USDT,0.8332,174.0,0.8331,629.8,0.8333,257.3,0.8334,830.5
1753592063107,04:54:23.107,okx,ADA/USDT:USDT,0.8333,181.6,0.8332,849.0,0.8334,452.9,0.8335,451.3
1753592063307,04:54:23.307,okx,ADA/USDT:USDT,0.8333,31.9,0.8332,570.9,0.8334,550.1,0.8335,758.4
1753592063407,04:54:23.407,okx,ADA/USDT:USDT,0.8333,26.8,0.8332,561.2,0.8334,539.0,0.8335,758.4
1753592063607,04:54:23.607,okx,ADA/USDT:USDT,0.8333,33.7,0.8332,764.7,0.8334,557.6,0.8335,758.4
1753592064007,04:54:24.007,okx,ADA/USDT:USDT,0.8333,142.5,0.8332,776.1,0.8334,486.2,0.8335,733.3
1753592064307,04:54:24.307,okx,ADA/USDT:USDT,0.8333,142.7,0.8332,775.5,0.8334,492.3,0.8335,730.3
1753592064607,04:54:24.607,okx,ADA/USDT:USDT,0.8333,136.1,0.8332,768.8,0.8334,552.0,0.8335,750.7
1753592064907,04:54:24.907,okx,ADA/USDT:USDT,0.8333,153.4,0.8332,775.0,0.8334,551.7,0.8335,741.2
1753592065007,04:54:25.007,okx,ADA/USDT:USDT,0.8333,155.5,0.8332,773.3,0.8334,489.7,0.8335,732.2
1753592065107,04:54:25.107,okx,ADA/USDT:USDT,0.8333,243.6,0.8332,773.3,0.8334,489.7,0.8335,732.2
1753592065207,04:54:25.207,okx,ADA/USDT:USDT,0.8333,263.6,0.8332,773.3,0.8334,489.7,0.8335,734.6
1753592065707,04:54:25.707,okx,ADA/USDT:USDT,0.8333,182.2,0.8332,772.5,0.8334,489.5,0.8335,749.2
1753592065907,04:54:25.907,okx,ADA/USDT:USDT,0.8333,154.7,0.8332,673.9,0.8334,549.5,0.8335,745.0
1753592066407,04:54:26.407,okx,ADA/USDT:USDT,0.8333,184.1,0.8332,754.0,0.8334,489.1,0.8335,732.7
1753592066607,04:54:26.607,okx,ADA/USDT:USDT,0.8333,207.3,0.8332,754.0,0.8334,489.1,0.8335,734.2
1753592066907,04:54:26.907,okx,ADA/USDT:USDT,0.8333,207.2,0.8332,803.6,0.8334,489.1,0.8335,734.2
1753592067307,04:54:27.307,okx,ADA/USDT:USDT,0.8333,207.7,0.8332,809.5,0.8334,489.1,0.8335,731.8
1753592067507,04:54:27.507,okx,ADA/USDT:USDT,0.8333,188.3,0.8332,808.9,0.8334,489.1,0.8335,749.6
1753592067607,04:54:27.607,okx,ADA/USDT:USDT,0.8333,188.8,0.8332,808.9,0.8334,489.1,0.8335,749.6
1753592067707,04:54:27.707,okx,ADA/USDT:USDT,0.8333,206.0,0.8332,809.2,0.8334,488.8,0.8335,734.2
1753592068007,04:54:28.007,okx,ADA/USDT:USDT,0.8333,189.2,0.8332,801.1,0.8334,503.8,0.8335,747.1
1753592068107,04:54:28.107,okx,ADA/USDT:USDT,0.8333,132.2,0.8332,801.1,0.8334,488.8,0.8335,747.1
1753592068307,04:54:28.307,okx,ADA/USDT:USDT,0.8333,109.8,0.8332,806.7,0.8334,493.9,0.8335,753.7
1753592069907,04:54:29.907,okx,ADA/USDT:USDT,0.8333,118.3,0.8332,806.0,0.8334,487.8,0.8335,738.8
1753592070407,04:54:30.407,okx,ADA/USDT:USDT,0.8333,106.9,0.8332,855.8,0.8334,485.6,0.8335,774.3
1753592070607,04:54:30.607,okx,ADA/USDT:USDT,0.8333,143.2,0.8332,856.1,0.8334,485.6,0.8335,760.2
1753592070907,04:54:30.907,okx,ADA/USDT:USDT,0.8333,163.8,0.8332,856.1,0.8334,483.4,0.8335,758.7
1753592071507,04:54:31.507,okx,ADA/USDT:USDT,0.8333,149.8,0.8332,855.5,0.8334,483.3,0.8335,769.0
1753592071707,04:54:31.707,okx,ADA/USDT:USDT,0.8333,48.8,0.8332,841.4,0.8334,549.8,0.8335,774.6
1753592071807,04:54:31.807,okx,ADA/USDT:USDT,0.8333,148.3,0.8332,835.4,0.8334,483.0,0.8335,774.3
1753592071907,04:54:31.907,okx,ADA/USDT:USDT,0.8333,162.2,0.8332,855.7,0.8334,483.0,0.8335,760.2
1753592072107,04:54:32.107,okx,ADA/USDT:USDT,0.8333,129.6,0.8332,855.0,0.8334,483.0,0.8335,768.9
1753592073207,04:54:33.207,okx,ADA/USDT:USDT,0.8333,210.3,0.8332,849.7,0.8334,482.8,0.8335,768.7
1753592073807,04:54:33.807,okx,ADA/USDT:USDT,0.8333,226.4,0.8332,850.0,0.8334,482.4,0.8335,758.9
1753592073907,04:54:33.907,okx,ADA/USDT:USDT,0.8333,225.8,0.8332,850.0,0.8334,482.4,0.8335,758.9
1753592074007,04:54:34.007,okx,ADA/USDT:USDT,0.8333,225.8,0.8332,850.1,0.8334,482.4,0.8335,758.5
1753592074107,04:54:34.107,okx,ADA/USDT:USDT,0.8333,225.8,0.8332,850.1,0.8334,482.4,0.8335,758.5
1753592074207,04:54:34.207,okx,ADA/USDT:USDT,0.8333,210.3,0.8332,849.8,0.8334,482.1,0.8335,724.2
1753592074607,04:54:34.607,okx,ADA/USDT:USDT,0.8333,91.2,0.8332,821.1,0.8334,609.4,0.8335,724.5
1753592074707,04:54:34.707,okx,ADA/USDT:USDT,0.8333,91.4,0.8332,829.7,0.8334,547.0,0.8335,724.5
1753592075107,04:54:35.107,okx,ADA/USDT:USDT,0.8333,288.3,0.8332,850.0,0.8334,482.1,0.8335,716.0
1753592075307,04:54:35.307,okx,ADA/USDT:USDT,0.8333,286.6,0.8332,850.0,0.8334,479.8,0.8335,715.6
1753592075407,04:54:35.407,okx,ADA/USDT:USDT,0.8334,494.0,0.8333,738.6,0.8335,45.9,0.8336,461.4
1753592075607,04:54:35.607,okx,ADA/USDT:USDT,0.8334,349.5,0.8333,879.5,0.8335,129.0,0.8336,604.6
1753592076907,04:54:36.907,okx,ADA/USDT:USDT,0.8332,211.2,0.8331,734.3,0.8333,616.6,0.8334,679.5
1753592077007,04:54:37.007,okx,ADA/USDT:USDT,0.8332,211.2,0.8331,734.3,0.8333,616.6,0.8334,679.5
1753592077307,04:54:37.307,okx,ADA/USDT:USDT,0.8332,166.7,0.8331,496.4,0.8333,697.1,0.8334,915.0
1753592077707,04:54:37.707,okx,ADA/USDT:USDT,0.8332,160.2,0.8331,496.4,0.8333,715.4,0.8334,918.1
1753592077907,04:54:37.907,okx,ADA/USDT:USDT,0.8332,171.6,0.8331,820.7,0.8333,671.7,0.8334,591.0
1753592078007,04:54:38.007,okx,ADA/USDT:USDT,0.8332,171.6,0.8331,820.7,0.8333,689.9,0.8334,591.0
1753592078107,04:54:38.107,okx,ADA/USDT:USDT,0.8332,171.6,0.8331,820.7,0.8333,689.9,0.8334,591.3
1753592078407,04:54:38.407,okx,ADA/USDT:USDT,0.8332,171.7,0.8331,820.7,0.8333,597.3,0.8334,591.1
1753592078607,04:54:38.607,okx,ADA/USDT:USDT,0.8332,167.2,0.8331,820.7,0.8333,597.3,0.8334,591.4
1753592078807,04:54:38.807,okx,ADA/USDT:USDT,0.8331,129.2,0.833,563.0,0.8332,711.1,0.8333,666.9
1753592079807,04:54:39.807,okx,ADA/USDT:USDT,0.8331,160.0,0.833,887.3,0.8332,634.0,0.8333,697.1
1753592079907,04:54:39.907,okx,ADA/USDT:USDT,0.8331,160.4,0.833,887.3,0.8332,634.0,0.8333,697.1
1753592080907,04:54:40.907,okx,ADA/USDT:USDT,0.833,136.4,0.8329,796.6,0.8331,621.5,0.8332,1099.6
1753592081007,04:54:41.007,okx,ADA/USDT:USDT,0.833,136.4,0.8329,796.6,0.8331,641.6,0.8332,779.6
1753592081107,04:54:41.107,okx,ADA/USDT:USDT,0.833,158.2,0.8329,796.6,0.8331,609.4,0.8332,779.6
1753592081207,04:54:41.207,okx,ADA/USDT:USDT,0.833,158.2,0.8329,796.6,0.8331,609.4,0.8332,779.6
1753592082207,04:54:42.207,okx,ADA/USDT:USDT,0.833,78.1,0.8329,672.4,0.8331,610.1,0.8332,1067.2
1753592082707,04:54:42.707,okx,ADA/USDT:USDT,0.8328,408.6,0.8327,1090.0,0.8329,462.4,0.833,833.1
1753592082907,04:54:42.907,okx,ADA/USDT:USDT,0.8328,427.7,0.8327,1090.0,0.8329,387.0,0.833,832.1
1753592083207,04:54:43.207,okx,ADA/USDT:USDT,0.8328,427.8,0.8327,1090.0,0.8329,377.0,0.833,832.1
1753592083507,04:54:43.507,okx,ADA/USDT:USDT,0.8328,489.8,0.8327,1171.5,0.8329,153.7,0.833,799.8
1753592083707,04:54:43.707,okx,ADA/USDT:USDT,0.8328,490.2,0.8327,1171.6,0.8329,152.9,0.833,812.0
1753592083807,04:54:43.807,okx,ADA/USDT:USDT,0.8328,490.2,0.8327,1171.9,0.8329,152.9,0.833,812.0
1753592084507,04:54:44.507,okx,ADA/USDT:USDT,0.8328,428.5,0.8327,1151.0,0.8329,151.4,0.833,832.2
1753592084607,04:54:44.607,okx,ADA/USDT:USDT,0.8328,428.5,0.8327,1151.0,0.8329,151.4,0.833,832.2
1753592084707,04:54:44.707,okx,ADA/USDT:USDT,0.8328,488.5,0.8327,1171.9,0.8329,168.0,0.833,799.9
1753592084807,04:54:44.807,okx,ADA/USDT:USDT,0.8328,488.5,0.8327,1171.6,0.8329,148.6,0.833,812.0
1753592085107,04:54:45.107,okx,ADA/USDT:USDT,0.8328,428.5,0.8327,1011.4,0.8329,206.3,0.833,832.2
1753592085807,04:54:45.807,okx,ADA/USDT:USDT,0.8328,322.3,0.8327,923.1,0.8329,190.2,0.833,832.2
1753592085907,04:54:45.907,okx,ADA/USDT:USDT,0.8328,322.4,0.8327,923.1,0.8329,213.3,0.833,832.2
1753592086807,04:54:46.807,okx,ADA/USDT:USDT,0.8328,188.4,0.8327,814.6,0.8329,58.3,0.833,811.8
1753592087007,04:54:47.007,okx,ADA/USDT:USDT,0.8328,281.3,0.8327,817.0,0.8329,1.6,0.833,460.3
1753592087107,04:54:47.107,okx,ADA/USDT:USDT,0.8328,376.3,0.8327,816.6,0.8329,19.1,0.833,460.3
1753592087607,04:54:47.607,okx,ADA/USDT:USDT,0.8329,760.2,0.8328,475.4,0.833,102.7,0.8331,703.0
1753592088107,04:54:48.107,okx,ADA/USDT:USDT,0.8329,679.9,0.8328,473.9,0.833,183.4,0.8331,800.6
1753592089907,04:54:49.907,okx,ADA/USDT:USDT,0.8329,476.7,0.8328,464.5,0.833,46.4,0.8331,752.0
1753592090107,04:54:50.107,okx,ADA/USDT:USDT,0.8329,476.7,0.8328,464.1,0.833,29.6,0.8331,752.0
1753592090507,04:54:50.507,okx,ADA/USDT:USDT,0.8329,476.7,0.8328,464.1,0.833,25.8,0.8331,752.0
1753592090707,04:54:50.707,okx,ADA/USDT:USDT,0.8329,483.7,0.8328,451.7,0.833,4.1,0.8331,279.8
1753592091307,04:54:51.307,okx,ADA/USDT:USDT,0.8329,483.7,0.8328,453.7,0.833,2.0,0.8331,323.0
1753592091407,04:54:51.407,okx,ADA/USDT:USDT,0.8329,495.8,0.8328,458.4,0.833,2.0,0.8331,323.0
1753592092007,04:54:52.007,okx,ADA/USDT:USDT,0.8329,496.1,0.8328,518.9,0.833,2.0,0.8331,156.3
1753592092107,04:54:52.107,okx,ADA/USDT:USDT,0.8329,496.4,0.8328,518.9,0.833,2.0,0.8331,156.3
1753592092207,04:54:52.207,okx,ADA/USDT:USDT,0.8332,338.6,0.8331,1148.0,0.8333,89.8,0.8334,426.4
1753592092407,04:54:52.407,okx,ADA/USDT:USDT,0.8332,257.4,0.8331,1229.4,0.8333,172.1,0.8334,562.1
1753592092507,04:54:52.507,okx,ADA/USDT:USDT,0.8332,257.5,0.8331,1109.1,0.8333,135.6,0.8334,531.5
1753592093107,04:54:53.107,okx,ADA/USDT:USDT,0.8331,428.9,0.833,1026.7,0.8332,178.5,0.8333,443.7
1753592093207,04:54:53.207,okx,ADA/USDT:USDT,0.8331,430.5,0.833,1026.7,0.8332,152.5,0.8333,334.3
1753592093607,04:54:53.607,okx,ADA/USDT:USDT,0.8331,355.7,0.833,1008.3,0.8332,145.2,0.8333,519.1
1753592093707,04:54:53.707,okx,ADA/USDT:USDT,0.8331,355.7,0.833,1008.3,0.8332,145.2,0.8333,519.1
1753592093807,04:54:53.807,okx,ADA/USDT:USDT,0.8331,355.7,0.833,1008.3,0.8332,144.8,0.8333,519.1
1753592094007,04:54:54.007,okx,ADA/USDT:USDT,0.8331,265.6,0.833,1007.1,0.8332,149.9,0.8333,536.7
1753592094307,04:54:54.307,okx,ADA/USDT:USDT,0.8331,265.0,0.833,1008.3,0.8332,149.6,0.8333,519.2
1753592094707,04:54:54.707,okx,ADA/USDT:USDT,0.8331,337.1,0.833,1008.3,0.8332,24.2,0.8333,281.8
1753592094807,04:54:54.807,okx,ADA/USDT:USDT,0.8331,343.9,0.833,1008.7,0.8332,0.3,0.8333,72.0
1753592095007,04:54:55.007,okx,ADA/USDT:USDT,0.8332,728.2,0.8331,839.1,0.8333,96.8,0.8334,540.4
1753592095507,04:54:55.507,okx,ADA/USDT:USDT,0.8332,790.6,0.8331,833.0,0.8333,71.8,0.8334,540.4
1753592097007,04:54:57.007,okx,ADA/USDT:USDT,0.8332,621.7,0.8331,894.8,0.8333,25.5,0.8334,306.2
1753592097207,04:54:57.207,okx,ADA/USDT:USDT,0.8332,648.8,0.8331,894.8,0.8333,25.5,0.8334,371.4
1753592097507,04:54:57.507,okx,ADA/USDT:USDT,0.8332,648.7,0.8331,894.8,0.8333,18.6,0.8334,393.3
1753592097607,04:54:57.607,okx,ADA/USDT:USDT,0.8332,648.7,0.8331,894.8,0.8333,18.6,0.8334,393.3
1753592098107,04:54:58.107,okx,ADA/USDT:USDT,0.8333,809.3,0.8332,876.5,0.8334,20.9,0.8335,330.0
1753592098207,04:54:58.207,okx,ADA/USDT:USDT,0.8333,716.9,0.8332,876.0,0.8334,104.9,0.8335,427.5
1753592098607,04:54:58.607,okx,ADA/USDT:USDT,0.8333,801.9,0.8332,875.4,0.8334,31.3,0.8335,282.6
1753592099207,04:54:59.207,okx,ADA/USDT:USDT,0.8333,544.4,0.8332,829.1,0.8334,165.3,0.8335,553.6
1753592099507,04:54:59.507,okx,ADA/USDT:USDT,0.8333,533.7,0.8332,855.5,0.8334,8.2,0.8335,200.9
1753592099607,04:54:59.607,okx,ADA/USDT:USDT,0.8333,533.7,0.8332,855.9,0.8334,8.2,0.8335,200.9
1753592100607,04:55:00.607,okx,ADA/USDT:USDT,0.8333,341.7,0.8332,866.8,0.8334,7.5,0.8335,207.0
1753592101207,04:55:01.207,okx,ADA/USDT:USDT,0.8333,342.4,0.8332,866.8,0.8334,7.7,0.8335,207.5
1753592101807,04:55:01.807,okx,ADA/USDT:USDT,0.8333,348.4,0.8332,866.8,0.8334,6.6,0.8335,346.5
1753592101907,04:55:01.907,okx,ADA/USDT:USDT,0.8333,348.4,0.8332,870.1,0.8334,6.6,0.8335,346.5
1753592102107,04:55:02.107,okx,ADA/USDT:USDT,0.8333,350.2,0.8332,870.1,0.8334,6.6,0.8335,346.5
1753592102207,04:55:02.207,okx,ADA/USDT:USDT,0.8333,350.2,0.8332,870.1,0.8334,6.6,0.8335,346.5
1753592102407,04:55:02.407,okx,ADA/USDT:USDT,0.8333,349.4,0.8332,873.8,0.8334,6.4,0.8335,201.4
1753592102707,04:55:02.707,okx,ADA/USDT:USDT,0.8333,259.9,0.8332,874.2,0.8334,22.6,0.8335,340.4
1753592102907,04:55:02.907,okx,ADA/USDT:USDT,0.8333,258.4,0.8332,873.8,0.8334,125.4,0.8335,383.6
1753592104507,04:55:04.507,okx,ADA/USDT:USDT,0.8333,299.6,0.8332,864.8,0.8334,8.8,0.8335,201.4
1753592104807,04:55:04.807,okx,ADA/USDT:USDT,0.8333,312.7,0.8332,864.8,0.8334,8.8,0.8335,194.6
1753592105107,04:55:05.107,okx,ADA/USDT:USDT,0.8333,313.2,0.8332,867.0,0.8334,8.8,0.8335,153.0
1753592106007,04:55:06.007,okx,ADA/USDT:USDT,0.8333,422.1,0.8332,877.2,0.8334,8.9,0.8335,120.7
1753592106107,04:55:06.107,okx,ADA/USDT:USDT,0.8334,865.8,0.8333,812.9,0.8335,17.1,0.8336,264.5
1753592106307,04:55:06.307,okx,ADA/USDT:USDT,0.8335,414.4,0.8334,980.7,0.8336,232.7,0.8337,586.9
1753592107207,04:55:07.207,okx,ADA/USDT:USDT,0.8335,335.8,0.8334,873.2,0.8336,29.7,0.8337,268.5
1753592107307,04:55:07.307,okx,ADA/USDT:USDT,0.8335,336.1,0.8334,873.6,0.8336,22.8,0.8337,265.5
1753592107507,04:55:07.507,okx,ADA/USDT:USDT,0.8335,336.1,0.8334,873.6,0.8336,0.9,0.8337,237.4
1753592108107,04:55:08.107,okx,ADA/USDT:USDT,0.8335,430.7,0.8334,872.8,0.8336,1.0,0.8337,237.4
1753592108807,04:55:08.807,okx,ADA/USDT:USDT,0.8336,645.5,0.8335,668.0,0.8337,23.0,0.8338,708.2
1753592109107,04:55:09.107,okx,ADA/USDT:USDT,0.8336,654.5,0.8335,674.1,0.8337,1.2,0.8338,80.5
1753592109607,04:55:09.607,okx,ADA/USDT:USDT,0.8336,662.4,0.8335,743.5,0.8337,1.2,0.8338,80.5
1753592110307,04:55:10.307,okx,ADA/USDT:USDT,0.8338,442.7,0.8337,941.1,0.8339,274.6,0.834,469.1
1753592110407,04:55:10.407,okx,ADA/USDT:USDT,0.8338,377.4,0.8337,880.0,0.8339,271.5,0.834,476.7
1753592110807,04:55:10.807,okx,ADA/USDT:USDT,0.8338,167.4,0.8337,872.0,0.8339,250.0,0.834,519.4
1753592110907,04:55:10.907,okx,ADA/USDT:USDT,0.8338,216.6,0.8337,884.4,0.8339,243.7,0.834,498.6
1753592111007,04:55:11.007,okx,ADA/USDT:USDT,0.8338,204.9,0.8337,860.1,0.8339,255.6,0.834,517.6
1753592111107,04:55:11.107,okx,ADA/USDT:USDT,0.8338,193.4,0.8337,854.6,0.8339,261.7,0.834,517.6
1753592111207,04:55:11.207,okx,ADA/USDT:USDT,0.8338,174.3,0.8337,854.6,0.8339,270.4,0.834,517.9
1753592111507,04:55:11.507,okx,ADA/USDT:USDT,0.8338,39.7,0.8337,534.1,0.8339,320.0,0.834,517.6
1753592111807,04:55:11.807,okx,ADA/USDT:USDT,0.8338,25.9,0.8337,546.3,0.8339,312.8,0.834,838.5
1753592112107,04:55:12.107,okx,ADA/USDT:USDT,0.8338,11.4,0.8337,546.3,0.8339,345.1,0.834,818.1
1753592112207,04:55:12.207,okx,ADA/USDT:USDT,0.8338,18.3,0.8337,753.9,0.8339,345.1,0.834,819.2
1753592112307,04:55:12.307,okx,ADA/USDT:USDT,0.8338,4.3,0.8337,771.7,0.8339,353.8,0.834,822.5
1753592112607,04:55:12.607,okx,ADA/USDT:USDT,0.8338,11.6,0.8337,771.7,0.8339,335.8,0.834,823.3
1753592112907,04:55:12.907,okx,ADA/USDT:USDT,0.8337,28.9,0.8336,513.1,0.8338,415.5,0.8339,517.7
1753592113007,04:55:13.007,okx,ADA/USDT:USDT,0.8337,28.9,0.8336,479.2,0.8338,437.4,0.8339,517.7
1753592113207,04:55:13.207,okx,ADA/USDT:USDT,0.8337,29.3,0.8336,790.6,0.8338,430.8,0.8339,420.7
1753592113407,04:55:13.407,okx,ADA/USDT:USDT,0.8337,124.3,0.8336,795.2,0.8338,370.7,0.8339,420.4
1753592113507,04:55:13.507,okx,ADA/USDT:USDT,0.8337,114.5,0.8336,795.2,0.8338,370.7,0.8339,420.4
1753592113607,04:55:13.607,okx,ADA/USDT:USDT,0.8337,114.5,0.8336,794.9,0.8338,370.7,0.8339,430.8
1753592114107,04:55:14.107,okx,ADA/USDT:USDT,0.8337,115.1,0.8336,794.9,0.8338,300.7,0.8339,424.0
1753592114807,04:55:14.807,okx,ADA/USDT:USDT,0.8337,35.5,0.8336,788.5,0.8338,377.4,0.8339,424.3
1753592114907,04:55:14.907,okx,ADA/USDT:USDT,0.8337,35.5,0.8336,794.8,0.8338,360.7,0.8339,424.3
1753592115107,04:55:15.107,okx,ADA/USDT:USDT,0.8337,118.5,0.8336,795.1,0.8338,300.7,0.8339,408.7
1753592115207,04:55:15.207,okx,ADA/USDT:USDT,0.8337,118.5,0.8336,795.1,0.8338,300.6,0.8339,418.9
1753592115507,04:55:15.507,okx,ADA/USDT:USDT,0.8337,118.8,0.8336,788.5,0.8338,306.9,0.8339,419.4
1753592115607,04:55:15.607,okx,ADA/USDT:USDT,0.8337,10.0,0.8336,746.6,0.8338,377.4,0.8339,419.7
1753592115807,04:55:15.807,okx,ADA/USDT:USDT,0.8337,22.1,0.8336,746.6,0.8338,370.6,0.8339,419.0
1753592115907,04:55:15.907,okx,ADA/USDT:USDT,0.8337,22.1,0.8336,752.9,0.8338,370.6,0.8339,409.0
1753592116107,04:55:16.107,okx,ADA/USDT:USDT,0.8337,22.1,0.8336,752.9,0.8338,370.6,0.8339,408.6
1753592116507,04:55:16.507,okx,ADA/USDT:USDT,0.8337,125.5,0.8336,753.2,0.8338,238.9,0.8339,419.7
1753592117107,04:55:17.107,okx,ADA/USDT:USDT,0.8337,217.4,0.8336,754.7,0.8338,259.3,0.8339,305.3
1753592117407,04:55:17.407,okx,ADA/USDT:USDT,0.8337,235.2,0.8336,748.0,0.8338,259.3,0.8339,294.2
1753592117507,04:55:17.507,okx,ADA/USDT:USDT,0.8337,217.4,0.8336,748.0,0.8338,259.3,0.8339,305.3
1753592117907,04:55:17.907,okx,ADA/USDT:USDT,0.8337,126.2,0.8336,747.7,0.8338,259.3,0.8339,305.7
1753592118307,04:55:18.307,okx,ADA/USDT:USDT,0.8337,144.7,0.8336,748.0,0.8338,259.3,0.8339,294.2
1753592118607,04:55:18.607,okx,ADA/USDT:USDT,0.8337,144.8,0.8336,748.0,0.8338,259.3,0.8339,294.2
1753592118707,04:55:18.707,okx,ADA/USDT:USDT,0.8337,144.8,0.8336,748.0,0.8338,259.3,0.8339,294.2
1753592118807,04:55:18.807,okx,ADA/USDT:USDT,0.8337,127.0,0.8336,748.0,0.8338,259.3,0.8339,305.3
1753592118907,04:55:18.907,okx,ADA/USDT:USDT,0.8337,104.3,0.8336,747.7,0.8338,277.1,0.8339,305.6
1753592119007,04:55:19.007,okx,ADA/USDT:USDT,0.8337,104.3,0.8336,747.3,0.8338,266.0,0.8339,305.3
1753592119107,04:55:19.107,okx,ADA/USDT:USDT,0.8337,104.3,0.8336,747.3,0.8338,277.1,0.8339,305.3
1753592119207,04:55:19.207,okx,ADA/USDT:USDT,0.8337,104.3,0.8336,747.6,0.8338,259.3,0.8339,305.3
1753592119507,04:55:19.507,okx,ADA/USDT:USDT,0.8337,155.4,0.8336,768.0,0.8338,259.7,0.8339,305.3
1753592119607,04:55:19.607,okx,ADA/USDT:USDT,0.8337,145.0,0.8336,768.0,0.8338,259.7,0.8339,305.7
1753592120107,04:55:20.107,okx,ADA/USDT:USDT,0.8337,161.8,0.8336,747.6,0.8338,257.7,0.8339,294.6
1753592120307,04:55:20.307,okx,ADA/USDT:USDT,0.8337,163.0,0.8336,747.6,0.8338,264.4,0.8339,285.1
1753592120407,04:55:20.407,okx,ADA/USDT:USDT,0.8337,125.3,0.8336,747.6,0.8338,264.4,0.8339,296.0
1753592120607,04:55:20.607,okx,ADA/USDT:USDT,0.8337,142.7,0.8336,747.6,0.8338,264.4,0.8339,285.5
1753592121007,04:55:21.007,okx,ADA/USDT:USDT,0.8337,102.5,0.8336,736.2,0.8338,281.2,0.8339,285.4
1753592121307,04:55:21.307,okx,ADA/USDT:USDT,0.8337,38.0,0.8336,754.7,0.8338,330.1,0.8339,351.5
1753592122007,04:55:22.007,okx,ADA/USDT:USDT,0.8337,119.3,0.8336,741.9,0.8338,247.1,0.8339,365.0
1753592122207,04:55:22.207,okx,ADA/USDT:USDT,0.8337,120.0,0.8336,741.9,0.8338,249.2,0.8339,364.6
1753592122807,04:55:22.807,okx,ADA/USDT:USDT,0.8336,0.3,0.8335,391.4,0.8337,402.7,0.8338,507.1
1753592122907,04:55:22.907,okx,ADA/USDT:USDT,0.8336,0.3,0.8335,29.4,0.8337,402.7,0.8338,649.3
1753592123707,04:55:23.707,okx,ADA/USDT:USDT,0.8336,0.8,0.8335,320.5,0.8337,357.1,0.8338,458.8
1753592124307,04:55:24.307,okx,ADA/USDT:USDT,0.8336,418.7,0.8335,680.4,0.8337,136.7,0.8338,257.3
1753592125807,04:55:25.807,okx,ADA/USDT:USDT,0.8336,422.3,0.8335,710.8,0.8337,33.0,0.8338,215.5
1753592126307,04:55:26.307,okx,ADA/USDT:USDT,0.8336,351.0,0.8335,702.5,0.8337,121.5,0.8338,262.3
1753592126407,04:55:26.407,okx,ADA/USDT:USDT,0.8336,351.0,0.8335,702.5,0.8337,121.5,0.8338,273.2
1753592126507,04:55:26.507,okx,ADA/USDT:USDT,0.8336,421.9,0.8335,709.0,0.8337,22.8,0.8338,262.3
1753592126607,04:55:26.607,okx,ADA/USDT:USDT,0.8336,428.7,0.8335,711.2,0.8337,22.8,0.8338,262.3
1753592126807,04:55:26.807,okx,ADA/USDT:USDT,0.8336,429.1,0.8335,711.2,0.8337,22.8,0.8338,262.3
1753592127007,04:55:27.007,okx,ADA/USDT:USDT,0.8336,411.1,0.8335,711.2,0.8337,23.0,0.8338,262.3
1753592127807,04:55:27.807,okx,ADA/USDT:USDT,0.8336,351.5,0.8335,717.6,0.8337,154.1,0.8338,455.5
1753592128107,04:55:28.107,okx,ADA/USDT:USDT,0.8336,144.3,0.8335,706.0,0.8337,183.0,0.8338,465.7
1753592128307,04:55:28.307,okx,ADA/USDT:USDT,0.8336,144.4,0.8335,713.2,0.8337,183.0,0.8338,455.5
1753592128507,04:55:28.507,okx,ADA/USDT:USDT,0.8336,144.4,0.8335,702.7,0.8337,193.5,0.8338,455.8
1753592129007,04:55:29.007,okx,ADA/USDT:USDT,0.8336,180.4,0.8335,719.9,0.8337,186.9,0.8338,445.3
1753592129207,04:55:29.207,okx,ADA/USDT:USDT,0.8336,180.4,0.8335,703.1,0.8337,193.2,0.8338,445.3
1753592129407,04:55:29.407,okx,ADA/USDT:USDT,0.8336,180.4,0.8335,713.6,0.8337,193.2,0.8338,445.3
1753592129507,04:55:29.507,okx,ADA/USDT:USDT,0.8336,181.1,0.8335,703.1,0.8337,193.4,0.8338,445.3
1753592129807,04:55:29.807,okx,ADA/USDT:USDT,0.8336,145.1,0.8335,683.2,0.8337,203.9,0.8338,445.6
1753592129907,04:55:29.907,okx,ADA/USDT:USDT,0.8336,145.8,0.8335,687.6,0.8337,193.4,0.8338,445.6
1753592130007,04:55:30.007,okx,ADA/USDT:USDT,0.8336,146.0,0.8335,693.5,0.8337,193.2,0.8338,445.3
1753592130807,04:55:30.807,okx,ADA/USDT:USDT,0.8336,147.9,0.8335,687.6,0.8337,215.7,0.8338,431.0
1753592131107,04:55:31.107,okx,ADA/USDT:USDT,0.8336,147.9,0.8335,687.2,0.8337,208.9,0.8338,424.7
1753592131207,04:55:31.207,okx,ADA/USDT:USDT,0.8336,241.3,0.8335,687.5,0.8337,208.9,0.8338,424.7
1753592131407,04:55:31.407,okx,ADA/USDT:USDT,0.8336,259.5,0.8335,687.5,0.8337,56.3,0.8338,274.1
1753592131507,04:55:31.507,okx,ADA/USDT:USDT,0.8336,260.1,0.8335,687.9,0.8337,72.9,0.8338,338.9
1753592131707,04:55:31.707,okx,ADA/USDT:USDT,0.8336,260.1,0.8335,687.5,0.8337,72.9,0.8338,371.1
1753592132007,04:55:32.007,okx,ADA/USDT:USDT,0.8336,260.8,0.8335,687.9,0.8337,72.9,0.8338,414.0
1753592132207,04:55:32.207,okx,ADA/USDT:USDT,0.8336,260.8,0.8335,687.9,0.8337,72.9,0.8338,414.0
1753592132307,04:55:32.307,okx,ADA/USDT:USDT,0.8336,261.2,0.8335,687.5,0.8337,72.0,0.8338,371.1
1753592132607,04:55:32.607,okx,ADA/USDT:USDT,0.8336,254.8,0.8335,687.5,0.8337,72.9,0.8338,371.1
1753592132707,04:55:32.707,okx,ADA/USDT:USDT,0.8336,244.4,0.8335,687.2,0.8337,153.6,0.8338,424.4
1753592132907,04:55:32.907,okx,ADA/USDT:USDT,0.8336,255.2,0.8335,687.5,0.8337,153.6,0.8338,414.0
1753592133107,04:55:33.107,okx,ADA/USDT:USDT,0.8336,261.0,0.8335,687.9,0.8337,152.6,0.8338,414.0
1753592133207,04:55:33.207,okx,ADA/USDT:USDT,0.8336,261.0,0.8335,687.9,0.8337,71.9,0.8338,414.0
1753592133507,04:55:33.507,okx,ADA/USDT:USDT,0.8336,261.0,0.8335,687.9,0.8337,80.9,0.8338,414.0
1753592133707,04:55:33.707,okx,ADA/USDT:USDT,0.8336,244.9,0.8335,687.9,0.8337,87.8,0.8338,414.0
1753592133907,04:55:33.907,okx,ADA/USDT:USDT,0.8336,243.9,0.8335,687.6,0.8337,188.3,0.8338,424.4
1753592134807,04:55:34.807,okx,ADA/USDT:USDT,0.8336,243.3,0.8335,693.1,0.8337,187.6,0.8338,424.0
1753592135107,04:55:35.107,okx,ADA/USDT:USDT,0.8336,263.1,0.8335,693.0,0.8337,190.3,0.8338,415.2
1753592135207,04:55:35.207,okx,ADA/USDT:USDT,0.8336,261.5,0.8335,693.0,0.8337,188.5,0.8338,415.2
1753592135607,04:55:35.607,okx,ADA/USDT:USDT,0.8336,260.2,0.8335,693.0,0.8337,188.6,0.8338,415.2
1753592135707,04:55:35.707,okx,ADA/USDT:USDT,0.8336,243.5,0.8335,693.4,0.8337,208.6,0.8338,415.2
1753592136307,04:55:36.307,okx,ADA/USDT:USDT,0.8336,107.3,0.8335,645.8,0.8337,207.3,0.8338,415.2
1753592137507,04:55:37.507,okx,ADA/USDT:USDT,0.8336,110.2,0.8335,635.6,0.8337,215.4,0.8338,415.2
1753592137907,04:55:37.907,okx,ADA/USDT:USDT,0.8336,101.9,0.8335,636.0,0.8337,214.8,0.8338,415.2
1753592138007,04:55:38.007,okx,ADA/USDT:USDT,0.8336,102.3,0.8335,635.6,0.8337,224.1,0.8338,415.2
1753592138307,04:55:38.307,okx,ADA/USDT:USDT,0.8336,20.8,0.8335,635.5,0.8337,274.8,0.8338,424.6
1753592138507,04:55:38.507,okx,ADA/USDT:USDT,0.8336,20.8,0.8335,635.5,0.8337,283.3,0.8338,424.6
1753592139307,04:55:39.307,okx,ADA/USDT:USDT,0.8336,111.1,0.8335,645.4,0.8337,202.7,0.8338,415.2
1753592139407,04:55:39.407,okx,ADA/USDT:USDT,0.8336,111.1,0.8335,645.4,0.8337,202.6,0.8338,415.2
1753592140107,04:55:40.107,okx,ADA/USDT:USDT,0.8336,37.9,0.8335,644.6,0.8337,275.1,0.8338,424.2
1753592140807,04:55:40.807,okx,ADA/USDT:USDT,0.8336,143.0,0.8335,664.5,0.8337,201.2,0.8338,415.2
1753592141007,04:55:41.007,okx,ADA/USDT:USDT,0.8336,148.2,0.8335,684.5,0.8337,201.2,0.8338,415.2
1753592141207,04:55:41.207,okx,ADA/USDT:USDT,0.8336,464.0,0.8335,684.5,0.8337,61.4,0.8338,255.3
1753592141707,04:55:41.707,okx,ADA/USDT:USDT,0.8336,464.6,0.8335,684.9,0.8337,61.6,0.8338,141.4
1753592142007,04:55:42.007,okx,ADA/USDT:USDT,0.8336,465.0,0.8335,684.5,0.8337,61.6,0.8338,141.4
1753592143507,04:55:43.507,okx,ADA/USDT:USDT,0.8337,371.4,0.8336,849.0,0.8338,159.5,0.8339,295.4
1753592143607,04:55:43.607,okx,ADA/USDT:USDT,0.8337,371.4,0.8336,849.0,0.8338,159.5,0.8339,295.4
1753592143907,04:55:43.907,okx,ADA/USDT:USDT,0.8337,373.6,0.8336,849.0,0.8338,166.7,0.8339,295.4
1753592144407,04:55:44.407,okx,ADA/USDT:USDT,0.8337,433.9,0.8336,848.4,0.8338,24.2,0.8339,229.1
1753592144607,04:55:44.607,okx,ADA/USDT:USDT,0.8337,357.7,0.8336,848.1,0.8338,126.7,0.8339,238.8
1753592144707,04:55:44.707,okx,ADA/USDT:USDT,0.8337,357.7,0.8336,866.6,0.8338,126.7,0.8339,238.8
1753592144807,04:55:44.807,okx,ADA/USDT:USDT,0.8337,367.4,0.8336,866.9,0.8338,126.5,0.8339,229.1
1753592145307,04:55:45.307,okx,ADA/USDT:USDT,0.8337,372.6,0.8336,858.7,0.8338,124.3,0.8339,229.1
1753592145907,04:55:45.907,okx,ADA/USDT:USDT,0.8337,373.2,0.8336,858.1,0.8338,48.1,0.8339,229.1
1753592146207,04:55:46.207,okx,ADA/USDT:USDT,0.8337,434.2,0.8336,857.4,0.8338,40.5,0.8339,229.1
1753592146407,04:55:46.407,okx,ADA/USDT:USDT,0.8337,529.2,0.8336,871.6,0.8338,34.3,0.8339,150.3
1753592146907,04:55:46.907,okx,ADA/USDT:USDT,0.8337,440.3,0.8336,871.2,0.8338,34.3,0.8339,150.3
1753592147407,04:55:47.407,okx,ADA/USDT:USDT,0.8337,440.2,0.8336,856.7,0.8338,28.2,0.8339,193.6
1753592147607,04:55:47.607,okx,ADA/USDT:USDT,0.8337,440.9,0.8336,856.7,0.8338,28.2,0.8339,193.6
1753592147707,04:55:47.707,okx,ADA/USDT:USDT,0.8337,426.3,0.8336,856.0,0.8338,28.2,0.8339,193.6
1753592147807,04:55:47.807,okx,ADA/USDT:USDT,0.8337,441.5,0.8336,856.0,0.8338,28.2,0.8339,193.6
1753592147907,04:55:47.907,okx,ADA/USDT:USDT,0.8337,441.5,0.8336,856.0,0.8338,27.5,0.8339,193.6
1753592148007,04:55:48.007,okx,ADA/USDT:USDT,0.8337,441.8,0.8336,855.4,0.8338,27.5,0.8339,193.6
1753592148207,04:55:48.207,okx,ADA/USDT:USDT,0.8337,441.8,0.8336,857.6,0.8338,26.9,0.8339,123.6
1753592149207,04:55:49.207,okx,ADA/USDT:USDT,0.8337,366.8,0.8336,858.0,0.8338,38.1,0.8339,128.9
1753592149407,04:55:49.407,okx,ADA/USDT:USDT,0.8337,365.0,0.8336,856.6,0.8338,38.1,0.8339,137.8
1753592150007,04:55:50.007,okx,ADA/USDT:USDT,0.8337,382.3,0.8336,855.2,0.8338,47.9,0.8339,123.6
1753592150507,04:55:50.507,okx,ADA/USDT:USDT,0.8337,431.2,0.8336,854.9,0.8338,48.1,0.8339,123.6
1753592150807,04:55:50.807,okx,ADA/USDT:USDT,0.8336,85.8,0.8335,710.5,0.8337,306.0,0.8338,558.7
1753592151107,04:55:51.107,okx,ADA/USDT:USDT,0.8336,220.2,0.8335,678.6,0.8337,184.1,0.8338,561.5
1753592151207,04:55:51.207,okx,ADA/USDT:USDT,0.8336,213.3,0.8335,678.3,0.8337,184.1,0.8338,561.5
1753592151807,04:55:51.807,okx,ADA/USDT:USDT,0.8336,237.6,0.8335,699.0,0.8337,174.6,0.8338,533.6
1753592152007,04:55:52.007,okx,ADA/USDT:USDT,0.8336,231.5,0.8335,698.6,0.8337,174.0,0.8338,533.6
1753592152107,04:55:52.107,okx,ADA/USDT:USDT,0.8336,231.5,0.8335,699.0,0.8337,174.0,0.8338,533.6
1753592152407,04:55:52.407,okx,ADA/USDT:USDT,0.8336,219.7,0.8335,699.0,0.8337,174.0,0.8338,533.6
1753592153107,04:55:53.107,okx,ADA/USDT:USDT,0.8336,231.0,0.8335,698.6,0.8337,173.3,0.8338,533.6
1753592153507,04:55:53.507,okx,ADA/USDT:USDT,0.8336,245.2,0.8335,698.6,0.8337,66.6,0.8338,345.8
1753592153607,04:55:53.607,okx,ADA/USDT:USDT,0.8336,305.5,0.8335,704.7,0.8337,17.9,0.8338,340.0
1753592153807,04:55:53.807,okx,ADA/USDT:USDT,0.8336,306.2,0.8335,709.3,0.8337,15.6,0.8338,141.8
1753592153907,04:55:53.907,okx,ADA/USDT:USDT,0.8336,306.2,0.8335,709.3,0.8337,15.6,0.8338,141.8
1753592154007,04:55:54.007,okx,ADA/USDT:USDT,0.8336,306.2,0.8335,709.3,0.8337,15.6,0.8338,141.8
1753592155207,04:55:55.207,okx,ADA/USDT:USDT,0.8336,306.3,0.8335,712.6,0.8337,16.1,0.8338,141.3
1753592155307,04:55:55.307,okx,ADA/USDT:USDT,0.8336,306.0,0.8335,712.6,0.8337,96.8,0.8338,141.3
1753592157007,04:55:57.007,okx,ADA/USDT:USDT,0.8337,890.8,0.8336,766.1,0.8338,39.3,0.8339,301.3
1753592157107,04:55:57.107,okx,ADA/USDT:USDT,0.8337,872.6,0.8336,766.5,0.8338,39.3,0.8339,312.4
1753592157507,04:55:57.507,okx,ADA/USDT:USDT,0.8337,599.6,0.8336,755.7,0.8338,125.1,0.8339,338.8
1753592157607,04:55:57.607,okx,ADA/USDT:USDT,0.8337,617.5,0.8336,755.7,0.8338,44.2,0.8339,321.3
1753592157907,04:55:57.907,okx,ADA/USDT:USDT,0.8337,648.3,0.8336,755.7,0.8338,44.4,0.8339,321.3
1753592158207,04:55:58.207,okx,ADA/USDT:USDT,0.8337,656.1,0.8336,756.1,0.8338,27.9,0.8339,300.9
1753592158707,04:55:58.707,okx,ADA/USDT:USDT,0.8337,656.2,0.8336,756.1,0.8338,34.8,0.8339,280.9
1753592158807,04:55:58.807,okx,ADA/USDT:USDT,0.8337,656.2,0.8336,755.7,0.8338,27.9,0.8339,226.8
1753592159407,04:55:59.407,okx,ADA/USDT:USDT,0.8338,892.8,0.8337,911.3,0.8339,77.0,0.834,303.8
1753592159507,04:55:59.507,okx,ADA/USDT:USDT,0.8338,893.4,0.8337,911.3,0.8339,77.2,0.834,314.7
1753592159907,04:55:59.907,okx,ADA/USDT:USDT,0.8338,893.4,0.8337,905.2,0.8339,77.2,0.834,303.7
1753592160007,04:56:00.007,okx,ADA/USDT:USDT,0.8338,893.4,0.8337,905.2,0.8339,70.3,0.834,314.6
1753592160207,04:56:00.207,okx,ADA/USDT:USDT,0.8338,856.3,0.8337,905.9,0.8339,177.9,0.834,407.7
1753592160307,04:56:00.307,okx,ADA/USDT:USDT,0.8338,856.3,0.8337,905.1,0.8339,178.0,0.834,390.9
1753592160807,04:56:00.807,okx,ADA/USDT:USDT,0.8338,856.5,0.8337,905.3,0.8339,177.9,0.834,390.8
1753592160907,04:56:00.907,okx,ADA/USDT:USDT,0.8338,856.7,0.8337,905.3,0.8339,177.9,0.834,390.8
1753592161307,04:56:01.307,okx,ADA/USDT:USDT,0.8338,156.2,0.8337,804.0,0.8339,233.1,0.834,488.8
1753592161507,04:56:01.507,okx,ADA/USDT:USDT,0.8338,156.2,0.8337,879.0,0.8339,233.1,0.834,489.2
1753592161607,04:56:01.607,okx,ADA/USDT:USDT,0.8338,156.2,0.8337,879.0,0.8339,235.4,0.834,488.8
1753592161907,04:56:01.907,okx,ADA/USDT:USDT,0.8338,207.1,0.8337,891.4,0.8339,212.5,0.834,478.0
1753592162207,04:56:02.207,okx,ADA/USDT:USDT,0.8338,237.9,0.8337,898.6,0.8339,64.2,0.834,279.3
1753592164507,04:56:04.507,okx,ADA/USDT:USDT,0.8338,236.6,0.8337,897.1,0.8339,187.5,0.834,441.7
1753592164707,04:56:04.707,okx,ADA/USDT:USDT,0.8338,232.1,0.8337,897.1,0.8339,204.4,0.834,441.7
1753592164807,04:56:04.807,okx,ADA/USDT:USDT,0.8338,238.1,0.8337,897.5,0.8339,194.4,0.834,441.7
1753592164907,04:56:04.907,okx,ADA/USDT:USDT,0.8338,230.5,0.8337,886.9,0.8339,204.4,0.834,441.7
1753592165307,04:56:05.307,okx,ADA/USDT:USDT,0.8338,212.9,0.8337,897.3,0.8339,187.4,0.834,441.7
1753592165707,04:56:05.707,okx,ADA/USDT:USDT,0.8338,231.4,0.8337,891.8,0.8339,146.9,0.834,431.7
1753592166007,04:56:06.007,okx,ADA/USDT:USDT,0.8338,216.4,0.8337,891.1,0.8339,183.2,0.834,441.7
1753592166307,04:56:06.307,okx,ADA/USDT:USDT,0.8338,214.8,0.8337,898.2,0.8339,182.4,0.834,441.7
1753592166407,04:56:06.407,okx,ADA/USDT:USDT,0.8338,214.8,0.8337,898.2,0.8339,182.4,0.834,441.7
1753592166907,04:56:06.907,okx,ADA/USDT:USDT,0.8338,211.7,0.8337,891.0,0.8339,192.8,0.834,441.7
1753592167107,04:56:07.107,okx,ADA/USDT:USDT,0.8338,227.5,0.8337,891.0,0.8339,185.9,0.834,431.7
1753592167407,04:56:07.407,okx,ADA/USDT:USDT,0.8338,227.5,0.8337,891.0,0.8339,185.9,0.834,431.7
1753592167907,04:56:07.907,okx,ADA/USDT:USDT,0.8338,208.8,0.8337,890.4,0.8339,198.1,0.834,441.6
1753592168907,04:56:08.907,okx,ADA/USDT:USDT,0.8338,221.5,0.8337,896.8,0.8339,56.6,0.834,435.6
1753592169007,04:56:09.007,okx,ADA/USDT:USDT,0.8338,221.5,0.8337,844.0,0.8339,56.6,0.834,444.8
1753592169607,04:56:09.607,okx,ADA/USDT:USDT,0.8338,227.2,0.8337,844.0,0.8339,60.4,0.834,435.4
1753592170407,04:56:10.407,okx,ADA/USDT:USDT,0.8338,227.4,0.8337,844.0,0.8339,62.1,0.834,444.6
1753592171007,04:56:11.007,okx,ADA/USDT:USDT,0.8338,232.6,0.8337,836.9,0.8339,193.2,0.834,444.6
1753592171207,04:56:11.207,okx,ADA/USDT:USDT,0.8338,247.3,0.8337,836.9,0.8339,137.2,0.834,435.4
1753592171307,04:56:11.307,okx,ADA/USDT:USDT,0.8338,238.1,0.8337,836.9,0.8339,61.6,0.834,435.4
1753592173107,04:56:13.107,okx,ADA/USDT:USDT,0.8338,331.0,0.8337,842.7,0.8339,61.0,0.834,270.3
1753592173607,04:56:13.607,okx,ADA/USDT:USDT,0.8338,211.9,0.8337,827.8,0.8339,215.9,0.834,403.0
1753592174807,04:56:14.807,okx,ADA/USDT:USDT,0.8338,246.6,0.8337,826.7,0.8339,223.6,0.834,412.7
1753592174907,04:56:14.907,okx,ADA/USDT:USDT,0.8338,253.5,0.8337,833.8,0.8339,221.4,0.834,412.7
1753592175207,04:56:15.207,okx,ADA/USDT:USDT,0.8338,255.5,0.8337,833.8,0.8339,201.4,0.834,412.7
1753592175307,04:56:15.307,okx,ADA/USDT:USDT,0.8338,241.1,0.8337,833.8,0.8339,201.4,0.834,412.7
1753592175407,04:56:15.407,okx,ADA/USDT:USDT,0.8338,223.4,0.8337,833.8,0.8339,230.4,0.834,432.7
1753592175607,04:56:15.607,okx,ADA/USDT:USDT,0.8338,238.2,0.8337,833.8,0.8339,221.4,0.834,432.7
1753592175707,04:56:15.707,okx,ADA/USDT:USDT,0.8338,228.8,0.8337,833.8,0.8339,221.4,0.834,432.7
1753592175907,04:56:15.907,okx,ADA/USDT:USDT,0.8338,223.4,0.8337,834.2,0.8339,230.4,0.834,432.7
1753592177307,04:56:17.307,okx,ADA/USDT:USDT,0.8338,177.0,0.8337,826.7,0.8339,236.1,0.834,432.7
1753592177707,04:56:17.707,okx,ADA/USDT:USDT,0.8338,156.4,0.8337,826.7,0.8339,230.7,0.834,432.9
1753592177907,04:56:17.907,okx,ADA/USDT:USDT,0.8338,156.4,0.8337,826.7,0.8339,230.7,0.834,432.9
1753592178007,04:56:18.007,okx,ADA/USDT:USDT,0.8338,156.4,0.8337,826.7,0.8339,230.7,0.834,432.9
1753592178507,04:56:18.507,okx,ADA/USDT:USDT,0.8338,158.3,0.8337,827.0,0.8339,229.0,0.834,432.9
1753592178707,04:56:18.707,okx,ADA/USDT:USDT,0.8338,158.3,0.8337,827.0,0.8339,220.0,0.834,432.9
1753592178907,04:56:18.907,okx,ADA/USDT:USDT,0.8338,219.7,0.8337,826.6,0.8339,220.0,0.834,432.9
1753592179207,04:56:19.207,okx,ADA/USDT:USDT,0.8338,306.3,0.8337,826.6,0.8339,220.0,0.834,432.9
1753592179407,04:56:19.407,okx,ADA/USDT:USDT,0.8338,306.3,0.8337,826.6,0.8339,198.8,0.834,293.8
1753592179607,04:56:19.607,okx,ADA/USDT:USDT,0.8338,297.3,0.8337,826.6,0.8339,118.1,0.834,432.7
1753592180307,04:56:20.307,okx,ADA/USDT:USDT,0.8338,311.9,0.8337,832.0,0.8339,95.7,0.834,433.9
1753592180507,04:56:20.507,okx,ADA/USDT:USDT,0.8338,349.7,0.8337,832.0,0.8339,86.1,0.834,295.0
1753592180707,04:56:20.707,okx,ADA/USDT:USDT,0.8338,297.1,0.8337,832.0,0.8339,116.9,0.834,433.8
1753592181307,04:56:21.307,okx,ADA/USDT:USDT,0.8338,351.1,0.8337,832.0,0.8339,105.9,0.834,371.3
1753592181507,04:56:21.507,okx,ADA/USDT:USDT,0.8338,336.7,0.8337,835.3,0.8339,99.7,0.834,371.3
1753592181907,04:56:21.907,okx,ADA/USDT:USDT,0.8338,202.3,0.8337,835.3,0.8339,106.9,0.834,433.9
1753592182007,04:56:22.007,okx,ADA/USDT:USDT,0.8338,201.9,0.8337,835.7,0.8339,101.5,0.834,433.9
1753592182807,04:56:22.807,okx,ADA/USDT:USDT,0.8338,325.9,0.8337,835.6,0.8339,112.3,0.834,265.2
1753592183007,04:56:23.007,okx,ADA/USDT:USDT,0.8338,299.7,0.8337,841.0,0.8339,80.8,0.834,222.6
1753592183707,04:56:23.707,okx,ADA/USDT:USDT,0.8338,291.1,0.8337,841.0,0.8339,108.6,0.834,413.0
1753592183807,04:56:23.807,okx,ADA/USDT:USDT,0.8338,285.3,0.8337,841.0,0.8339,117.6,0.834,413.0
1753592183907,04:56:23.907,okx,ADA/USDT:USDT,0.8338,283.7,0.8337,841.4,0.8339,117.6,0.834,422.0
1753592184007,04:56:24.007,okx,ADA/USDT:USDT,0.8338,283.7,0.8337,841.4,0.8339,117.6,0.834,422.0
1753592184307,04:56:24.307,okx,ADA/USDT:USDT,0.8338,285.7,0.8337,832.0,0.8339,97.5,0.834,413.0
1753592184707,04:56:24.707,okx,ADA/USDT:USDT,0.8338,300.1,0.8337,832.0,0.8339,95.1,0.834,413.0
1753592184807,04:56:24.807,okx,ADA/USDT:USDT,0.8338,301.0,0.8337,832.4,0.8339,95.1,0.834,413.0
1753592185107,04:56:25.107,okx,ADA/USDT:USDT,0.8338,268.6,0.8337,831.9,0.8339,213.4,0.834,413.0
1753592185207,04:56:25.207,okx,ADA/USDT:USDT,0.8338,270.8,0.8337,831.9,0.8339,213.4,0.834,413.0
1753592186207,04:56:26.207,okx,ADA/USDT:USDT,0.8338,41.8,0.8337,620.3,0.8339,294.5,0.834,412.6
1753592187407,04:56:27.407,okx,ADA/USDT:USDT,0.8338,41.9,0.8337,771.5,0.8339,283.4,0.834,423.1
1753592187507,04:56:27.507,okx,ADA/USDT:USDT,0.8338,122.6,0.8337,776.4,0.8339,215.6,0.834,423.1
1753592187707,04:56:27.707,okx,ADA/USDT:USDT,0.8338,115.7,0.8337,776.4,0.8339,239.6,0.834,423.1
1753592188007,04:56:28.007,okx,ADA/USDT:USDT,0.8338,221.9,0.8337,805.3,0.8339,195.1,0.834,414.1
1753592189007,04:56:29.007,okx,ADA/USDT:USDT,0.8338,142.0,0.8337,791.5,0.8339,236.3,0.834,423.0
1753592189207,04:56:29.207,okx,ADA/USDT:USDT,0.8338,156.3,0.8337,796.4,0.8339,214.0,0.834,414.1
1753592189407,04:56:29.407,okx,ADA/USDT:USDT,0.8338,142.3,0.8337,800.3,0.8339,222.8,0.834,414.1
1753592189807,04:56:29.807,okx,ADA/USDT:USDT,0.8338,154.4,0.8337,800.3,0.8339,212.0,0.834,422.9
1753592190107,04:56:30.107,okx,ADA/USDT:USDT,0.8338,156.3,0.8337,800.3,0.8339,210.3,0.834,414.1
1753592190207,04:56:30.207,okx,ADA/USDT:USDT,0.8338,156.3,0.8337,800.3,0.8339,210.3,0.834,414.1
1753592190407,04:56:30.407,okx,ADA/USDT:USDT,0.8338,147.5,0.8337,800.3,0.8339,210.9,0.834,414.1
1753592190507,04:56:30.507,okx,ADA/USDT:USDT,0.8339,649.5,0.8338,588.8,0.834,50.1,0.8341,559.6
1753592190907,04:56:30.907,okx,ADA/USDT:USDT,0.8339,620.3,0.8338,501.3,0.834,52.4,0.8341,388.6
1753592191707,04:56:31.707,okx,ADA/USDT:USDT,0.8339,3.8,0.8338,118.8,0.834,475.2,0.8341,779.2
1753592191807,04:56:31.807,okx,ADA/USDT:USDT,0.8339,4.0,0.8338,118.6,0.834,475.3,0.8341,824.4
1753592192307,04:56:32.307,okx,ADA/USDT:USDT,0.8339,4.0,0.8338,118.9,0.834,472.2,0.8341,833.9
1753592193207,04:56:33.207,okx,ADA/USDT:USDT,0.8338,231.4,0.8337,774.4,0.8339,179.9,0.834,754.1
1753592194107,04:56:34.107,okx,ADA/USDT:USDT,0.8338,427.5,0.8337,768.2,0.8339,198.5,0.834,153.0
1753592194407,04:56:34.407,okx,ADA/USDT:USDT,0.8338,250.4,0.8337,767.8,0.8339,224.9,0.834,300.8
1753592194507,04:56:34.507,okx,ADA/USDT:USDT,0.8338,250.4,0.8337,767.8,0.8339,225.1,0.834,300.8
1753592194807,04:56:34.807,okx,ADA/USDT:USDT,0.8338,287.0,0.8337,787.8,0.8339,203.3,0.834,153.0
1753592195007,04:56:35.007,okx,ADA/USDT:USDT,0.8338,440.7,0.8337,787.8,0.8339,203.3,0.834,110.5
1753592195107,04:56:35.107,okx,ADA/USDT:USDT,0.8338,382.7,0.8337,787.8,0.8339,204.9,0.834,109.1
1753592195407,04:56:35.407,okx,ADA/USDT:USDT,0.8338,274.9,0.8337,777.8,0.8339,205.5,0.834,289.4
1753592195507,04:56:35.507,okx,ADA/USDT:USDT,0.8338,259.2,0.8337,802.8,0.8339,237.1,0.834,247.6
1753592195807,04:56:35.807,okx,ADA/USDT:USDT,0.8338,238.8,0.8337,802.8,0.8339,270.4,0.834,440.8
1753592196407,04:56:36.407,okx,ADA/USDT:USDT,0.8338,266.4,0.8337,802.8,0.8339,207.3,0.834,273.8
1753592196507,04:56:36.507,okx,ADA/USDT:USDT,0.8338,246.7,0.8337,802.8,0.8339,207.3,0.834,273.8
1753592196607,04:56:36.607,okx,ADA/USDT:USDT,0.8338,262.3,0.8337,802.8,0.8339,207.3,0.834,273.8
1753592196907,04:56:36.907,okx,ADA/USDT:USDT,0.8338,357.6,0.8337,802.8,0.8339,205.5,0.834,231.4
1753592197307,04:56:37.307,okx,ADA/USDT:USDT,0.8338,347.8,0.8337,802.8,0.8339,204.9,0.834,273.9
1753592197507,04:56:37.507,okx,ADA/USDT:USDT,0.8338,357.6,0.8337,808.7,0.8339,203.5,0.834,273.9
1753592197607,04:56:37.607,okx,ADA/USDT:USDT,0.8338,341.9,0.8337,808.7,0.8339,213.1,0.834,209.8
1753592197907,04:56:37.907,okx,ADA/USDT:USDT,0.8338,357.3,0.8337,802.8,0.8339,203.5,0.834,273.8
1753592198507,04:56:38.507,okx,ADA/USDT:USDT,0.8338,357.6,0.8337,802.8,0.8339,203.5,0.834,273.8
1753592198907,04:56:38.907,okx,ADA/USDT:USDT,0.8338,358.9,0.8337,802.8,0.8339,203.5,0.834,231.3
1753592199607,04:56:39.607,okx,ADA/USDT:USDT,0.8339,741.3,0.8338,451.4,0.834,36.2,0.8341,262.0
1753592200407,04:56:40.407,okx,ADA/USDT:USDT,0.8339,751.8,0.8338,455.0,0.834,12.4,0.8341,290.0
1753592200607,04:56:40.607,okx,ADA/USDT:USDT,0.8339,479.9,0.8338,433.2,0.834,183.6,0.8341,434.7
1753592200707,04:56:40.707,okx,ADA/USDT:USDT,0.8339,479.9,0.8338,445.6,0.834,175.7,0.8341,442.8
1753592201107,04:56:41.107,okx,ADA/USDT:USDT,0.8339,504.5,0.8338,445.6,0.834,155.4,0.8341,421.2
1753592201707,04:56:41.707,okx,ADA/USDT:USDT,0.8339,506.5,0.8338,440.2,0.834,119.1,0.8341,434.7
1753592202007,04:56:42.007,okx,ADA/USDT:USDT,0.8339,493.1,0.8338,440.2,0.834,119.1,0.8341,434.5
1753592202307,04:56:42.307,okx,ADA/USDT:USDT,0.8339,493.0,0.8338,440.2,0.834,99.1,0.8341,434.5
1753592202807,04:56:42.807,okx,ADA/USDT:USDT,0.8339,484.0,0.8338,440.2,0.834,32.3,0.8341,405.1
1753592202907,04:56:42.907,okx,ADA/USDT:USDT,0.8339,484.0,0.8338,439.6,0.834,32.3,0.8341,447.5
1753592203107,04:56:43.107,okx,ADA/USDT:USDT,0.8339,484.0,0.8338,448.7,0.834,75.7,0.8341,447.5
1753592203207,04:56:43.207,okx,ADA/USDT:USDT,0.8339,381.9,0.8338,446.4,0.834,72.5,0.8341,447.5
1753592203307,04:56:43.307,okx,ADA/USDT:USDT,0.8339,381.9,0.8338,436.7,0.834,101.1,0.8341,489.2
1753592203607,04:56:43.607,okx,ADA/USDT:USDT,0.8339,405.1,0.8338,436.5,0.834,50.1,0.8341,474.4
1753592203707,04:56:43.707,okx,ADA/USDT:USDT,0.8339,405.1,0.8338,436.5,0.834,49.9,0.8341,474.4
1753592203907,04:56:43.907,okx,ADA/USDT:USDT,0.8339,317.4,0.8338,423.0,0.834,89.2,0.8341,487.3
1753592204007,04:56:44.007,okx,ADA/USDT:USDT,0.8339,317.4,0.8338,435.9,0.834,76.3,0.8341,487.3
1753592204207,04:56:44.207,okx,ADA/USDT:USDT,0.8339,317.4,0.8338,423.4,0.834,89.2,0.8341,487.3
1753592204407,04:56:44.407,okx,ADA/USDT:USDT,0.8339,223.6,0.8338,423.4,0.834,121.9,0.8341,487.3
1753592204907,04:56:44.907,okx,ADA/USDT:USDT,0.8339,225.1,0.8338,435.6,0.834,141.1,0.8341,487.3
1753592206007,04:56:46.007,okx,ADA/USDT:USDT,0.8339,297.0,0.8338,433.2,0.834,115.5,0.8341,391.4
1753592206107,04:56:46.107,okx,ADA/USDT:USDT,0.8339,195.2,0.8338,433.8,0.834,127.3,0.8341,391.4
1753592206207,04:56:46.207,okx,ADA/USDT:USDT,0.8339,195.2,0.8338,433.8,0.834,147.3,0.8341,391.4
1753592206407,04:56:46.407,okx,ADA/USDT:USDT,0.8339,68.0,0.8338,427.7,0.834,274.1,0.8341,489.6
1753592207007,04:56:47.007,okx,ADA/USDT:USDT,0.8339,20.6,0.8338,395.8,0.834,304.8,0.8341,495.8
1753592207207,04:56:47.207,okx,ADA/USDT:USDT,0.8339,40.4,0.8338,417.8,0.834,301.0,0.8341,495.8
1753592207607,04:56:47.607,okx,ADA/USDT:USDT,0.8339,200.4,0.8338,444.3,0.834,152.7,0.8341,496.5
1753592207707,04:56:47.707,okx,ADA/USDT:USDT,0.8339,94.4,0.8338,444.3,0.834,196.1,0.8341,496.5
1753592207807,04:56:47.807,okx,ADA/USDT:USDT,0.8339,92.6,0.8338,436.9,0.834,197.8,0.8341,496.5
1753592208007,04:56:48.007,okx,ADA/USDT:USDT,0.8339,81.2,0.8338,436.9,0.834,197.8,0.8341,496.5
1753592208107,04:56:48.107,okx,ADA/USDT:USDT,0.8339,61.1,0.8338,423.6,0.834,197.8,0.8341,503.2
1753592208307,04:56:48.307,okx,ADA/USDT:USDT,0.8339,61.5,0.8338,423.2,0.834,199.9,0.8341,503.2
1753592208607,04:56:48.607,okx,ADA/USDT:USDT,0.8339,99.1,0.8338,443.2,0.834,159.8,0.8341,485.3
1753592208907,04:56:48.907,okx,ADA/USDT:USDT,0.8339,82.5,0.8338,425.7,0.834,188.7,0.8341,503.2
1753592209207,04:56:49.207,okx,ADA/USDT:USDT,0.8339,138.6,0.8338,403.5,0.834,219.7,0.8341,503.2
1753592209607,04:56:49.607,okx,ADA/USDT:USDT,0.8339,43.7,0.8338,403.5,0.834,294.7,0.8341,503.6
1753592210107,04:56:50.107,okx,ADA/USDT:USDT,0.8339,173.4,0.8338,440.3,0.834,208.2,0.8341,485.3
1753592211407,04:56:51.407,okx,ADA/USDT:USDT,0.8339,13.0,0.8338,403.3,0.834,290.2,0.8341,501.5
1753592211507,04:56:51.507,okx,ADA/USDT:USDT,0.8339,41.7,0.8338,403.3,0.834,290.2,0.8341,506.9
1753592211807,04:56:51.807,okx,ADA/USDT:USDT,0.8339,12.8,0.8338,403.7,0.834,290.2,0.8341,506.9
1753592212307,04:56:52.307,okx,ADA/USDT:USDT,0.8339,136.7,0.8338,409.6,0.834,282.9,0.8341,507.1
1753592212407,04:56:52.407,okx,ADA/USDT:USDT,0.8339,136.7,0.8338,403.7,0.834,298.6,0.8341,507.3
1753592212607,04:56:52.607,okx,ADA/USDT:USDT,0.8339,136.7,0.8338,439.0,0.834,222.9,0.8341,459.2
1753592213707,04:56:53.707,okx,ADA/USDT:USDT,0.8339,41.8,0.8338,418.9,0.834,280.1,0.8341,502.5
1753592213907,04:56:53.907,okx,ADA/USDT:USDT,0.8339,47.5,0.8338,418.9,0.834,280.1,0.8341,496.3
1753592214307,04:56:54.307,okx,ADA/USDT:USDT,0.8339,16.7,0.8338,403.3,0.834,296.9,0.8341,507.4
1753592214607,04:56:54.607,okx,ADA/USDT:USDT,0.8339,16.8,0.8338,383.3,0.834,296.1,0.8341,501.5
1753592215007,04:56:55.007,okx,ADA/USDT:USDT,0.8338,31.0,0.8337,506.8,0.8339,643.0,0.834,639.2
1753592215107,04:56:55.107,okx,ADA/USDT:USDT,0.8338,31.0,0.8337,506.8,0.8339,592.9,0.834,639.2
1753592216207,04:56:56.207,okx,ADA/USDT:USDT,0.8338,30.9,0.8337,851.4,0.8339,585.6,0.834,639.0
1753592216807,04:56:56.807,okx,ADA/USDT:USDT,0.8338,127.7,0.8337,795.8,0.8339,534.9,0.834,631.2
1753592217207,04:56:57.207,okx,ADA/USDT:USDT,0.8338,10.3,0.8337,416.3,0.8339,609.8,0.834,632.1
1753592217807,04:56:57.807,okx,ADA/USDT:USDT,0.8338,169.6,0.8337,662.4,0.8339,538.0,0.834,589.0
1753592218807,04:56:58.807,okx,ADA/USDT:USDT,0.8338,31.2,0.8337,449.9,0.8339,416.1,0.834,615.1
1753592218907,04:56:58.907,okx,ADA/USDT:USDT,0.8338,31.2,0.8337,436.3,0.8339,429.7,0.834,615.1
1753592219107,04:56:59.107,okx,ADA/USDT:USDT,0.8338,31.2,0.8337,487.5,0.8339,416.1,0.834,615.1
1753592219207,04:56:59.207,okx,ADA/USDT:USDT,0.8338,31.2,0.8337,416.3,0.8339,429.7,0.834,615.1
1753592219907,04:56:59.907,okx,ADA/USDT:USDT,0.8337,4.3,0.8336,398.2,0.8338,413.4,0.8339,531.0
1753592220407,04:57:00.407,okx,ADA/USDT:USDT,0.8337,2.5,0.8336,413.1,0.8338,421.9,0.8339,515.7
1753592220707,04:57:00.707,okx,ADA/USDT:USDT,0.8337,0.3,0.8336,8.0,0.8338,432.8,0.8339,525.1
1753592221607,04:57:01.607,okx,ADA/USDT:USDT,0.8337,4.1,0.8336,89.5,0.8338,447.0,0.8339,517.2
1753592222107,04:57:02.107,okx,ADA/USDT:USDT,0.8336,1.7,0.8335,539.6,0.8337,595.5,0.8338,645.0
1753592222207,04:57:02.207,okx,ADA/USDT:USDT,0.8336,1.8,0.8335,478.4,0.8337,663.2,0.8338,677.9
1753592222707,04:57:02.707,okx,ADA/USDT:USDT,0.8335,123.8,0.8334,429.0,0.8336,634.0,0.8337,790.7
1753592223707,04:57:03.707,okx,ADA/USDT:USDT,0.8333,279.5,0.8332,594.4,0.8334,369.4,0.8335,829.7
1753592224007,04:57:04.007,okx,ADA/USDT:USDT,0.8333,297.6,0.8332,737.6,0.8334,32.0,0.8335,570.1
1753592224107,04:57:04.107,okx,ADA/USDT:USDT,0.8333,297.7,0.8332,749.2,0.8334,52.0,0.8335,601.9
1753592224707,04:57:04.707,okx,ADA/USDT:USDT,0.8333,270.2,0.8332,773.6,0.8334,172.0,0.8335,667.2
1753592225007,04:57:05.007,okx,ADA/USDT:USDT,0.8333,272.0,0.8332,797.2,0.8334,150.3,0.8335,643.4
1753592225307,04:57:05.307,okx,ADA/USDT:USDT,0.8333,291.8,0.8332,836.8,0.8334,75.4,0.8335,547.9
1753592225807,04:57:05.807,okx,ADA/USDT:USDT,0.8333,292.3,0.8332,814.1,0.8334,77.5,0.8335,571.1
1753592225907,04:57:05.907,okx,ADA/USDT:USDT,0.8333,292.3,0.8332,837.3,0.8334,77.5,0.8335,547.9
1753592226007,04:57:06.007,okx,ADA/USDT:USDT,0.8333,292.3,0.8332,837.3,0.8334,77.5,0.8335,562.4
1753592226107,04:57:06.107,okx,ADA/USDT:USDT,0.8333,288.2,0.8332,837.3,0.8334,77.5,0.8335,547.9
1753592226407,04:57:06.407,okx,ADA/USDT:USDT,0.8333,263.4,0.8332,836.5,0.8334,84.4,0.8335,498.4
1753592226707,04:57:06.707,okx,ADA/USDT:USDT,0.8333,248.6,0.8332,836.5,0.8334,77.5,0.8335,498.4
1753592226807,04:57:06.807,okx,ADA/USDT:USDT,0.8333,244.6,0.8332,836.5,0.8334,77.5,0.8335,540.0
1753592227107,04:57:07.107,okx,ADA/USDT:USDT,0.8333,303.6,0.8332,707.7,0.8334,55.8,0.8335,498.4
1753592227207,04:57:07.207,okx,ADA/USDT:USDT,0.8333,303.6,0.8332,707.7,0.8334,77.5,0.8335,540.0
1753592227407,04:57:07.407,okx,ADA/USDT:USDT,0.8333,313.6,0.8332,707.7,0.8334,76.8,0.8335,540.0
1753592227507,04:57:07.507,okx,ADA/USDT:USDT,0.8333,335.2,0.8332,627.0,0.8334,55.1,0.8335,540.0
1753592228107,04:57:08.107,okx,ADA/USDT:USDT,0.8333,260.7,0.8332,613.7,0.8334,77.9,0.8335,561.3
1753592228407,04:57:08.407,okx,ADA/USDT:USDT,0.8333,242.7,0.8332,605.7,0.8334,158.9,0.8335,519.7
1753592229207,04:57:09.207,okx,ADA/USDT:USDT,0.8333,246.9,0.8332,607.0,0.8334,178.3,0.8335,498.8
1753592229307,04:57:09.307,okx,ADA/USDT:USDT,0.8333,224.0,0.8332,593.7,0.8334,190.0,0.8335,519.9
1753592230107,04:57:10.107,okx,ADA/USDT:USDT,0.8333,210.8,0.8332,606.2,0.8334,182.8,0.8335,600.4
1753592230607,04:57:10.607,okx,ADA/USDT:USDT,0.8333,168.6,0.8332,606.8,0.8334,189.6,0.8335,600.4
1753592231007,04:57:11.007,okx,ADA/USDT:USDT,0.8333,301.3,0.8332,627.0,0.8334,182.8,0.8335,579.5
1753592231207,04:57:11.207,okx,ADA/USDT:USDT,0.8333,288.2,0.8332,627.4,0.8334,182.1,0.8335,579.5
1753592231407,04:57:11.407,okx,ADA/USDT:USDT,0.8333,278.8,0.8332,627.4,0.8334,182.1,0.8335,600.4
1753592231907,04:57:11.907,okx,ADA/USDT:USDT,0.8333,43.0,0.8332,606.1,0.8334,226.5,0.8335,600.4
1753592232407,04:57:12.407,okx,ADA/USDT:USDT,0.8334,1224.7,0.8333,739.8,0.8335,316.6,0.8336,725.1
1753592232707,04:57:12.707,okx,ADA/USDT:USDT,0.8334,1222.4,0.8333,739.5,0.8335,373.2,0.8336,1044.5
1753592233507,04:57:13.507,okx,ADA/USDT:USDT,0.8333,8.2,0.8332,121.6,0.8334,467.0,0.8335,641.8
1753592234007,04:57:14.007,okx,ADA/USDT:USDT,0.8333,9.1,0.8332,336.9,0.8334,602.5,0.8335,1023.7
1753592234107,04:57:14.107,okx,ADA/USDT:USDT,0.8333,9.1,0.8332,336.9,0.8334,608.6,0.8335,1024.2
1753592234207,04:57:14.207,okx,ADA/USDT:USDT,0.8333,9.1,0.8332,336.9,0.8334,482.2,0.8335,1023.8
1753592234707,04:57:14.707,okx,ADA/USDT:USDT,0.8333,9.1,0.8332,306.1,0.8334,545.0,0.8335,1022.2
1753592234907,04:57:14.907,okx,ADA/USDT:USDT,0.8333,2.6,0.8332,221.5,0.8334,543.2,0.8335,1023.3
1753592235107,04:57:15.107,okx,ADA/USDT:USDT,0.8333,9.6,0.8332,306.3,0.8334,474.3,0.8335,995.7
1753592235407,04:57:15.407,okx,ADA/USDT:USDT,0.8333,132.3,0.8332,306.5,0.8334,327.1,0.8335,680.7
1753592235707,04:57:15.707,okx,ADA/USDT:USDT,0.8333,26.3,0.8332,221.9,0.8334,386.3,0.8335,679.5
1753592235807,04:57:15.807,okx,ADA/USDT:USDT,0.8333,28.5,0.8332,221.9,0.8334,328.4,0.8335,677.1
1753592236107,04:57:16.107,okx,ADA/USDT:USDT,0.8333,7.6,0.8332,221.9,0.8334,381.8,0.8335,677.1
1753592236607,04:57:16.607,okx,ADA/USDT:USDT,0.8333,145.4,0.8332,603.9,0.8334,309.2,0.8335,599.4
1753592237107,04:57:17.107,okx,ADA/USDT:USDT,0.8333,21.0,0.8332,222.3,0.8334,327.9,0.8335,654.9
1753592237307,04:57:17.307,okx,ADA/USDT:USDT,0.8333,21.0,0.8332,222.3,0.8334,363.1,0.8335,654.9
1753592237407,04:57:17.407,okx,ADA/USDT:USDT,0.8333,21.0,0.8332,222.3,0.8334,422.9,0.8335,662.3
1753592237607,04:57:17.607,okx,ADA/USDT:USDT,0.8333,21.0,0.8332,222.3,0.8334,422.9,0.8335,662.3
1753592238007,04:57:18.007,okx,ADA/USDT:USDT,0.8333,1.7,0.8332,222.3,0.8334,423.1,0.8335,660.8
1753592238307,04:57:18.307,okx,ADA/USDT:USDT,0.8333,1.8,0.8332,222.3,0.8334,371.0,0.8335,660.8
1753592238407,04:57:18.407,okx,ADA/USDT:USDT,0.8333,3.5,0.8332,324.1,0.8334,371.0,0.8335,660.8
1753592238607,04:57:18.607,okx,ADA/USDT:USDT,0.8333,2.6,0.8332,306.9,0.8334,388.3,0.8335,660.4
1753592238707,04:57:18.707,okx,ADA/USDT:USDT,0.8333,2.4,0.8332,324.1,0.8334,371.1,0.8335,660.4
1753592240007,04:57:20.007,okx,ADA/USDT:USDT,0.8333,3.4,0.8332,306.9,0.8334,512.7,0.8335,980.5
1753592240207,04:57:20.207,okx,ADA/USDT:USDT,0.8333,31.4,0.8332,359.0,0.8334,403.3,0.8335,980.1
1753592240607,04:57:20.607,okx,ADA/USDT:USDT,0.8333,143.3,0.8332,368.7,0.8334,401.8,0.8335,920.7
1753592240807,04:57:20.807,okx,ADA/USDT:USDT,0.8333,181.6,0.8332,642.8,0.8334,233.4,0.8335,598.3
1753592241107,04:57:21.107,okx,ADA/USDT:USDT,0.8333,130.8,0.8332,642.6,0.8334,233.4,0.8335,615.9
1753592241207,04:57:21.207,okx,ADA/USDT:USDT,0.8333,130.8,0.8332,642.6,0.8334,233.4,0.8335,598.7
1753592241607,04:57:21.607,okx,ADA/USDT:USDT,0.8333,23.0,0.8332,343.9,0.8334,235.3,0.8335,649.5
1753592242407,04:57:22.407,okx,ADA/USDT:USDT,0.8333,273.3,0.8332,642.1,0.8334,74.9,0.8335,560.1
1753592242607,04:57:22.607,okx,ADA/USDT:USDT,0.8333,221.3,0.8332,642.1,0.8334,68.8,0.8335,565.8
1753592242807,04:57:22.807,okx,ADA/USDT:USDT,0.8333,221.3,0.8332,642.1,0.8334,149.5,0.8335,599.5
1753592242907,04:57:22.907,okx,ADA/USDT:USDT,0.8333,141.3,0.8332,608.5,0.8334,170.6,0.8335,616.7
1753592243007,04:57:23.007,okx,ADA/USDT:USDT,0.8333,140.9,0.8332,642.5,0.8334,170.6,0.8335,636.1
1753592243607,04:57:23.607,okx,ADA/USDT:USDT,0.8333,346.9,0.8332,642.5,0.8334,89.9,0.8335,602.4
1753592244407,04:57:24.407,okx,ADA/USDT:USDT,0.8333,350.7,0.8332,647.6,0.8334,39.5,0.8335,463.0
1753592244907,04:57:24.907,okx,ADA/USDT:USDT,0.8333,255.5,0.8332,648.0,0.8334,48.2,0.8335,483.0
1753592245007,04:57:25.007,okx,ADA/USDT:USDT,0.8333,255.5,0.8332,647.6,0.8334,50.9,0.8335,442.2
1753592245407,04:57:25.407,okx,ADA/USDT:USDT,0.8333,248.7,0.8332,647.6,0.8334,120.5,0.8335,478.8
1753592245507,04:57:25.507,okx,ADA/USDT:USDT,0.8333,231.5,0.8332,647.6,0.8334,120.5,0.8335,478.8
1753592245607,04:57:25.607,okx,ADA/USDT:USDT,0.8333,229.9,0.8332,647.6,0.8334,144.1,0.8335,512.5
1753592245707,04:57:25.707,okx,ADA/USDT:USDT,0.8333,229.9,0.8332,614.0,0.8334,144.1,0.8335,529.7
1753592246307,04:57:26.307,okx,ADA/USDT:USDT,0.8333,343.1,0.8332,649.8,0.8334,39.8,0.8335,478.8
1753592246407,04:57:26.407,okx,ADA/USDT:USDT,0.8333,343.1,0.8332,649.8,0.8334,40.7,0.8335,478.8
1753592246507,04:57:26.507,okx,ADA/USDT:USDT,0.8333,309.5,0.8332,649.8,0.8334,40.7,0.8335,478.8
1753592246607,04:57:26.607,okx,ADA/USDT:USDT,0.8333,343.9,0.8332,649.8,0.8334,39.8,0.8335,478.8
1753592246907,04:57:26.907,okx,ADA/USDT:USDT,0.8333,293.1,0.8332,649.8,0.8334,39.8,0.8335,480.3
1753592247107,04:57:27.107,okx,ADA/USDT:USDT,0.8333,343.9,0.8332,649.8,0.8334,39.8,0.8335,480.3
1753592247307,04:57:27.307,okx,ADA/USDT:USDT,0.8333,293.1,0.8332,649.8,0.8334,43.1,0.8335,480.3
1753592247907,04:57:27.907,okx,ADA/USDT:USDT,0.8333,317.8,0.8332,649.8,0.8334,60.7,0.8335,348.0
1753592248007,04:57:28.007,okx,ADA/USDT:USDT,0.8333,206.3,0.8332,597.2,0.8334,245.1,0.8335,601.1
1753592248107,04:57:28.107,okx,ADA/USDT:USDT,0.8333,206.3,0.8332,596.8,0.8334,204.3,0.8335,601.1
1753592248607,04:57:28.607,okx,ADA/USDT:USDT,0.8333,274.9,0.8332,640.8,0.8334,183.2,0.8335,551.6
1753592248707,04:57:28.707,okx,ADA/USDT:USDT,0.8333,240.4,0.8332,641.2,0.8334,191.9,0.8335,551.6
1753592248807,04:57:28.807,okx,ADA/USDT:USDT,0.8333,223.4,0.8332,608.9,0.8334,191.9,0.8335,583.9
1753592249007,04:57:29.007,okx,ADA/USDT:USDT,0.8333,223.4,0.8332,640.8,0.8334,183.2,0.8335,551.6
1753592249107,04:57:29.107,okx,ADA/USDT:USDT,0.8333,223.4,0.8332,591.3,0.8334,267.2,0.8335,601.1
1753592249307,04:57:29.307,okx,ADA/USDT:USDT,0.8333,221.1,0.8332,591.7,0.8334,267.2,0.8335,607.5
1753592249707,04:57:29.707,okx,ADA/USDT:USDT,0.8333,37.1,0.8332,222.1,0.8334,328.4,0.8335,608.6
1753592250107,04:57:30.107,okx,ADA/USDT:USDT,0.8332,208.6,0.8331,732.6,0.8333,427.6,0.8334,543.1
1753592250507,04:57:30.507,okx,ADA/USDT:USDT,0.8332,209.9,0.8331,702.5,0.8333,432.1,0.8334,569.4
1753592250707,04:57:30.707,okx,ADA/USDT:USDT,0.8332,209.9,0.8331,685.3,0.8333,432.1,0.8334,569.4
1753592250807,04:57:30.807,okx,ADA/USDT:USDT,0.8332,209.9,0.8331,685.3,0.8333,432.1,0.8334,569.4
1753592251107,04:57:31.107,okx,ADA/USDT:USDT,0.8332,214.8,0.8331,735.5,0.8333,246.6,0.8334,522.0
1753592251407,04:57:31.407,okx,ADA/USDT:USDT,0.8332,235.2,0.8331,752.7,0.8333,248.3,0.8334,522.0
1753592251507,04:57:31.507,okx,ADA/USDT:USDT,0.8332,214.8,0.8331,752.7,0.8333,248.3,0.8334,552.2
1753592252007,04:57:32.007,okx,ADA/USDT:USDT,0.8332,198.2,0.8331,722.9,0.8333,248.3,0.8334,552.2
1753592252307,04:57:32.307,okx,ADA/USDT:USDT,0.8332,198.2,0.8331,752.7,0.8333,248.3,0.8334,552.2
1753592252407,04:57:32.407,okx,ADA/USDT:USDT,0.8332,198.2,0.8331,752.7,0.8333,248.3,0.8334,552.2
1753592252507,04:57:32.507,okx,ADA/USDT:USDT,0.8332,198.2,0.8331,722.5,0.8333,248.3,0.8334,552.6
1753592252607,04:57:32.607,okx,ADA/USDT:USDT,0.8332,198.2,0.8331,752.7,0.8333,248.3,0.8334,552.2
1753592252707,04:57:32.707,okx,ADA/USDT:USDT,0.8332,198.2,0.8331,752.7,0.8333,248.3,0.8334,552.2
1753592252807,04:57:32.807,okx,ADA/USDT:USDT,0.8332,307.2,0.8331,755.5,0.8333,37.5,0.8334,521.9
1753592253107,04:57:33.107,okx,ADA/USDT:USDT,0.8332,216.3,0.8331,755.5,0.8333,159.2,0.8334,522.0
1753592253307,04:57:33.307,okx,ADA/USDT:USDT,0.8332,246.5,0.8331,755.5,0.8333,165.1,0.8334,521.9
1753592253407,04:57:33.407,okx,ADA/USDT:USDT,0.8332,216.3,0.8331,755.5,0.8333,165.1,0.8334,521.9
1753592253607,04:57:33.607,okx,ADA/USDT:USDT,0.8332,159.3,0.8331,725.3,0.8333,257.3,0.8334,552.2
1753592253907,04:57:33.907,okx,ADA/USDT:USDT,0.8333,942.2,0.8332,841.8,0.8334,78.3,0.8335,144.9
1753592254707,04:57:34.707,okx,ADA/USDT:USDT,0.8333,197.6,0.8332,772.1,0.8334,219.2,0.8335,616.4
1753592255207,04:57:35.207,okx,ADA/USDT:USDT,0.8333,199.5,0.8332,791.2,0.8334,204.1,0.8335,539.7
1753592255807,04:57:35.807,okx,ADA/USDT:USDT,0.8333,199.5,0.8332,671.4,0.8334,225.6,0.8335,657.7
1753592256407,04:57:36.407,okx,ADA/USDT:USDT,0.8333,210.9,0.8332,702.2,0.8334,233.9,0.8335,546.7
1753592256707,04:57:36.707,okx,ADA/USDT:USDT,0.8333,230.4,0.8332,699.5,0.8334,233.9,0.8335,628.7
1753592256807,04:57:36.807,okx,ADA/USDT:USDT,0.8333,230.4,0.8332,699.9,0.8334,233.9,0.8335,628.7
1753592257907,04:57:37.907,okx,ADA/USDT:USDT,0.8333,204.3,0.8332,699.8,0.8334,237.5,0.8335,628.7
1753592258407,04:57:38.407,okx,ADA/USDT:USDT,0.8333,39.8,0.8332,682.4,0.8334,297.5,0.8335,680.6
1753592258607,04:57:38.607,okx,ADA/USDT:USDT,0.8333,120.5,0.8332,699.2,0.8334,237.5,0.8335,651.3
1753592258907,04:57:38.907,okx,ADA/USDT:USDT,0.8333,149.8,0.8332,699.6,0.8334,237.5,0.8335,651.3
1753592259007,04:57:39.007,okx,ADA/USDT:USDT,0.8333,120.5,0.8332,682.4,0.8334,237.5,0.8335,680.6
1753592259107,04:57:39.107,okx,ADA/USDT:USDT,0.8333,120.5,0.8332,699.6,0.8334,237.5,0.8335,680.6
