timestamp,time,symbol,bid1_price,bid1_volume,bid2_price,bid2_volume,ask1_price,ask1_volume,ask2_price,ask2_volume
1753546944151,16:22:24.151,ADA/USDT:USDT,0.8354,6956.0,0.8353,71503.0,0.8355,42681.0,0.8356,72102.0
1753546945202,16:22:25.202,ADA/USDT:USDT,0.8354,18553.0,0.8353,75311.0,0.8356,34083.0,0.8357,91787.0
1753546945953,16:22:25.953,ADA/USDT:USDT,0.8355,4558.0,0.8354,109161.0,0.8356,34969.0,0.8357,109476.0
1753546946103,16:22:26.103,ADA/USDT:USDT,0.8355,50507.0,0.8354,98348.0,0.8356,15339.0,0.8357,53801.0
1753546946253,16:22:26.253,ADA/USDT:USDT,0.8356,575.0,0.8355,50507.0,0.8357,75960.0,0.8358,54960.0
1753546946403,16:22:26.403,ADA/USDT:USDT,0.8356,34913.0,0.8355,75731.0,0.8357,18392.0,0.8358,55301.0
1753546946553,16:22:26.553,ADA/USDT:USDT,0.8356,56002.0,0.8355,84674.0,0.8357,1840.0,0.8358,30005.0
1753546946703,16:22:26.703,ADA/USDT:USDT,0.8356,79551.0,0.8355,84674.0,0.8357,1840.0,0.8358,17298.0
1753546946853,16:22:26.853,ADA/USDT:USDT,0.8357,575.0,0.8356,80149.0,0.8358,15458.0,0.8359,70229.0
1753546947153,16:22:27.153,ADA/USDT:USDT,0.8357,75082.0,0.8356,68348.0,0.8358,15458.0,0.8359,92391.0
1753546947303,16:22:27.303,ADA/USDT:USDT,0.8357,75082.0,0.8356,68348.0,0.8358,15458.0,0.8359,92391.0
1753546947453,16:22:27.453,ADA/USDT:USDT,0.8357,75082.0,0.8356,68864.0,0.8358,15458.0,0.8359,92429.0
1753546947603,16:22:27.603,ADA/USDT:USDT,0.8357,75082.0,0.8356,78642.0,0.8358,469.0,0.8359,87549.0
1753546947904,16:22:27.904,ADA/USDT:USDT,0.8357,44355.0,0.8356,77696.0,0.8358,23436.0,0.8359,74341.0
1753546948054,16:22:28.054,ADA/USDT:USDT,0.8357,44355.0,0.8356,77696.0,0.8358,28081.0,0.8359,74341.0
1753546948354,16:22:28.354,ADA/USDT:USDT,0.8356,4101.0,0.8355,91291.0,0.8357,43262.0,0.8358,49573.0
1753546948504,16:22:28.504,ADA/USDT:USDT,0.8356,4101.0,0.8355,95192.0,0.8357,59825.0,0.8358,61003.0
1753546948654,16:22:28.654,ADA/USDT:USDT,0.8356,8671.0,0.8355,95192.0,0.8357,35825.0,0.8358,61003.0
1753546948804,16:22:28.804,ADA/USDT:USDT,0.8356,10941.0,0.8355,95192.0,0.8357,35250.0,0.8358,59876.0
1753546949404,16:22:29.404,ADA/USDT:USDT,0.8356,42013.0,0.8355,95199.0,0.8357,21925.0,0.8358,73834.0
1753546949555,16:22:29.555,ADA/USDT:USDT,0.8356,512.0,0.8355,37509.0,0.8357,50219.0,0.8358,77328.0
1753546949704,16:22:29.704,ADA/USDT:USDT,0.8355,1949.0,0.8354,66876.0,0.8356,575.0,0.8357,50219.0
1753546950455,16:22:30.455,ADA/USDT:USDT,0.8355,4101.0,0.8354,91965.0,0.8356,74606.0,0.8357,69215.0
1753546950605,16:22:30.605,ADA/USDT:USDT,0.8355,4101.0,0.8354,91965.0,0.8356,74606.0,0.8357,69215.0
1753546950755,16:22:30.755,ADA/USDT:USDT,0.8355,4101.0,0.8354,91965.0,0.8356,74606.0,0.8357,69215.0
1753546951055,16:22:31.055,ADA/USDT:USDT,0.8355,4101.0,0.8354,91965.0,0.8356,74606.0,0.8357,69134.0
1753546952256,16:22:32.256,ADA/USDT:USDT,0.8355,27154.0,0.8354,91965.0,0.8356,74606.0,0.8357,69172.0
1753546953156,16:22:33.156,ADA/USDT:USDT,0.8356,51974.0,0.8355,64979.0,0.8357,15689.0,0.8358,51086.0
1753546953757,16:22:33.757,ADA/USDT:USDT,0.8356,67313.0,0.8355,75458.0,0.8357,15339.0,0.8358,61555.0
1753546953907,16:22:33.907,ADA/USDT:USDT,0.8356,66367.0,0.8355,74512.0,0.8357,15339.0,0.8358,61555.0
1753546954057,16:22:34.057,ADA/USDT:USDT,0.8356,66367.0,0.8355,75458.0,0.8357,15339.0,0.8358,62682.0
1753546954207,16:22:34.207,ADA/USDT:USDT,0.8356,66367.0,0.8355,75458.0,0.8357,15339.0,0.8358,77173.0
1753546954657,16:22:34.657,ADA/USDT:USDT,0.8356,66367.0,0.8355,75458.0,0.8357,16525.0,0.8358,77220.0
1753546954807,16:22:34.807,ADA/USDT:USDT,0.8356,42367.0,0.8355,75458.0,0.8357,16525.0,0.8358,77220.0
1753546954957,16:22:34.957,ADA/USDT:USDT,0.8356,42367.0,0.8355,75458.0,0.8357,16525.0,0.8358,80715.0
1753546955108,16:22:35.108,ADA/USDT:USDT,0.8356,19802.0,0.8355,70588.0,0.8357,41472.0,0.8358,80834.0
1753546955257,16:22:35.257,ADA/USDT:USDT,0.8356,20152.0,0.8355,69990.0,0.8357,50472.0,0.8358,80834.0
1753546955408,16:22:35.408,ADA/USDT:USDT,0.8356,20152.0,0.8355,63520.0,0.8357,50472.0,0.8358,80834.0
1753546955558,16:22:35.558,ADA/USDT:USDT,0.8356,20152.0,0.8355,63520.0,0.8357,50472.0,0.8358,80872.0
1753546955708,16:22:35.708,ADA/USDT:USDT,0.8356,20152.0,0.8355,41381.0,0.8357,50472.0,0.8358,80872.0
1753546955858,16:22:35.858,ADA/USDT:USDT,0.8356,20152.0,0.8355,47559.0,0.8357,36668.0,0.8358,79745.0
1753546956008,16:22:36.008,ADA/USDT:USDT,0.8356,36327.0,0.8355,63963.0,0.8357,39886.0,0.8358,32353.0
1753546956158,16:22:36.158,ADA/USDT:USDT,0.8356,36327.0,0.8355,63963.0,0.8357,39886.0,0.8358,46962.0
1753546956458,16:22:36.458,ADA/USDT:USDT,0.8356,234.0,0.8355,18356.0,0.8357,37939.0,0.8358,70336.0
1753546956909,16:22:36.909,ADA/USDT:USDT,0.8356,1833.0,0.8355,45587.0,0.8357,39864.0,0.8358,70336.0
1753546957059,16:22:37.059,ADA/USDT:USDT,0.8356,234.0,0.8355,45587.0,0.8357,39864.0,0.8358,70336.0
1753546957209,16:22:37.209,ADA/USDT:USDT,0.8356,1833.0,0.8355,45587.0,0.8357,52864.0,0.8358,70374.0
1753546957359,16:22:37.359,ADA/USDT:USDT,0.8356,2183.0,0.8355,45587.0,0.8357,39864.0,0.8358,70374.0
1753546957509,16:22:37.509,ADA/USDT:USDT,0.8356,3531.0,0.8355,45587.0,0.8357,39864.0,0.8358,70412.0
1753546957659,16:22:37.659,ADA/USDT:USDT,0.8356,4335.0,0.8355,45587.0,0.8357,39864.0,0.8358,70412.0
1753546957809,16:22:37.809,ADA/USDT:USDT,0.8356,4335.0,0.8355,45587.0,0.8357,39864.0,0.8358,70412.0
1753546957959,16:22:37.959,ADA/USDT:USDT,0.8356,4335.0,0.8355,45587.0,0.8357,39864.0,0.8358,70412.0
1753546958109,16:22:38.109,ADA/USDT:USDT,0.8356,4335.0,0.8355,45587.0,0.8357,39864.0,0.8358,70412.0
1753546958259,16:22:38.259,ADA/USDT:USDT,0.8356,4335.0,0.8355,45587.0,0.8357,39864.0,0.8358,70412.0
1753546958409,16:22:38.409,ADA/USDT:USDT,0.8356,5171.0,0.8355,45587.0,0.8357,39864.0,0.8358,69285.0
1753546958560,16:22:38.560,ADA/USDT:USDT,0.8356,5171.0,0.8355,45587.0,0.8357,39864.0,0.8358,69285.0
1753546958710,16:22:38.710,ADA/USDT:USDT,0.8356,5171.0,0.8355,45587.0,0.8357,39864.0,0.8358,69285.0
1753546958860,16:22:38.860,ADA/USDT:USDT,0.8356,4335.0,0.8355,45587.0,0.8357,39864.0,0.8358,70412.0
1753546959010,16:22:39.010,ADA/USDT:USDT,0.8356,4335.0,0.8355,45587.0,0.8357,39864.0,0.8358,70412.0
1753546959160,16:22:39.160,ADA/USDT:USDT,0.8356,4335.0,0.8355,66087.0,0.8357,84488.0,0.8358,48275.0
1753546959310,16:22:39.310,ADA/USDT:USDT,0.8356,4335.0,0.8355,66087.0,0.8357,61988.0,0.8358,48275.0
1753546959460,16:22:39.460,ADA/USDT:USDT,0.8356,4335.0,0.8355,66087.0,0.8357,61988.0,0.8358,53779.0
1753546959610,16:22:39.610,ADA/USDT:USDT,0.8356,4335.0,0.8355,66087.0,0.8357,61988.0,0.8358,53779.0
1753546959760,16:22:39.760,ADA/USDT:USDT,0.8356,5161.0,0.8355,66087.0,0.8357,61988.0,0.8358,53779.0
1753546959910,16:22:39.910,ADA/USDT:USDT,0.8356,4335.0,0.8355,66087.0,0.8357,61988.0,0.8358,53779.0
1753546960060,16:22:40.060,ADA/USDT:USDT,0.8356,20898.0,0.8355,92850.0,0.8357,39435.0,0.8358,34510.0
1753546960210,16:22:40.210,ADA/USDT:USDT,0.8356,62095.0,0.8355,92969.0,0.8357,17739.0,0.8358,95051.0
1753546960360,16:22:40.360,ADA/USDT:USDT,0.8356,32192.0,0.8355,71523.0,0.8357,42314.0,0.8358,90674.0
1753546960511,16:22:40.511,ADA/USDT:USDT,0.8356,16797.0,0.8355,30979.0,0.8357,42361.0,0.8358,90831.0
1753546960661,16:22:40.661,ADA/USDT:USDT,0.8356,16797.0,0.8355,55232.0,0.8357,42361.0,0.8358,94326.0
1753546960810,16:22:40.810,ADA/USDT:USDT,0.8356,234.0,0.8355,15549.0,0.8357,42361.0,0.8358,94326.0
1753546960961,16:22:40.961,ADA/USDT:USDT,0.8356,22181.0,0.8355,61989.0,0.8357,34092.0,0.8358,78429.0
1753546961111,16:22:41.111,ADA/USDT:USDT,0.8357,9735.0,0.8356,42324.0,0.8358,54429.0,0.8359,55843.0
1753546961261,16:22:41.261,ADA/USDT:USDT,0.8357,63387.0,0.8356,69005.0,0.8358,22475.0,0.8359,61995.0
1753546961411,16:22:41.411,ADA/USDT:USDT,0.8357,56978.0,0.8356,62493.0,0.8358,23301.0,0.8359,61995.0
1753546961561,16:22:41.561,ADA/USDT:USDT,0.8357,56978.0,0.8356,63558.0,0.8358,28441.0,0.8359,85247.0
1753546961711,16:22:41.711,ADA/USDT:USDT,0.8357,56978.0,0.8356,74036.0,0.8358,28441.0,0.8359,85247.0
1753546961861,16:22:41.861,ADA/USDT:USDT,0.8357,56978.0,0.8356,74036.0,0.8358,17739.0,0.8359,70633.0
1753546962011,16:22:42.011,ADA/USDT:USDT,0.8357,56978.0,0.8356,74036.0,0.8358,17739.0,0.8359,85248.0
1753546962161,16:22:42.161,ADA/USDT:USDT,0.8357,56978.0,0.8356,74036.0,0.8358,17739.0,0.8359,85248.0
1753546962311,16:22:42.311,ADA/USDT:USDT,0.8357,56978.0,0.8356,74036.0,0.8358,17739.0,0.8359,85129.0
1753546962461,16:22:42.461,ADA/USDT:USDT,0.8357,72317.0,0.8356,96160.0,0.8358,17739.0,0.8359,70561.0
1753546962612,16:22:42.612,ADA/USDT:USDT,0.8357,72317.0,0.8356,96160.0,0.8358,17739.0,0.8359,85176.0
1753546962762,16:22:42.762,ADA/USDT:USDT,0.8357,72317.0,0.8356,96160.0,0.8358,17739.0,0.8359,85176.0
1753546962912,16:22:42.912,ADA/USDT:USDT,0.8357,72317.0,0.8356,96160.0,0.8358,17739.0,0.8359,84049.0
1753546963062,16:22:43.062,ADA/USDT:USDT,0.8357,72317.0,0.8356,96160.0,0.8358,17739.0,0.8359,84052.0
1753546963212,16:22:43.212,ADA/USDT:USDT,0.8357,72317.0,0.8356,96160.0,0.8358,17739.0,0.8359,63301.0
1753546963362,16:22:43.362,ADA/USDT:USDT,0.8357,72317.0,0.8356,96160.0,0.8358,17739.0,0.8359,64428.0
1753546963512,16:22:43.512,ADA/USDT:USDT,0.8357,72317.0,0.8356,96160.0,0.8358,17739.0,0.8359,64428.0
1753546963662,16:22:43.662,ADA/USDT:USDT,0.8357,72317.0,0.8356,96160.0,0.8358,17739.0,0.8359,64428.0
1753546963812,16:22:43.812,ADA/USDT:USDT,0.8357,72317.0,0.8356,96160.0,0.8358,17389.0,0.8359,49810.0
1753546963962,16:22:43.962,ADA/USDT:USDT,0.8359,575.0,0.8358,60668.0,0.836,18015.0,0.8361,52131.0
1753546964112,16:22:44.112,ADA/USDT:USDT,0.8359,72084.0,0.8358,106416.0,0.836,18015.0,0.8361,52131.0
1753546964263,16:22:44.263,ADA/USDT:USDT,0.8359,47258.0,0.8358,106416.0,0.836,19883.0,0.8361,74085.0
1753546964413,16:22:44.413,ADA/USDT:USDT,0.8359,47258.0,0.8358,107132.0,0.836,19883.0,0.8361,74085.0
1753546964563,16:22:44.563,ADA/USDT:USDT,0.8359,47258.0,0.8358,107132.0,0.836,16525.0,0.8361,59579.0
1753546964713,16:22:44.713,ADA/USDT:USDT,0.8359,47258.0,0.8358,107132.0,0.836,16525.0,0.8361,93958.0
1753546964863,16:22:44.863,ADA/USDT:USDT,0.8359,47258.0,0.8358,107132.0,0.836,16525.0,0.8361,93958.0
1753546965313,16:22:45.313,ADA/USDT:USDT,0.8359,70597.0,0.8358,107132.0,0.836,15359.0,0.8361,74534.0
1753546965463,16:22:45.463,ADA/USDT:USDT,0.8359,70597.0,0.8358,106535.0,0.836,15359.0,0.8361,74534.0
1753546965613,16:22:45.613,ADA/USDT:USDT,0.8359,70597.0,0.8358,106535.0,0.836,15359.0,0.8361,89153.0
1753546965763,16:22:45.763,ADA/USDT:USDT,0.8359,71194.0,0.8358,106535.0,0.836,15359.0,0.8361,60458.0
1753546965913,16:22:45.913,ADA/USDT:USDT,0.8359,71194.0,0.8358,106535.0,0.836,15359.0,0.8361,45839.0
1753546966064,16:22:46.064,ADA/USDT:USDT,0.8359,71194.0,0.8358,106535.0,0.836,15359.0,0.8361,45839.0
1753546966214,16:22:46.214,ADA/USDT:USDT,0.8359,87194.0,0.8358,106535.0,0.836,15359.0,0.8361,52201.0
1753546966364,16:22:46.364,ADA/USDT:USDT,0.8359,87194.0,0.8358,106535.0,0.836,15359.0,0.8361,53328.0
1753546966514,16:22:46.514,ADA/USDT:USDT,0.8359,87194.0,0.8358,106535.0,0.836,15359.0,0.8361,67949.0
1753546966664,16:22:46.664,ADA/USDT:USDT,0.836,4613.0,0.8359,87194.0,0.8361,40108.0,0.8362,34070.0
1753546966814,16:22:46.814,ADA/USDT:USDT,0.836,68312.0,0.8359,95360.0,0.8361,40108.0,0.8362,48691.0
1753546966964,16:22:46.964,ADA/USDT:USDT,0.836,45138.0,0.8359,68523.0,0.8361,41920.0,0.8362,48691.0
1753546967114,16:22:47.114,ADA/USDT:USDT,0.836,44312.0,0.8359,90639.0,0.8361,27453.0,0.8362,70807.0
1753546967264,16:22:47.264,ADA/USDT:USDT,0.836,44312.0,0.8359,90639.0,0.8361,27453.0,0.8362,70807.0
1753546967414,16:22:47.414,ADA/USDT:USDT,0.836,39699.0,0.8359,90639.0,0.8361,27453.0,0.8362,71934.0
1753546967564,16:22:47.564,ADA/USDT:USDT,0.836,39699.0,0.8359,82639.0,0.8361,34372.0,0.8362,75427.0
1753546967714,16:22:47.714,ADA/USDT:USDT,0.836,26804.0,0.8359,82639.0,0.8361,34372.0,0.8362,75427.0
1753546967864,16:22:47.864,ADA/USDT:USDT,0.836,26804.0,0.8359,75009.0,0.8361,34372.0,0.8362,75427.0
1753546968015,16:22:48.015,ADA/USDT:USDT,0.836,10241.0,0.8359,75009.0,0.8361,34372.0,0.8362,75427.0
1753546968165,16:22:48.165,ADA/USDT:USDT,0.8359,44355.0,0.8358,35902.0,0.8361,66669.0,0.8362,75546.0
1753546968315,16:22:48.315,ADA/USDT:USDT,0.8359,14123.0,0.8358,87247.0,0.836,35319.0,0.8361,67666.0
1753546968465,16:22:48.465,ADA/USDT:USDT,0.836,16913.0,0.8359,67858.0,0.8361,16501.0,0.8362,47019.0
1753546968615,16:22:48.615,ADA/USDT:USDT,0.836,16913.0,0.8359,90600.0,0.8361,41920.0,0.8362,47057.0
1753546968765,16:22:48.765,ADA/USDT:USDT,0.836,18512.0,0.8359,90600.0,0.8361,58483.0,0.8362,47057.0
1753546968915,16:22:48.915,ADA/USDT:USDT,0.836,36437.0,0.8359,79722.0,0.8361,39488.0,0.8362,31149.0
1753546969065,16:22:49.065,ADA/USDT:USDT,0.836,47937.0,0.8359,79722.0,0.8361,812.0,0.8362,69788.0
1753546969215,16:22:49.215,ADA/USDT:USDT,0.836,20749.0,0.8359,79722.0,0.8361,16151.0,0.8362,90403.0
1753546969365,16:22:49.365,ADA/USDT:USDT,0.836,35491.0,0.8359,79722.0,0.8361,16151.0,0.8362,51779.0
1753546969515,16:22:49.515,ADA/USDT:USDT,0.8361,37117.0,0.836,33851.0,0.8362,44417.0,0.8363,55962.0
1753546969665,16:22:49.665,ADA/USDT:USDT,0.8361,63157.0,0.836,102589.0,0.8362,469.0,0.8363,54445.0
1753546969815,16:22:49.815,ADA/USDT:USDT,0.8362,27236.0,0.8361,99862.0,0.8363,38264.0,0.8364,39092.0
1753546969966,16:22:49.966,ADA/USDT:USDT,0.8362,43799.0,0.8361,106836.0,0.8363,38614.0,0.8364,39092.0
1753546970116,16:22:50.116,ADA/USDT:USDT,0.8361,31853.0,0.836,88566.0,0.8362,283.0,0.8363,75540.0
1753546970265,16:22:50.265,ADA/USDT:USDT,0.836,49566.0,0.8359,39667.0,0.8362,83309.0,0.8363,95288.0
1753546970416,16:22:50.416,ADA/USDT:USDT,0.836,3589.0,0.8359,109408.0,0.8361,42947.0,0.8362,103990.0
1753546970566,16:22:50.566,ADA/USDT:USDT,0.836,24171.0,0.8359,108811.0,0.8361,18947.0,0.8362,125815.0
1753546970716,16:22:50.716,ADA/USDT:USDT,0.836,40734.0,0.8359,108811.0,0.8361,17958.0,0.8362,124688.0
1753546970866,16:22:50.866,ADA/USDT:USDT,0.836,56073.0,0.8359,91956.0,0.8361,17958.0,0.8362,124688.0
1753546971016,16:22:51.016,ADA/USDT:USDT,0.836,40734.0,0.8359,91956.0,0.8361,53521.0,0.8362,109252.0
1753546971166,16:22:51.166,ADA/USDT:USDT,0.836,40734.0,0.8359,91359.0,0.8361,34521.0,0.8362,109252.0
1753546971316,16:22:51.316,ADA/USDT:USDT,0.836,40734.0,0.8359,91359.0,0.8361,34521.0,0.8362,109252.0
1753546971466,16:22:51.466,ADA/USDT:USDT,0.836,40734.0,0.8359,91359.0,0.8361,34521.0,0.8362,109252.0
1753546971616,16:22:51.616,ADA/USDT:USDT,0.836,40734.0,0.8359,91359.0,0.8361,34521.0,0.8362,109252.0
1753546971767,16:22:51.767,ADA/USDT:USDT,0.836,40734.0,0.8359,91359.0,0.8361,34521.0,0.8362,109252.0
1753546971917,16:22:51.917,ADA/USDT:USDT,0.836,40734.0,0.8359,91359.0,0.8361,34521.0,0.8362,109252.0
1753546972067,16:22:52.067,ADA/USDT:USDT,0.836,40734.0,0.8359,91359.0,0.8361,34521.0,0.8362,109252.0
1753546972217,16:22:52.217,ADA/USDT:USDT,0.836,40734.0,0.8359,91359.0,0.8361,34521.0,0.8362,109252.0
1753546972367,16:22:52.367,ADA/USDT:USDT,0.836,56073.0,0.8359,91359.0,0.8361,34521.0,0.8362,109252.0
1753546972517,16:22:52.517,ADA/USDT:USDT,0.836,56073.0,0.8359,91359.0,0.8361,16563.0,0.8362,55266.0
1753546972667,16:22:52.667,ADA/USDT:USDT,0.8361,25167.0,0.836,75106.0,0.8362,37799.0,0.8363,33508.0
1753546972817,16:22:52.817,ADA/USDT:USDT,0.8361,10519.0,0.836,101851.0,0.8362,15689.0,0.8363,58610.0
1753546972967,16:22:52.967,ADA/USDT:USDT,0.8361,3589.0,0.836,93082.0,0.8362,44069.0,0.8363,80720.0
1753546973117,16:22:53.117,ADA/USDT:USDT,0.8361,3589.0,0.836,93082.0,0.8362,59569.0,0.8363,81847.0
1753546973267,16:22:53.267,ADA/USDT:USDT,0.8361,4079.0,0.836,93082.0,0.8362,59569.0,0.8363,81847.0
1753546973417,16:22:53.417,ADA/USDT:USDT,0.8361,4079.0,0.836,93082.0,0.8362,59569.0,0.8363,85332.0
1753546973568,16:22:53.568,ADA/USDT:USDT,0.8361,4079.0,0.836,93082.0,0.8362,44069.0,0.8363,85332.0
1753546973718,16:22:53.718,ADA/USDT:USDT,0.8361,44218.0,0.836,76519.0,0.8362,44069.0,0.8363,84205.0
1753546973868,16:22:53.868,ADA/USDT:USDT,0.8361,44218.0,0.836,76519.0,0.8362,44069.0,0.8363,80720.0
1753546974018,16:22:54.018,ADA/USDT:USDT,0.8361,44218.0,0.836,76519.0,0.8362,44069.0,0.8363,80720.0
1753546974168,16:22:54.168,ADA/USDT:USDT,0.8361,44218.0,0.836,76519.0,0.8362,44069.0,0.8363,80720.0
1753546974318,16:22:54.318,ADA/USDT:USDT,0.8363,9064.0,0.8362,118907.0,0.8364,17274.0,0.8365,23035.0
1753546974468,16:22:54.468,ADA/USDT:USDT,0.8363,27107.0,0.8362,102344.0,0.8364,26843.0,0.8365,33271.0
1753546974618,16:22:54.618,ADA/USDT:USDT,0.8363,27107.0,0.8362,102344.0,0.8364,26843.0,0.8365,63382.0
1753546974768,16:22:54.768,ADA/USDT:USDT,0.8363,27107.0,0.8362,102463.0,0.8364,26843.0,0.8365,63382.0
1753546974918,16:22:54.918,ADA/USDT:USDT,0.8363,27107.0,0.8362,102463.0,0.8364,26843.0,0.8365,78012.0
1753546975068,16:22:55.068,ADA/USDT:USDT,0.8363,27107.0,0.8362,102463.0,0.8364,26843.0,0.8365,78012.0
1753546975219,16:22:55.219,ADA/USDT:USDT,0.8363,26270.0,0.8362,102463.0,0.8364,26843.0,0.8365,78012.0
1753546975369,16:22:55.369,ADA/USDT:USDT,0.8363,24671.0,0.8362,102463.0,0.8364,26843.0,0.8365,78012.0
1753546975519,16:22:55.519,ADA/USDT:USDT,0.8363,26270.0,0.8362,102463.0,0.8364,26843.0,0.8365,78012.0
1753546975819,16:22:55.819,ADA/USDT:USDT,0.8363,26270.0,0.8362,102463.0,0.8364,26843.0,0.8365,78012.0
1753546976119,16:22:56.119,ADA/USDT:USDT,0.8363,26270.0,0.8362,102463.0,0.8364,26843.0,0.8365,78012.0
1753546976269,16:22:56.269,ADA/USDT:USDT,0.8363,26270.0,0.8362,102463.0,0.8364,26843.0,0.8365,78012.0
1753546976419,16:22:56.419,ADA/USDT:USDT,0.8363,26270.0,0.8362,102463.0,0.8364,26843.0,0.8365,63382.0
1753546976569,16:22:56.569,ADA/USDT:USDT,0.8363,26270.0,0.8362,102463.0,0.8364,26843.0,0.8365,78007.0
1753546976869,16:22:56.869,ADA/USDT:USDT,0.8363,26270.0,0.8362,102463.0,0.8364,26843.0,0.8365,78007.0
1753546977020,16:22:57.020,ADA/USDT:USDT,0.8363,26270.0,0.8362,102463.0,0.8364,26843.0,0.8365,78007.0
1753546977170,16:22:57.170,ADA/USDT:USDT,0.8363,26270.0,0.8362,102463.0,0.8364,16959.0,0.8365,78007.0
1753546977320,16:22:57.320,ADA/USDT:USDT,0.8363,41609.0,0.8362,103060.0,0.8364,16959.0,0.8365,39382.0
1753546977470,16:22:57.470,ADA/USDT:USDT,0.8364,20139.0,0.8363,66007.0,0.8365,52620.0,0.8366,90737.0
1753546977620,16:22:57.620,ADA/USDT:USDT,0.8364,25568.0,0.8363,73504.0,0.8365,37991.0,0.8366,91864.0
1753546977770,16:22:57.770,ADA/USDT:USDT,0.8364,18203.0,0.8363,65461.0,0.8365,40188.0,0.8366,91864.0
1753546977920,16:22:57.920,ADA/USDT:USDT,0.8364,19802.0,0.8363,65461.0,0.8365,55609.0,0.8366,90737.0
1753546978070,16:22:58.070,ADA/USDT:USDT,0.8364,20152.0,0.8363,65461.0,0.8365,55609.0,0.8366,91864.0
1753546978220,16:22:58.220,ADA/USDT:USDT,0.8364,20152.0,0.8363,65461.0,0.8365,55609.0,0.8366,91864.0
1753546978370,16:22:58.370,ADA/USDT:USDT,0.8364,20152.0,0.8363,65461.0,0.8365,55609.0,0.8366,91864.0
1753546978520,16:22:58.520,ADA/USDT:USDT,0.8364,18553.0,0.8363,65461.0,0.8365,55609.0,0.8366,91864.0
1753546978670,16:22:58.670,ADA/USDT:USDT,0.8364,18553.0,0.8363,65461.0,0.8365,55609.0,0.8366,91864.0
1753546978821,16:22:58.821,ADA/USDT:USDT,0.8364,18553.0,0.8363,65461.0,0.8365,55609.0,0.8366,91864.0
1753546978970,16:22:58.970,ADA/USDT:USDT,0.8364,18553.0,0.8363,65461.0,0.8365,62609.0,0.8366,91864.0
1753546979121,16:22:59.121,ADA/USDT:USDT,0.8364,18553.0,0.8363,65461.0,0.8365,84716.0,0.8366,69756.0
1753546979271,16:22:59.271,ADA/USDT:USDT,0.8364,18553.0,0.8363,65461.0,0.8365,84716.0,0.8366,48285.0
1753546979421,16:22:59.421,ADA/USDT:USDT,0.8364,18553.0,0.8363,65461.0,0.8365,84716.0,0.8366,48285.0
1753546979571,16:22:59.571,ADA/USDT:USDT,0.8364,18553.0,0.8363,65461.0,0.8365,84716.0,0.8366,48285.0
1753546979721,16:22:59.721,ADA/USDT:USDT,0.8364,18553.0,0.8363,65461.0,0.8365,84716.0,0.8366,48285.0
1753546979871,16:22:59.871,ADA/USDT:USDT,0.8364,20152.0,0.8363,65461.0,0.8365,84716.0,0.8366,48285.0
1753546980021,16:23:00.021,ADA/USDT:USDT,0.8364,20152.0,0.8363,65461.0,0.8365,84716.0,0.8366,58753.0
1753546980171,16:23:00.171,ADA/USDT:USDT,0.8364,18553.0,0.8363,65461.0,0.8365,61716.0,0.8366,58753.0
1753546980322,16:23:00.322,ADA/USDT:USDT,0.8363,1949.0,0.8362,51258.0,0.8365,61716.0,0.8366,58753.0
1753546980471,16:23:00.471,ADA/USDT:USDT,0.8363,1949.0,0.8362,72474.0,0.8364,55318.0,0.8365,59412.0
1753546980622,16:23:00.622,ADA/USDT:USDT,0.8363,5611.0,0.8362,50367.0,0.8364,56445.0,0.8365,75159.0
1753546980772,16:23:00.772,ADA/USDT:USDT,0.8363,12101.0,0.8362,56856.0,0.8364,48945.0,0.8365,74032.0
1753546980921,16:23:00.921,ADA/USDT:USDT,0.8361,95700.0,0.836,109426.0,0.8363,283.0,0.8364,47818.0
1753546981072,16:23:01.072,ADA/USDT:USDT,0.8361,55911.0,0.836,138652.0,0.8362,15339.0,0.8363,16149.0
1753546981222,16:23:01.222,ADA/USDT:USDT,0.8361,82812.0,0.836,138652.0,0.8362,15142.0,0.8363,16268.0
1753546981372,16:23:01.372,ADA/USDT:USDT,0.8362,575.0,0.8361,93909.0,0.8363,16268.0,0.8364,70371.0
1753546981522,16:23:01.522,ADA/USDT:USDT,0.8362,39586.0,0.8361,89835.0,0.8363,15808.0,0.8364,66896.0
1753546981672,16:23:01.672,ADA/USDT:USDT,0.8362,38776.0,0.8361,67890.0,0.8363,16618.0,0.8364,68023.0
1753546981822,16:23:01.822,ADA/USDT:USDT,0.8362,38776.0,0.8361,67890.0,0.8363,35208.0,0.8364,68023.0
1753546981972,16:23:01.972,ADA/USDT:USDT,0.8362,8642.0,0.8361,67890.0,0.8363,59208.0,0.8364,68023.0
1753546982122,16:23:02.122,ADA/USDT:USDT,0.8359,119.0,0.8358,704.0,0.836,130601.0,0.8361,98784.0
1753546982273,16:23:02.273,ADA/USDT:USDT,0.8357,3785.0,0.8356,18358.0,0.8359,283.0,0.836,72476.0
1753546982423,16:23:02.423,ADA/USDT:USDT,0.8357,5794.0,0.8356,40462.0,0.8358,37912.0,0.8359,40432.0
1753546982573,16:23:02.573,ADA/USDT:USDT,0.8357,84275.0,0.8356,62408.0,0.8359,17462.0,0.836,85332.0
1753546982722,16:23:02.722,ADA/USDT:USDT,0.8358,52138.0,0.8357,60111.0,0.8359,21009.0,0.836,59710.0
1753546982873,16:23:02.873,ADA/USDT:USDT,0.8359,575.0,0.8358,82891.0,0.836,34297.0,0.8361,30688.0
1753546983023,16:23:03.023,ADA/USDT:USDT,0.8359,77964.0,0.8358,74301.0,0.836,23702.0,0.8361,27174.0
1753546983173,16:23:03.173,ADA/USDT:USDT,0.836,18615.0,0.8359,87744.0,0.8361,26255.0,0.8362,30791.0
1753546983323,16:23:03.323,ADA/USDT:USDT,0.836,35528.0,0.8359,79310.0,0.8361,4476.0,0.8362,52922.0
1753546983473,16:23:03.473,ADA/USDT:USDT,0.836,35528.0,0.8359,79310.0,0.8361,5353.0,0.8362,52922.0
1753546983623,16:23:03.623,ADA/USDT:USDT,0.836,17138.0,0.8359,54364.0,0.8361,20692.0,0.8362,61563.0
1753546983773,16:23:03.773,ADA/USDT:USDT,0.8359,7633.0,0.8358,77708.0,0.836,32554.0,0.8361,40329.0
1753546983923,16:23:03.923,ADA/USDT:USDT,0.8358,66939.0,0.8357,46466.0,0.8359,283.0,0.836,50488.0
1753546984073,16:23:04.073,ADA/USDT:USDT,0.8357,28298.0,0.8356,60788.0,0.8358,283.0,0.8359,89622.0
1753546984224,16:23:04.224,ADA/USDT:USDT,0.8357,3137.0,0.8356,60788.0,0.8358,35717.0,0.8359,84026.0
1753546984374,16:23:04.374,ADA/USDT:USDT,0.8357,31294.0,0.8356,60788.0,0.8358,37666.0,0.8359,82077.0
1753546984524,16:23:04.524,ADA/USDT:USDT,0.8357,47857.0,0.8356,61734.0,0.8358,31902.0,0.8359,64575.0
1753546984674,16:23:04.674,ADA/USDT:USDT,0.8358,21306.0,0.8357,47386.0,0.8359,19696.0,0.836,69066.0
1753546984824,16:23:04.824,ADA/USDT:USDT,0.8358,58443.0,0.8357,45439.0,0.836,69066.0,0.8361,98170.0
1753546984974,16:23:04.974,ADA/USDT:USDT,0.8359,33787.0,0.8358,39884.0,0.836,71014.0,0.8361,98170.0
1753546985124,16:23:05.124,ADA/USDT:USDT,0.8359,35736.0,0.8358,53990.0,0.836,46473.0,0.8361,98208.0
1753546985274,16:23:05.274,ADA/USDT:USDT,0.8359,36326.0,0.8358,56252.0,0.836,46473.0,0.8361,98208.0
1753546985424,16:23:05.424,ADA/USDT:USDT,0.8359,36326.0,0.8358,38400.0,0.836,46473.0,0.8361,40890.0
1753546985574,16:23:05.574,ADA/USDT:USDT,0.8359,36048.0,0.8358,40613.0,0.836,70473.0,0.8361,42055.0
1753546985724,16:23:05.724,ADA/USDT:USDT,0.8359,36048.0,0.8358,40613.0,0.836,70473.0,0.8361,49668.0
1753546985874,16:23:05.874,ADA/USDT:USDT,0.8359,36048.0,0.8358,40613.0,0.836,70473.0,0.8361,64300.0
1753546986025,16:23:06.025,ADA/USDT:USDT,0.8359,25592.0,0.8358,40613.0,0.836,46473.0,0.8361,64300.0
1753546986175,16:23:06.175,ADA/USDT:USDT,0.8359,25592.0,0.8358,41559.0,0.836,39068.0,0.8361,34330.0
1753546986325,16:23:06.325,ADA/USDT:USDT,0.8359,48997.0,0.8358,46482.0,0.836,22130.0,0.8361,21023.0
1753546986475,16:23:06.475,ADA/USDT:USDT,0.8361,25428.0,0.836,53425.0,0.8362,64114.0,0.8363,99392.0
1753546986775,16:23:06.775,ADA/USDT:USDT,0.8362,575.0,0.8361,47570.0,0.8363,31600.0,0.8364,43450.0
1753546986925,16:23:06.925,ADA/USDT:USDT,0.8362,69802.0,0.8361,55723.0,0.8363,26615.0,0.8364,61867.0
1753546987075,16:23:07.075,ADA/USDT:USDT,0.8362,70747.0,0.8361,56668.0,0.8363,4476.0,0.8364,84043.0
1753546987225,16:23:07.225,ADA/USDT:USDT,0.8362,45589.0,0.8361,56787.0,0.8363,36378.0,0.8364,87546.0
1753546987375,16:23:07.375,ADA/USDT:USDT,0.8362,44992.0,0.8361,57384.0,0.8363,36378.0,0.8364,87546.0
1753546987525,16:23:07.525,ADA/USDT:USDT,0.8362,44992.0,0.8361,67854.0,0.8363,36378.0,0.8364,87546.0
1753546987675,16:23:07.675,ADA/USDT:USDT,0.8362,44992.0,0.8361,67854.0,0.8363,15339.0,0.8364,67572.0
1753546987826,16:23:07.826,ADA/USDT:USDT,0.8363,575.0,0.8362,49796.0,0.8364,38335.0,0.8365,102841.0
1753546987976,16:23:07.976,ADA/USDT:USDT,0.8363,51334.0,0.8362,51118.0,0.8364,19696.0,0.8365,68253.0
1753546988126,16:23:08.126,ADA/USDT:USDT,0.8363,51334.0,0.8362,51118.0,0.8364,19696.0,0.8365,72838.0
1753546988276,16:23:08.276,ADA/USDT:USDT,0.8363,48215.0,0.8362,72312.0,0.8364,32292.0,0.8365,77468.0
1753546988426,16:23:08.426,ADA/USDT:USDT,0.8363,49814.0,0.8362,69109.0,0.8364,32292.0,0.8365,77468.0
1753546988576,16:23:08.576,ADA/USDT:USDT,0.8363,49814.0,0.8362,69109.0,0.8364,32292.0,0.8365,77468.0
1753546988726,16:23:08.726,ADA/USDT:USDT,0.8363,49814.0,0.8362,69109.0,0.8364,32292.0,0.8365,76341.0
1753546989026,16:23:09.026,ADA/USDT:USDT,0.8363,49814.0,0.8362,69109.0,0.8364,32292.0,0.8365,76341.0
1753546989176,16:23:09.176,ADA/USDT:USDT,0.8363,49814.0,0.8362,69109.0,0.8364,32292.0,0.8365,72930.0
1753546989326,16:23:09.326,ADA/USDT:USDT,0.8363,49814.0,0.8362,69109.0,0.8364,32292.0,0.8365,72930.0
1753546989477,16:23:09.477,ADA/USDT:USDT,0.8363,49814.0,0.8362,69109.0,0.8364,32292.0,0.8365,72930.0
1753546989627,16:23:09.627,ADA/USDT:USDT,0.8363,49814.0,0.8362,69109.0,0.8364,32292.0,0.8365,72930.0
1753546989777,16:23:09.777,ADA/USDT:USDT,0.8363,49814.0,0.8362,79578.0,0.8364,45292.0,0.8365,69427.0
1753546989927,16:23:09.927,ADA/USDT:USDT,0.8363,49814.0,0.8362,79578.0,0.8364,32292.0,0.8365,69427.0
1753546990077,16:23:10.077,ADA/USDT:USDT,0.8363,48215.0,0.8362,79578.0,0.8364,32292.0,0.8365,69427.0
1753546990227,16:23:10.227,ADA/USDT:USDT,0.8363,49814.0,0.8362,79574.0,0.8364,32292.0,0.8365,71799.0
1753546990377,16:23:10.377,ADA/USDT:USDT,0.8363,49814.0,0.8362,79574.0,0.8364,32292.0,0.8365,57174.0
1753546990527,16:23:10.527,ADA/USDT:USDT,0.8363,49814.0,0.8362,79574.0,0.8364,31942.0,0.8365,72924.0
1753546990677,16:23:10.677,ADA/USDT:USDT,0.8363,49814.0,0.8362,79574.0,0.8364,31942.0,0.8365,77537.0
1753546990827,16:23:10.827,ADA/USDT:USDT,0.8363,49814.0,0.8362,79574.0,0.8364,31942.0,0.8365,69421.0
1753546990977,16:23:10.977,ADA/USDT:USDT,0.8364,575.0,0.8363,49814.0,0.8365,40362.0,0.8366,50272.0
1753546991128,16:23:11.128,ADA/USDT:USDT,0.8364,75363.0,0.8363,53137.0,0.8365,19934.0,0.8366,50100.0
1753546991278,16:23:11.278,ADA/USDT:USDT,0.8364,50930.0,0.8363,52192.0,0.8365,19934.0,0.8366,86843.0
1753546991428,16:23:11.428,ADA/USDT:USDT,0.8364,50089.0,0.8363,52192.0,0.8365,36497.0,0.8366,86843.0
1753546991578,16:23:11.578,ADA/USDT:USDT,0.8364,50089.0,0.8363,53137.0,0.8365,36497.0,0.8366,86843.0
1753546991728,16:23:11.728,ADA/USDT:USDT,0.8364,50089.0,0.8363,53137.0,0.8365,36497.0,0.8366,86843.0
1753546991878,16:23:11.878,ADA/USDT:USDT,0.8364,50089.0,0.8363,53137.0,0.8365,36497.0,0.8366,97311.0
1753546992028,16:23:12.028,ADA/USDT:USDT,0.8364,49514.0,0.8363,52192.0,0.8365,36497.0,0.8366,98438.0
1753546992178,16:23:12.178,ADA/USDT:USDT,0.8364,49514.0,0.8363,52192.0,0.8365,36497.0,0.8366,98438.0
1753546992328,16:23:12.328,ADA/USDT:USDT,0.8364,32064.0,0.8363,52192.0,0.8365,36497.0,0.8366,98438.0
1753546992478,16:23:12.478,ADA/USDT:USDT,0.8364,17503.0,0.8363,52192.0,0.8365,41301.0,0.8366,101941.0
1753546992628,16:23:12.628,ADA/USDT:USDT,0.8363,50474.0,0.8362,51425.0,0.8364,283.0,0.8365,41301.0
1753546992778,16:23:12.778,ADA/USDT:USDT,0.8363,10832.0,0.8362,66034.0,0.8364,71028.0,0.8365,46816.0
1753546992928,16:23:12.928,ADA/USDT:USDT,0.8363,38146.0,0.8362,66979.0,0.8364,37414.0,0.8365,45689.0
1753546993079,16:23:13.079,ADA/USDT:USDT,0.8363,54709.0,0.8362,66979.0,0.8364,20851.0,0.8365,45736.0
1753546993229,16:23:13.229,ADA/USDT:USDT,0.8363,54709.0,0.8362,66979.0,0.8364,2722.0,0.8365,44026.0
1753546993379,16:23:13.379,ADA/USDT:USDT,0.8363,55306.0,0.8362,66979.0,0.8364,4321.0,0.8365,58649.0
1753546993529,16:23:13.529,ADA/USDT:USDT,0.8363,55306.0,0.8362,66979.0,0.8364,5162.0,0.8365,58649.0
1753546993679,16:23:13.679,ADA/USDT:USDT,0.8363,55306.0,0.8362,66034.0,0.8364,5512.0,0.8365,52149.0
1753546993829,16:23:13.829,ADA/USDT:USDT,0.8363,62806.0,0.8362,66034.0,0.8364,5512.0,0.8365,69649.0
1753546993979,16:23:13.979,ADA/USDT:USDT,0.8363,62806.0,0.8362,70482.0,0.8364,1598.0,0.8365,23031.0
1753546994129,16:23:14.129,ADA/USDT:USDT,0.8363,44306.0,0.8362,66979.0,0.8364,3450.0,0.8365,52860.0
1753546994279,16:23:14.279,ADA/USDT:USDT,0.8363,44306.0,0.8362,66979.0,0.8364,2959.0,0.8365,52860.0
1753546994429,16:23:14.429,ADA/USDT:USDT,0.8363,44306.0,0.8362,66034.0,0.8364,19522.0,0.8365,52860.0
1753546994579,16:23:14.579,ADA/USDT:USDT,0.8363,43709.0,0.8362,66631.0,0.8364,19522.0,0.8365,52860.0
1753546994730,16:23:14.730,ADA/USDT:USDT,0.8363,43709.0,0.8362,67576.0,0.8364,19522.0,0.8365,52860.0
1753546994880,16:23:14.880,ADA/USDT:USDT,0.8363,62209.0,0.8362,67576.0,0.8364,2959.0,0.8365,36397.0
1753546995030,16:23:15.030,ADA/USDT:USDT,0.8363,62209.0,0.8362,66979.0,0.8364,2959.0,0.8365,36397.0
1753546995180,16:23:15.180,ADA/USDT:USDT,0.8363,62806.0,0.8362,66979.0,0.8364,2609.0,0.8365,36397.0
1753546995330,16:23:15.330,ADA/USDT:USDT,0.8363,62806.0,0.8362,66979.0,0.8364,2609.0,0.8365,36397.0
1753546995480,16:23:15.480,ADA/USDT:USDT,0.8363,44306.0,0.8362,66979.0,0.8364,1599.0,0.8365,21191.0
1753546995630,16:23:15.630,ADA/USDT:USDT,0.8363,44306.0,0.8362,66979.0,0.8364,1599.0,0.8365,52122.0
1753546995780,16:23:15.780,ADA/USDT:USDT,0.8363,44306.0,0.8362,66979.0,0.8364,1599.0,0.8365,52122.0
1753546995930,16:23:15.930,ADA/USDT:USDT,0.8363,67806.0,0.8362,66979.0,0.8364,1599.0,0.8365,66122.0
1753546996080,16:23:16.080,ADA/USDT:USDT,0.8363,67806.0,0.8362,66979.0,0.8364,1599.0,0.8365,66122.0
1753546996230,16:23:16.230,ADA/USDT:USDT,0.8364,575.0,0.8363,67806.0,0.8365,52122.0,0.8366,82810.0
1753546996380,16:23:16.380,ADA/USDT:USDT,0.8364,21448.0,0.8363,88901.0,0.8365,29834.0,0.8366,97436.0
1753546996530,16:23:16.530,ADA/USDT:USDT,0.8364,15539.0,0.8363,88901.0,0.8365,29834.0,0.8366,97436.0
1753546996681,16:23:16.681,ADA/USDT:USDT,0.8362,8627.0,0.8361,61178.0,0.8363,26364.0,0.8364,48688.0
1753546996831,16:23:16.831,ADA/USDT:USDT,0.8361,8518.0,0.836,59667.0,0.8362,283.0,0.8363,92626.0
1753546996981,16:23:16.981,ADA/USDT:USDT,0.8361,22084.0,0.836,86572.0,0.8362,14708.0,0.8363,57771.0
1753546997131,16:23:17.131,ADA/USDT:USDT,0.8362,575.0,0.8361,39244.0,0.8363,23022.0,0.8364,34306.0
1753546997281,16:23:17.281,ADA/USDT:USDT,0.8363,575.0,0.8362,72810.0,0.8364,16299.0,0.8365,62114.0
1753546997431,16:23:17.431,ADA/USDT:USDT,0.8363,78353.0,0.8362,84109.0,0.8364,17309.0,0.8365,51637.0
1753546997581,16:23:17.581,ADA/USDT:USDT,0.8363,55353.0,0.8362,84109.0,0.8364,18417.0,0.8365,51637.0
1753546997731,16:23:17.731,ADA/USDT:USDT,0.8363,55353.0,0.8362,79133.0,0.8364,18417.0,0.8365,51637.0
1753546997881,16:23:17.881,ADA/USDT:USDT,0.8363,55353.0,0.8362,79133.0,0.8364,18298.0,0.8365,67395.0
1753546998031,16:23:18.031,ADA/USDT:USDT,0.8363,55353.0,0.8362,79133.0,0.8364,18298.0,0.8365,67395.0
1753546998181,16:23:18.181,ADA/USDT:USDT,0.8363,55353.0,0.8362,79133.0,0.8364,18298.0,0.8365,67395.0
1753546998332,16:23:18.332,ADA/USDT:USDT,0.8363,54512.0,0.8362,62633.0,0.8364,35068.0,0.8365,66268.0
1753546998482,16:23:18.482,ADA/USDT:USDT,0.8363,54512.0,0.8362,62633.0,0.8364,35068.0,0.8365,66266.0
1753546998632,16:23:18.632,ADA/USDT:USDT,0.8363,54512.0,0.8362,62633.0,0.8364,18298.0,0.8365,51637.0
1753546998782,16:23:18.782,ADA/USDT:USDT,0.8363,54512.0,0.8362,62633.0,0.8364,31798.0,0.8365,67393.0
1753546998932,16:23:18.932,ADA/USDT:USDT,0.8363,54512.0,0.8362,61688.0,0.8364,32639.0,0.8365,67393.0
1753546999082,16:23:19.082,ADA/USDT:USDT,0.8363,54512.0,0.8362,62633.0,0.8364,19139.0,0.8365,67393.0
1753546999232,16:23:19.232,ADA/USDT:USDT,0.8363,54512.0,0.8362,62633.0,0.8364,18298.0,0.8365,52811.0
1753546999382,16:23:19.382,ADA/USDT:USDT,0.8363,54512.0,0.8362,62633.0,0.8364,18298.0,0.8365,66314.0
1753546999532,16:23:19.532,ADA/USDT:USDT,0.8363,54512.0,0.8362,62633.0,0.8364,18298.0,0.8365,71274.0
1753546999682,16:23:19.682,ADA/USDT:USDT,0.8363,54512.0,0.8362,62633.0,0.8364,18298.0,0.8365,66314.0
1753546999832,16:23:19.832,ADA/USDT:USDT,0.8363,54512.0,0.8362,62633.0,0.8364,18298.0,0.8365,66314.0
1753546999982,16:23:19.982,ADA/USDT:USDT,0.8363,54512.0,0.8362,62633.0,0.8364,18298.0,0.8365,66314.0
1753547000133,16:23:20.133,ADA/USDT:USDT,0.8363,59316.0,0.8362,62752.0,0.8364,1010.0,0.8365,1118.0
1753547000283,16:23:20.283,ADA/USDT:USDT,0.8364,575.0,0.8363,59316.0,0.8365,38563.0,0.8366,78935.0
1753547000433,16:23:20.433,ADA/USDT:USDT,0.8364,53664.0,0.8363,49704.0,0.8365,19416.0,0.8366,101041.0
1753547000583,16:23:20.583,ADA/USDT:USDT,0.8364,33846.0,0.8363,49704.0,0.8365,19416.0,0.8366,102168.0
1753547000733,16:23:20.733,ADA/USDT:USDT,0.8364,33846.0,0.8363,49704.0,0.8365,54999.0,0.8366,102168.0
1753547000883,16:23:20.883,ADA/USDT:USDT,0.8364,33846.0,0.8363,49704.0,0.8365,54999.0,0.8366,102168.0
1753547001033,16:23:21.033,ADA/USDT:USDT,0.8364,33846.0,0.8363,49704.0,0.8365,54999.0,0.8366,102168.0
1753547001183,16:23:21.183,ADA/USDT:USDT,0.8364,33846.0,0.8363,49704.0,0.8365,54999.0,0.8366,102168.0
1753547001333,16:23:21.333,ADA/USDT:USDT,0.8364,35445.0,0.8363,49704.0,0.8365,31499.0,0.8366,102215.0
1753547001483,16:23:21.483,ADA/USDT:USDT,0.8364,35095.0,0.8363,49704.0,0.8365,54999.0,0.8366,102215.0
1753547001633,16:23:21.633,ADA/USDT:USDT,0.8363,46078.0,0.8362,46597.0,0.8364,3260.0,0.8365,79870.0
1753547001784,16:23:21.784,ADA/USDT:USDT,0.8363,55109.0,0.8362,62158.0,0.8364,13709.0,0.8365,92549.0
1753547001933,16:23:21.933,ADA/USDT:USDT,0.8363,54512.0,0.8362,62158.0,0.8364,5209.0,0.8365,92549.0
1753547002084,16:23:22.084,ADA/USDT:USDT,0.8364,575.0,0.8363,55109.0,0.8365,42338.0,0.8366,97421.0
1753547002234,16:23:22.234,ADA/USDT:USDT,0.8364,33881.0,0.8363,46077.0,0.8365,22621.0,0.8366,98548.0
1753547002384,16:23:22.384,ADA/USDT:USDT,0.8364,33881.0,0.8363,46077.0,0.8365,24614.0,0.8366,98548.0
1753547002534,16:23:22.534,ADA/USDT:USDT,0.8364,31707.0,0.8363,46674.0,0.8365,41390.0,0.8366,98548.0
1753547002684,16:23:22.684,ADA/USDT:USDT,0.8364,33306.0,0.8363,44899.0,0.8365,35979.0,0.8366,98548.0
1753547002834,16:23:22.834,ADA/USDT:USDT,0.8363,35442.0,0.8362,39583.0,0.8365,40783.0,0.8366,98548.0
1753547002984,16:23:22.984,ADA/USDT:USDT,0.8363,15545.0,0.8362,39583.0,0.8364,20812.0,0.8365,46801.0
1753547003134,16:23:23.134,ADA/USDT:USDT,0.8363,5832.0,0.8362,61085.0,0.8364,23888.0,0.8365,84607.0
1753547003284,16:23:23.284,ADA/USDT:USDT,0.8363,29267.0,0.8362,61085.0,0.8364,23888.0,0.8365,84654.0
1753547003434,16:23:23.434,ADA/USDT:USDT,0.8363,45830.0,0.8362,62030.0,0.8364,19172.0,0.8365,44899.0
1753547003585,16:23:23.585,ADA/USDT:USDT,0.8363,46648.0,0.8362,62149.0,0.8364,1010.0,0.8365,28139.0
1753547003735,16:23:23.735,ADA/USDT:USDT,0.8363,71245.0,0.8362,62149.0,0.8364,2609.0,0.8365,21261.0
1753547003885,16:23:23.885,ADA/USDT:USDT,0.8363,71245.0,0.8362,61204.0,0.8364,2609.0,0.8365,35892.0
1753547004035,16:23:24.035,ADA/USDT:USDT,0.8363,71245.0,0.8362,61204.0,0.8364,3427.0,0.8365,50635.0
1753547004185,16:23:24.185,ADA/USDT:USDT,0.8363,47245.0,0.8362,61204.0,0.8364,2609.0,0.8365,21261.0
1753547004335,16:23:24.335,ADA/USDT:USDT,0.8363,47245.0,0.8362,61085.0,0.8364,2959.0,0.8365,52362.0
1753547004485,16:23:24.485,ADA/USDT:USDT,0.8363,46427.0,0.8362,72499.0,0.8364,2609.0,0.8365,37850.0
1753547004635,16:23:24.635,ADA/USDT:USDT,0.8363,46427.0,0.8362,72499.0,0.8364,2609.0,0.8365,37850.0
1753547005086,16:23:25.086,ADA/USDT:USDT,0.8363,25895.0,0.8362,61085.0,0.8364,35679.0,0.8365,64078.0
1753547005236,16:23:25.236,ADA/USDT:USDT,0.8363,39635.0,0.8362,61085.0,0.8364,35679.0,0.8365,64078.0
1753547005535,16:23:25.535,ADA/USDT:USDT,0.8363,33430.0,0.8362,61085.0,0.8364,35679.0,0.8365,64125.0
1753547005686,16:23:25.686,ADA/USDT:USDT,0.8362,44685.0,0.8361,23085.0,0.8363,4224.0,0.8364,72966.0
1753547005836,16:23:25.836,ADA/USDT:USDT,0.8362,9739.0,0.8361,44587.0,0.8363,25290.0,0.8364,76553.0
1753547005986,16:23:25.986,ADA/USDT:USDT,0.8362,6365.0,0.8361,59047.0,0.8363,41756.0,0.8364,76672.0
1753547006136,16:23:26.136,ADA/USDT:USDT,0.8362,6365.0,0.8361,59047.0,0.8363,46560.0,0.8364,79639.0
1753547006286,16:23:26.286,ADA/USDT:USDT,0.8362,7964.0,0.8361,59047.0,0.8363,46560.0,0.8364,79639.0
1753547006436,16:23:26.436,ADA/USDT:USDT,0.8362,21704.0,0.8361,59047.0,0.8363,46560.0,0.8364,94273.0
1753547006586,16:23:26.586,ADA/USDT:USDT,0.8362,24481.0,0.8361,59047.0,0.8363,45433.0,0.8364,85660.0
1753547006736,16:23:26.736,ADA/USDT:USDT,0.8362,24481.0,0.8361,59992.0,0.8363,20013.0,0.8364,45899.0
1753547006887,16:23:26.887,ADA/USDT:USDT,0.8362,41862.0,0.8361,59992.0,0.8363,3200.0,0.8364,45899.0
1753547007036,16:23:27.036,ADA/USDT:USDT,0.8362,41862.0,0.8361,59992.0,0.8363,1010.0,0.8364,40215.0
1753547007187,16:23:27.187,ADA/USDT:USDT,0.8363,575.0,0.8362,41862.0,0.8364,2658.0,0.8365,77139.0
1753547007337,16:23:27.337,ADA/USDT:USDT,0.8363,50478.0,0.8362,48274.0,0.8364,5617.0,0.8365,77139.0
1753547007487,16:23:27.487,ADA/USDT:USDT,0.8363,51075.0,0.8362,48274.0,0.8364,20956.0,0.8365,78266.0
1753547007637,16:23:27.637,ADA/USDT:USDT,0.8363,49660.0,0.8362,48871.0,0.8364,36943.0,0.8365,77139.0
1753547007787,16:23:27.787,ADA/USDT:USDT,0.8363,49660.0,0.8362,48871.0,0.8364,36943.0,0.8365,78266.0
1753547007937,16:23:27.937,ADA/USDT:USDT,0.8363,49660.0,0.8362,48871.0,0.8364,36943.0,0.8365,77139.0
1753547008237,16:23:28.237,ADA/USDT:USDT,0.8363,49660.0,0.8362,48871.0,0.8364,36869.0,0.8365,78266.0
1753547008388,16:23:28.388,ADA/USDT:USDT,0.8363,49660.0,0.8362,48871.0,0.8364,36869.0,0.8365,78266.0
1753547008538,16:23:28.538,ADA/USDT:USDT,0.8363,49660.0,0.8362,48871.0,0.8364,36869.0,0.8365,78266.0
1753547008688,16:23:28.688,ADA/USDT:USDT,0.8363,49660.0,0.8362,48871.0,0.8364,55869.0,0.8365,78266.0
1753547008838,16:23:28.838,ADA/USDT:USDT,0.8363,49085.0,0.8362,48871.0,0.8364,55869.0,0.8365,78266.0
1753547008988,16:23:28.988,ADA/USDT:USDT,0.8363,49085.0,0.8362,48871.0,0.8364,36869.0,0.8365,77139.0
1753547009138,16:23:29.138,ADA/USDT:USDT,0.8363,49085.0,0.8362,70969.0,0.8364,36869.0,0.8365,78267.0
1753547009288,16:23:29.288,ADA/USDT:USDT,0.8362,3364.0,0.8361,22326.0,0.8363,283.0,0.8364,36869.0
1753547009438,16:23:29.438,ADA/USDT:USDT,0.8361,43614.0,0.836,49402.0,0.8363,70497.0,0.8364,43990.0
1753547009588,16:23:29.588,ADA/USDT:USDT,0.8361,5834.0,0.836,84765.0,0.8362,62409.0,0.8363,82839.0
1753547009738,16:23:29.738,ADA/USDT:USDT,0.8361,350.0,0.836,84168.0,0.8362,62409.0,0.8363,82839.0
1753547009888,16:23:29.888,ADA/USDT:USDT,0.8361,8951.0,0.836,73831.0,0.8362,62409.0,0.8363,108067.0
1753547010038,16:23:30.038,ADA/USDT:USDT,0.8361,16447.0,0.836,73831.0,0.8362,62409.0,0.8363,108067.0
1753547010188,16:23:30.188,ADA/USDT:USDT,0.8361,33010.0,0.836,73831.0,0.8362,62409.0,0.8363,108067.0
1753547010339,16:23:30.339,ADA/USDT:USDT,0.8361,34188.0,0.836,74776.0,0.8362,37137.0,0.8363,106940.0
1753547010489,16:23:30.489,ADA/USDT:USDT,0.8361,34188.0,0.836,74776.0,0.8362,37137.0,0.8363,102690.0
1753547010639,16:23:30.639,ADA/USDT:USDT,0.8361,34188.0,0.836,74776.0,0.8362,61137.0,0.8363,102690.0
1753547010789,16:23:30.789,ADA/USDT:USDT,0.8361,26692.0,0.836,65799.0,0.8362,37137.0,0.8363,102690.0
1753547010939,16:23:30.939,ADA/USDT:USDT,0.8361,26692.0,0.836,65799.0,0.8362,37137.0,0.8363,101563.0
1753547011089,16:23:31.089,ADA/USDT:USDT,0.8361,42031.0,0.836,66744.0,0.8362,19072.0,0.8363,92226.0
1753547011239,16:23:31.239,ADA/USDT:USDT,0.8361,42031.0,0.836,66744.0,0.8362,19072.0,0.8363,91099.0
1753547011389,16:23:31.389,ADA/USDT:USDT,0.8361,42031.0,0.836,66744.0,0.8362,17948.0,0.8363,91146.0
1753547011539,16:23:31.539,ADA/USDT:USDT,0.8361,42031.0,0.836,66744.0,0.8362,17948.0,0.8363,91146.0
1753547011689,16:23:31.689,ADA/USDT:USDT,0.8361,66031.0,0.836,66744.0,0.8362,1010.0,0.8363,46817.0
1753547011839,16:23:31.839,ADA/USDT:USDT,0.8362,4546.0,0.8361,64938.0,0.8363,40607.0,0.8364,78773.0
1753547011990,16:23:31.990,ADA/USDT:USDT,0.8362,27024.0,0.8361,55923.0,0.8363,22464.0,0.8364,78773.0
1753547012140,16:23:32.140,ADA/USDT:USDT,0.8362,27024.0,0.8361,66395.0,0.8363,40626.0,0.8364,78773.0
1753547012290,16:23:32.290,ADA/USDT:USDT,0.8362,26180.0,0.8361,66395.0,0.8363,40626.0,0.8364,78773.0
1753547012440,16:23:32.440,ADA/USDT:USDT,0.8362,26180.0,0.8361,66395.0,0.8363,40626.0,0.8364,79900.0
1753547012740,16:23:32.740,ADA/USDT:USDT,0.8362,18091.0,0.8361,31923.0,0.8363,60126.0,0.8364,79900.0
1753547013040,16:23:33.040,ADA/USDT:USDT,0.8361,24956.0,0.836,76995.0,0.8362,20266.0,0.8363,57167.0
1753547013190,16:23:33.190,ADA/USDT:USDT,0.8361,41519.0,0.836,76995.0,0.8362,20266.0,0.8363,71840.0
1753547013340,16:23:33.340,ADA/USDT:USDT,0.8361,41519.0,0.836,76995.0,0.8362,20266.0,0.8363,71840.0
1753547013490,16:23:33.490,ADA/USDT:USDT,0.8361,41519.0,0.836,76995.0,0.8362,21393.0,0.8363,72967.0
1753547013640,16:23:33.640,ADA/USDT:USDT,0.8361,350.0,0.836,23460.0,0.8362,84055.0,0.8363,65987.0
1753547013790,16:23:33.790,ADA/USDT:USDT,0.836,23460.0,0.8359,65507.0,0.8361,283.0,0.8362,87543.0
1753547013941,16:23:33.941,ADA/USDT:USDT,0.836,24638.0,0.8359,65507.0,0.8361,67935.0,0.8362,81548.0
1753547014091,16:23:34.091,ADA/USDT:USDT,0.836,43150.0,0.8359,44354.0,0.8361,34880.0,0.8362,57548.0
1753547014241,16:23:34.241,ADA/USDT:USDT,0.836,43150.0,0.8359,44951.0,0.8361,1010.0,0.8362,16183.0
1753547014391,16:23:34.391,ADA/USDT:USDT,0.8361,575.0,0.836,19690.0,0.8362,39409.0,0.8363,39279.0
1753547014541,16:23:34.541,ADA/USDT:USDT,0.836,58331.0,0.8359,43408.0,0.8361,33262.0,0.8362,63409.0
1753547014691,16:23:34.691,ADA/USDT:USDT,0.836,43690.0,0.8359,29715.0,0.8361,16349.0,0.8362,62282.0
1753547014841,16:23:34.841,ADA/USDT:USDT,0.836,43690.0,0.8359,44356.0,0.8361,17948.0,0.8362,38282.0
1753547014991,16:23:34.991,ADA/USDT:USDT,0.836,43690.0,0.8359,44356.0,0.8361,17948.0,0.8362,52935.0
1753547015141,16:23:35.141,ADA/USDT:USDT,0.836,43690.0,0.8359,44356.0,0.8361,17948.0,0.8362,52935.0
1753547015291,16:23:35.291,ADA/USDT:USDT,0.836,43690.0,0.8359,44356.0,0.8361,17948.0,0.8362,52935.0
1753547015441,16:23:35.441,ADA/USDT:USDT,0.836,43690.0,0.8359,44356.0,0.8361,17948.0,0.8362,52935.0
1753547015592,16:23:35.592,ADA/USDT:USDT,0.836,43690.0,0.8359,44356.0,0.8361,17948.0,0.8362,52935.0
1753547015742,16:23:35.742,ADA/USDT:USDT,0.836,26690.0,0.8359,44356.0,0.8361,17948.0,0.8362,52982.0
1753547015892,16:23:35.892,ADA/USDT:USDT,0.836,26690.0,0.8359,43410.0,0.8361,19142.0,0.8362,57598.0
1753547016042,16:23:36.042,ADA/USDT:USDT,0.836,26690.0,0.8359,43410.0,0.8361,19142.0,0.8362,57598.0
1753547016192,16:23:36.192,ADA/USDT:USDT,0.836,26690.0,0.8359,43410.0,0.8361,19142.0,0.8362,57598.0
1753547016342,16:23:36.342,ADA/USDT:USDT,0.836,26690.0,0.8359,44356.0,0.8361,19142.0,0.8362,57598.0
1753547016492,16:23:36.492,ADA/USDT:USDT,0.836,26690.0,0.8359,44356.0,0.8361,19142.0,0.8362,57598.0
1753547016642,16:23:36.642,ADA/USDT:USDT,0.836,59029.0,0.8359,44356.0,0.8361,18298.0,0.8362,57598.0
1753547016792,16:23:36.792,ADA/USDT:USDT,0.836,59029.0,0.8359,44356.0,0.8361,17948.0,0.8362,56471.0
1753547016942,16:23:36.942,ADA/USDT:USDT,0.836,59029.0,0.8359,44356.0,0.8361,17948.0,0.8362,56471.0
1753547017092,16:23:37.092,ADA/USDT:USDT,0.836,42029.0,0.8359,44356.0,0.8361,17948.0,0.8362,56471.0
1753547017242,16:23:37.242,ADA/USDT:USDT,0.836,35029.0,0.8359,44356.0,0.8361,22038.0,0.8362,56471.0
1753547017392,16:23:37.392,ADA/USDT:USDT,0.836,35029.0,0.8359,44356.0,0.8362,22990.0,0.8363,21169.0
1753547017543,16:23:37.543,ADA/USDT:USDT,0.8361,40776.0,0.836,23055.0,0.8362,23698.0,0.8363,21093.0
1753547017693,16:23:37.693,ADA/USDT:USDT,0.8361,42031.0,0.836,59801.0,0.8362,22303.0,0.8363,59017.0
1753547017843,16:23:37.843,ADA/USDT:USDT,0.8361,42031.0,0.836,59801.0,0.8362,37642.0,0.8363,59017.0
1753547017993,16:23:37.993,ADA/USDT:USDT,0.8361,42031.0,0.836,59801.0,0.8362,17948.0,0.8363,43230.0
1753547018143,16:23:38.143,ADA/USDT:USDT,0.8361,42031.0,0.836,59801.0,0.8362,17948.0,0.8363,57890.0
1753547018293,16:23:38.293,ADA/USDT:USDT,0.8361,42031.0,0.836,59801.0,0.8362,18792.0,0.8363,57890.0
1753547018443,16:23:38.443,ADA/USDT:USDT,0.8361,42031.0,0.836,59801.0,0.8362,18792.0,0.8363,59017.0
1753547018593,16:23:38.593,ADA/USDT:USDT,0.8361,42031.0,0.836,59801.0,0.8362,18792.0,0.8363,59017.0
1753547018743,16:23:38.743,ADA/USDT:USDT,0.8361,42031.0,0.836,59801.0,0.8362,18792.0,0.8363,59017.0
1753547018893,16:23:38.893,ADA/USDT:USDT,0.8361,42031.0,0.836,59801.0,0.8362,18792.0,0.8363,59017.0
1753547019043,16:23:39.043,ADA/USDT:USDT,0.8361,42031.0,0.836,59801.0,0.8362,17543.0,0.8363,57890.0
1753547019194,16:23:39.194,ADA/USDT:USDT,0.8361,42031.0,0.836,59801.0,0.8362,18298.0,0.8363,57890.0
1753547019344,16:23:39.344,ADA/USDT:USDT,0.8361,42031.0,0.836,70273.0,0.8362,19109.0,0.8363,57890.0
1753547019494,16:23:39.494,ADA/USDT:USDT,0.8361,42031.0,0.836,70273.0,0.8362,34609.0,0.8363,57890.0
1753547019644,16:23:39.644,ADA/USDT:USDT,0.8361,42031.0,0.836,70273.0,0.8362,19109.0,0.8363,57890.0
1753547019794,16:23:39.794,ADA/USDT:USDT,0.8361,42031.0,0.836,70273.0,0.8362,19109.0,0.8363,57890.0
1753547019944,16:23:39.944,ADA/USDT:USDT,0.8361,42031.0,0.836,70273.0,0.8362,19109.0,0.8363,43230.0
1753547020094,16:23:40.094,ADA/USDT:USDT,0.8362,575.0,0.8361,42976.0,0.8363,43183.0,0.8364,99102.0
1753547020244,16:23:40.244,ADA/USDT:USDT,0.8362,512.0,0.8361,48619.0,0.8363,24042.0,0.8364,68080.0
1753547020394,16:23:40.394,ADA/USDT:USDT,0.8362,512.0,0.8361,48619.0,0.8363,24042.0,0.8364,69207.0
1753547020544,16:23:40.544,ADA/USDT:USDT,0.8362,512.0,0.8361,61119.0,0.8363,48042.0,0.8364,69207.0
1753547020694,16:23:40.694,ADA/USDT:USDT,0.8362,6490.0,0.8361,32056.0,0.8363,64605.0,0.8364,69207.0
1753547020844,16:23:40.844,ADA/USDT:USDT,0.8362,350.0,0.8361,15808.0,0.8363,40594.0,0.8364,69207.0
1753547020995,16:23:40.995,ADA/USDT:USDT,0.8361,15808.0,0.836,70276.0,0.8363,40594.0,0.8364,69207.0
1753547021145,16:23:41.145,ADA/USDT:USDT,0.8361,3639.0,0.836,55000.0,0.8362,55880.0,0.8363,24560.0
1753547021295,16:23:41.295,ADA/USDT:USDT,0.8361,18978.0,0.836,55000.0,0.8362,55880.0,0.8363,39222.0
1753547021445,16:23:41.445,ADA/USDT:USDT,0.8361,35541.0,0.836,55945.0,0.8362,33880.0,0.8363,39222.0
1753547021595,16:23:41.595,ADA/USDT:USDT,0.8361,35541.0,0.836,33845.0,0.8362,47608.0,0.8363,39269.0
1753547021745,16:23:41.745,ADA/USDT:USDT,0.8361,35541.0,0.836,33845.0,0.8362,47608.0,0.8363,39269.0
1753547021895,16:23:41.895,ADA/USDT:USDT,0.8361,35541.0,0.836,33845.0,0.8362,47608.0,0.8363,39269.0
1753547022045,16:23:42.045,ADA/USDT:USDT,0.8361,35541.0,0.836,33845.0,0.8362,47608.0,0.8363,49741.0
1753547022195,16:23:42.195,ADA/USDT:USDT,0.8361,35541.0,0.836,33845.0,0.8362,47608.0,0.8363,71841.0
1753547022345,16:23:42.345,ADA/USDT:USDT,0.8361,35541.0,0.836,33845.0,0.8362,32608.0,0.8363,71841.0
1753547022495,16:23:42.495,ADA/USDT:USDT,0.8361,35541.0,0.836,33845.0,0.8362,32608.0,0.8363,71841.0
1753547022646,16:23:42.646,ADA/USDT:USDT,0.8361,48541.0,0.836,33845.0,0.8362,20233.0,0.8363,71841.0
1753547022796,16:23:42.796,ADA/USDT:USDT,0.8361,48541.0,0.836,33845.0,0.8362,20233.0,0.8363,71841.0
1753547022946,16:23:42.946,ADA/USDT:USDT,0.8361,48541.0,0.836,33845.0,0.8362,20233.0,0.8363,71841.0
1753547023096,16:23:43.096,ADA/USDT:USDT,0.8361,48541.0,0.836,33845.0,0.8362,20233.0,0.8363,57179.0
1753547023246,16:23:43.246,ADA/USDT:USDT,0.8362,28214.0,0.8361,46851.0,0.8363,33895.0,0.8364,64717.0
1753547023396,16:23:43.396,ADA/USDT:USDT,0.8362,4214.0,0.8361,61503.0,0.8363,19227.0,0.8364,64717.0
1753547023546,16:23:43.546,ADA/USDT:USDT,0.8362,35541.0,0.8361,44940.0,0.8363,47790.0,0.8364,68205.0
1753547023696,16:23:43.696,ADA/USDT:USDT,0.8362,35541.0,0.8361,44940.0,0.8363,35790.0,0.8364,79849.0
1753547023846,16:23:43.846,ADA/USDT:USDT,0.8361,15689.0,0.836,32784.0,0.8362,283.0,0.8363,40594.0
1753547023996,16:23:43.996,ADA/USDT:USDT,0.8361,39388.0,0.836,32784.0,0.8362,46820.0,0.8363,39346.0
1753547024146,16:23:44.146,ADA/USDT:USDT,0.8361,35029.0,0.836,54884.0,0.8362,14382.0,0.8363,24679.0
1753547024296,16:23:44.296,ADA/USDT:USDT,0.8361,35029.0,0.836,55829.0,0.8362,13957.0,0.8363,25687.0
1753547024447,16:23:44.447,ADA/USDT:USDT,0.8361,35029.0,0.836,55829.0,0.8362,13957.0,0.8363,64473.0
1753547024597,16:23:44.597,ADA/USDT:USDT,0.8361,35029.0,0.836,55829.0,0.8362,13957.0,0.8363,64473.0
1753547024747,16:23:44.747,ADA/USDT:USDT,0.8361,35029.0,0.836,66301.0,0.8362,13957.0,0.8363,45191.0
1753547024897,16:23:44.897,ADA/USDT:USDT,0.8361,35029.0,0.836,66301.0,0.8362,14307.0,0.8363,60989.0
1753547025047,16:23:45.047,ADA/USDT:USDT,0.8361,35029.0,0.836,66301.0,0.8362,14307.0,0.8363,60989.0
1753547025197,16:23:45.197,ADA/USDT:USDT,0.8361,35029.0,0.836,65356.0,0.8362,14307.0,0.8363,60989.0
1753547025347,16:23:45.347,ADA/USDT:USDT,0.8361,35029.0,0.836,65356.0,0.8362,14307.0,0.8363,60989.0
1753547025497,16:23:45.497,ADA/USDT:USDT,0.8361,35029.0,0.836,65356.0,0.8362,26307.0,0.8363,60989.0
1753547025797,16:23:45.797,ADA/USDT:USDT,0.8361,35029.0,0.836,65356.0,0.8362,14307.0,0.8363,71461.0
1753547025947,16:23:45.947,ADA/USDT:USDT,0.8362,575.0,0.8361,35029.0,0.8363,21238.0,0.8364,78796.0
1753547026097,16:23:46.097,ADA/USDT:USDT,0.8362,66362.0,0.8361,43360.0,0.8363,17278.0,0.8364,53537.0
1753547026248,16:23:46.248,ADA/USDT:USDT,0.8362,42606.0,0.8361,42415.0,0.8363,19227.0,0.8364,79809.0
1753547026398,16:23:46.398,ADA/USDT:USDT,0.8362,42606.0,0.8361,42415.0,0.8363,35790.0,0.8364,79809.0
1753547026548,16:23:46.548,ADA/USDT:USDT,0.8362,42031.0,0.8361,42415.0,0.8363,49790.0,0.8364,79809.0
1753547026698,16:23:46.698,ADA/USDT:USDT,0.8362,42031.0,0.8361,42415.0,0.8363,49790.0,0.8364,79809.0
1753547026848,16:23:46.848,ADA/USDT:USDT,0.8362,42031.0,0.8361,42415.0,0.8363,49790.0,0.8364,79809.0
1753547026998,16:23:46.998,ADA/USDT:USDT,0.8362,42031.0,0.8361,43360.0,0.8363,35790.0,0.8364,79809.0
1753547027148,16:23:47.148,ADA/USDT:USDT,0.8362,42031.0,0.8361,43360.0,0.8363,35790.0,0.8364,79809.0
1753547027298,16:23:47.298,ADA/USDT:USDT,0.8362,42031.0,0.8361,43360.0,0.8363,35790.0,0.8364,79809.0
1753547027448,16:23:47.448,ADA/USDT:USDT,0.8362,42031.0,0.8361,43360.0,0.8363,35790.0,0.8364,79809.0
1753547027598,16:23:47.598,ADA/USDT:USDT,0.8362,42031.0,0.8361,43360.0,0.8363,35790.0,0.8364,79809.0
1753547027748,16:23:47.748,ADA/USDT:USDT,0.8362,42031.0,0.8361,43360.0,0.8363,35790.0,0.8364,79809.0
1753547027898,16:23:47.898,ADA/USDT:USDT,0.8362,42031.0,0.8361,44171.0,0.8363,35790.0,0.8364,79856.0
1753547028049,16:23:48.049,ADA/USDT:USDT,0.8362,42031.0,0.8361,44171.0,0.8363,35790.0,0.8364,79856.0
1753547028199,16:23:48.199,ADA/USDT:USDT,0.8362,42031.0,0.8361,44171.0,0.8363,35790.0,0.8364,79856.0
1753547028349,16:23:48.349,ADA/USDT:USDT,0.8362,42031.0,0.8361,44171.0,0.8363,35790.0,0.8364,79856.0
1753547028499,16:23:48.499,ADA/USDT:USDT,0.8362,42031.0,0.8361,44171.0,0.8363,35790.0,0.8364,79856.0
1753547028649,16:23:48.649,ADA/USDT:USDT,0.8362,42031.0,0.8361,44171.0,0.8363,35790.0,0.8364,79856.0
1753547028799,16:23:48.799,ADA/USDT:USDT,0.8362,42031.0,0.8361,44171.0,0.8363,35790.0,0.8364,79856.0
1753547028949,16:23:48.949,ADA/USDT:USDT,0.8362,42031.0,0.8361,44171.0,0.8363,35790.0,0.8364,79856.0
1753547029099,16:23:49.099,ADA/USDT:USDT,0.8362,42031.0,0.8361,44171.0,0.8363,35790.0,0.8364,57756.0
1753547029249,16:23:49.249,ADA/USDT:USDT,0.8362,42031.0,0.8361,66270.0,0.8363,35790.0,0.8364,79855.0
1753547029399,16:23:49.399,ADA/USDT:USDT,0.8362,42031.0,0.8361,66270.0,0.8363,35790.0,0.8364,79855.0
1753547029549,16:23:49.549,ADA/USDT:USDT,0.8362,42031.0,0.8361,66270.0,0.8363,35790.0,0.8364,79855.0
1753547029700,16:23:49.700,ADA/USDT:USDT,0.8362,42031.0,0.8361,66270.0,0.8363,35790.0,0.8364,79855.0
1753547029850,16:23:49.850,ADA/USDT:USDT,0.8362,42031.0,0.8361,66270.0,0.8363,35790.0,0.8364,79855.0
1753547030000,16:23:50.000,ADA/USDT:USDT,0.8362,42031.0,0.8361,66270.0,0.8363,35790.0,0.8364,79855.0
1753547030150,16:23:50.150,ADA/USDT:USDT,0.8362,42031.0,0.8361,66270.0,0.8363,35790.0,0.8364,79855.0
1753547030300,16:23:50.300,ADA/USDT:USDT,0.8362,42031.0,0.8361,66270.0,0.8363,35790.0,0.8364,79855.0
1753547030450,16:23:50.450,ADA/USDT:USDT,0.8362,56531.0,0.8361,66270.0,0.8363,35790.0,0.8364,79855.0
1753547030600,16:23:50.600,ADA/USDT:USDT,0.8362,42031.0,0.8361,66270.0,0.8363,19227.0,0.8364,79855.0
1753547030750,16:23:50.750,ADA/USDT:USDT,0.8363,575.0,0.8362,46835.0,0.8365,16467.0,0.8366,128595.0
1753547030900,16:23:50.900,ADA/USDT:USDT,0.8364,25283.0,0.8363,45285.0,0.8365,16807.0,0.8366,128595.0
1753547031050,16:23:51.050,ADA/USDT:USDT,0.8364,23915.0,0.8363,59712.0,0.8365,53408.0,0.8366,61771.0
1753547031200,16:23:51.200,ADA/USDT:USDT,0.8364,23915.0,0.8363,35712.0,0.8365,55007.0,0.8366,65258.0
1753547031350,16:23:51.350,ADA/USDT:USDT,0.8363,119.0,0.8362,15006.0,0.8364,283.0,0.8365,59811.0
1753547031501,16:23:51.501,ADA/USDT:USDT,0.8363,469.0,0.8362,30942.0,0.8364,64533.0,0.8365,48445.0
1753547031651,16:23:51.651,ADA/USDT:USDT,0.8363,469.0,0.8362,30345.0,0.8364,63756.0,0.8365,46968.0
1753547031801,16:23:51.801,ADA/USDT:USDT,0.8363,20271.0,0.8362,31182.0,0.8364,42620.0,0.8365,46968.0
1753547031951,16:23:51.951,ADA/USDT:USDT,0.8363,20271.0,0.8362,31182.0,0.8364,36120.0,0.8365,57437.0
1753547032101,16:23:52.101,ADA/USDT:USDT,0.8363,20152.0,0.8362,31182.0,0.8364,36167.0,0.8365,72151.0
1753547032251,16:23:52.251,ADA/USDT:USDT,0.8363,20152.0,0.8362,31182.0,0.8364,36167.0,0.8365,72151.0
1753547032401,16:23:52.401,ADA/USDT:USDT,0.8363,36328.0,0.8362,61050.0,0.8364,2436.0,0.8365,1118.0
1753547032551,16:23:52.551,ADA/USDT:USDT,0.8363,36328.0,0.8362,61050.0,0.8364,1599.0,0.8365,38555.0
1753547032701,16:23:52.701,ADA/USDT:USDT,0.8363,36328.0,0.8362,61050.0,0.8364,1599.0,0.8365,38555.0
1753547032851,16:23:52.851,ADA/USDT:USDT,0.8363,36925.0,0.8362,60931.0,0.8365,38555.0,0.8366,53540.0
1753547033001,16:23:53.001,ADA/USDT:USDT,0.8364,26736.0,0.8363,18722.0,0.8365,40504.0,0.8366,50053.0
1753547033151,16:23:53.151,ADA/USDT:USDT,0.8364,25555.0,0.8363,33379.0,0.8365,57067.0,0.8366,51180.0
1753547033302,16:23:53.302,ADA/USDT:USDT,0.8364,24693.0,0.8363,33379.0,0.8365,34969.0,0.8366,73277.0
1753547033452,16:23:53.452,ADA/USDT:USDT,0.8364,23053.0,0.8363,33498.0,0.8365,63773.0,0.8366,76757.0
1753547033602,16:23:53.602,ADA/USDT:USDT,0.8363,350.0,0.8362,31301.0,0.8364,283.0,0.8365,63858.0
1753547033752,16:23:53.752,ADA/USDT:USDT,0.8363,350.0,0.8362,31898.0,0.8364,59931.0,0.8365,51467.0
1753547033902,16:23:53.902,ADA/USDT:USDT,0.8363,1949.0,0.8362,31301.0,0.8364,61530.0,0.8365,49868.0
1753547034052,16:23:54.052,ADA/USDT:USDT,0.8363,41981.0,0.8362,32246.0,0.8364,58500.0,0.8365,63467.0
1753547034202,16:23:54.202,ADA/USDT:USDT,0.8363,41981.0,0.8362,32246.0,0.8364,41654.0,0.8365,45308.0
1753547034352,16:23:54.352,ADA/USDT:USDT,0.8363,51481.0,0.8362,32246.0,0.8364,19557.0,0.8365,82084.0
1753547034502,16:23:54.502,ADA/USDT:USDT,0.8363,51481.0,0.8362,32246.0,0.8364,17300.0,0.8365,82084.0
1753547034652,16:23:54.652,ADA/USDT:USDT,0.8363,51481.0,0.8362,32246.0,0.8364,18899.0,0.8365,82084.0
1753547034803,16:23:54.803,ADA/USDT:USDT,0.8363,51481.0,0.8362,32246.0,0.8364,18899.0,0.8365,82084.0
1753547035103,16:23:55.103,ADA/USDT:USDT,0.8363,40382.0,0.8362,31301.0,0.8364,31566.0,0.8365,83211.0
1753547035253,16:23:55.253,ADA/USDT:USDT,0.8363,41981.0,0.8362,31301.0,0.8364,31566.0,0.8365,83211.0
1753547035403,16:23:55.403,ADA/USDT:USDT,0.8363,41981.0,0.8362,31301.0,0.8364,53566.0,0.8365,83211.0
1753547035553,16:23:55.553,ADA/USDT:USDT,0.8363,40382.0,0.8362,31301.0,0.8364,53566.0,0.8365,83211.0
1753547035703,16:23:55.703,ADA/USDT:USDT,0.8363,41981.0,0.8362,31301.0,0.8364,53566.0,0.8365,83211.0
1753547035853,16:23:55.853,ADA/USDT:USDT,0.8363,41981.0,0.8362,31301.0,0.8364,53566.0,0.8365,83211.0
1753547036003,16:23:56.003,ADA/USDT:USDT,0.8363,41981.0,0.8362,31301.0,0.8364,53566.0,0.8365,83211.0
1753547036153,16:23:56.153,ADA/USDT:USDT,0.8363,41981.0,0.8362,31301.0,0.8364,53566.0,0.8365,83221.0
1753547036303,16:23:56.303,ADA/USDT:USDT,0.8363,41981.0,0.8362,32246.0,0.8364,31566.0,0.8365,83221.0
1753547036453,16:23:56.453,ADA/USDT:USDT,0.8363,40176.0,0.8362,32246.0,0.8364,31566.0,0.8365,82084.0
1753547036603,16:23:56.603,ADA/USDT:USDT,0.8363,40176.0,0.8362,32246.0,0.8364,31566.0,0.8365,83211.0
1753547036754,16:23:56.754,ADA/USDT:USDT,0.8363,41775.0,0.8362,32246.0,0.8364,31566.0,0.8365,83211.0
1753547036903,16:23:56.903,ADA/USDT:USDT,0.8363,41775.0,0.8362,32246.0,0.8364,31566.0,0.8365,83211.0
1753547037054,16:23:57.054,ADA/USDT:USDT,0.8363,31902.0,0.8362,31309.0,0.8364,31566.0,0.8365,83211.0
1753547037204,16:23:57.204,ADA/USDT:USDT,0.8363,31902.0,0.8362,31309.0,0.8364,31566.0,0.8365,83211.0
1753547037354,16:23:57.354,ADA/USDT:USDT,0.8363,31902.0,0.8362,31309.0,0.8364,31566.0,0.8365,83211.0
1753547037504,16:23:57.504,ADA/USDT:USDT,0.8363,16913.0,0.8362,51309.0,0.8364,49566.0,0.8365,83211.0
1753547037654,16:23:57.654,ADA/USDT:USDT,0.8363,16913.0,0.8362,51309.0,0.8364,49566.0,0.8365,83211.0
1753547037804,16:23:57.804,ADA/USDT:USDT,0.8363,16913.0,0.8362,51309.0,0.8364,49566.0,0.8365,83211.0
1753547037954,16:23:57.954,ADA/USDT:USDT,0.8363,16913.0,0.8362,51309.0,0.8364,49566.0,0.8365,83211.0
1753547038104,16:23:58.104,ADA/USDT:USDT,0.8363,18512.0,0.8362,51309.0,0.8364,31566.0,0.8365,83211.0
1753547038254,16:23:58.254,ADA/USDT:USDT,0.8363,20152.0,0.8362,52254.0,0.8364,31566.0,0.8365,83211.0
1753547038405,16:23:58.405,ADA/USDT:USDT,0.8364,49632.0,0.8363,63611.0,0.8366,32790.0,0.8367,41693.0
1753547038555,16:23:58.555,ADA/USDT:USDT,0.8364,67632.0,0.8363,62658.0,0.8365,16812.0,0.8366,42104.0
1753547038705,16:23:58.705,ADA/USDT:USDT,0.8364,67632.0,0.8363,62658.0,0.8365,16812.0,0.8366,56790.0
1753547038855,16:23:58.855,ADA/USDT:USDT,0.8364,67632.0,0.8363,84753.0,0.8365,16812.0,0.8366,71468.0
1753547039005,16:23:59.005,ADA/USDT:USDT,0.8364,36066.0,0.8363,83808.0,0.8365,16812.0,0.8366,72426.0
1753547039155,16:23:59.155,ADA/USDT:USDT,0.8364,35491.0,0.8363,83808.0,0.8365,16812.0,0.8366,94521.0
1753547039455,16:23:59.455,ADA/USDT:USDT,0.8364,35491.0,0.8363,83808.0,0.8365,33812.0,0.8366,94521.0
1753547039605,16:23:59.605,ADA/USDT:USDT,0.8364,35491.0,0.8363,84753.0,0.8365,16812.0,0.8366,94521.0
1753547039755,16:23:59.755,ADA/USDT:USDT,0.8364,35491.0,0.8363,84753.0,0.8365,16812.0,0.8366,94521.0
1753547039905,16:23:59.905,ADA/USDT:USDT,0.8364,35491.0,0.8363,84753.0,0.8365,16812.0,0.8366,79835.0
1753547040055,16:24:00.055,ADA/USDT:USDT,0.8364,35491.0,0.8363,84753.0,0.8365,1473.0,0.8366,64189.0
1753547040206,16:24:00.206,ADA/USDT:USDT,0.8364,36088.0,0.8363,84753.0,0.8365,1473.0,0.8366,64189.0
1753547040356,16:24:00.356,ADA/USDT:USDT,0.8365,575.0,0.8364,60808.0,0.8366,2755.0,0.8367,23456.0
1753547040506,16:24:00.506,ADA/USDT:USDT,0.8365,45610.0,0.8364,43895.0,0.8366,2755.0,0.8367,45549.0
1753547040656,16:24:00.656,ADA/USDT:USDT,0.8365,44665.0,0.8364,57615.0,0.8366,2755.0,0.8367,75870.0
1753547040806,16:24:00.806,ADA/USDT:USDT,0.8365,45262.0,0.8364,57615.0,0.8366,2755.0,0.8367,75870.0
1753547040956,16:24:00.956,ADA/USDT:USDT,0.8365,44439.0,0.8364,58560.0,0.8366,2755.0,0.8367,75708.0
1753547041106,16:24:01.106,ADA/USDT:USDT,0.8365,44439.0,0.8364,58560.0,0.8366,2755.0,0.8367,75708.0
1753547041256,16:24:01.256,ADA/USDT:USDT,0.8365,44439.0,0.8364,58560.0,0.8366,2755.0,0.8367,75708.0
1753547041406,16:24:01.406,ADA/USDT:USDT,0.8365,44789.0,0.8364,58560.0,0.8366,14255.0,0.8367,74750.0
1753547041556,16:24:01.556,ADA/USDT:USDT,0.8365,44192.0,0.8364,59157.0,0.8366,14255.0,0.8367,74750.0
1753547041706,16:24:01.706,ADA/USDT:USDT,0.8365,44192.0,0.8364,59157.0,0.8366,14255.0,0.8367,74750.0
1753547041857,16:24:01.857,ADA/USDT:USDT,0.8365,44192.0,0.8364,59157.0,0.8366,14255.0,0.8367,74750.0
1753547042007,16:24:02.007,ADA/USDT:USDT,0.8365,44192.0,0.8364,59157.0,0.8366,14255.0,0.8367,74750.0
1753547042157,16:24:02.157,ADA/USDT:USDT,0.8365,44192.0,0.8364,58437.0,0.8366,14255.0,0.8367,75708.0
1753547042306,16:24:02.306,ADA/USDT:USDT,0.8365,44192.0,0.8364,58437.0,0.8366,22755.0,0.8367,79188.0
1753547042607,16:24:02.607,ADA/USDT:USDT,0.8365,44192.0,0.8364,58437.0,0.8366,2755.0,0.8367,75708.0
1753547042757,16:24:02.757,ADA/USDT:USDT,0.8365,44192.0,0.8364,56895.0,0.8366,18094.0,0.8367,75708.0
1753547042907,16:24:02.907,ADA/USDT:USDT,0.8365,44192.0,0.8364,57492.0,0.8366,25352.0,0.8367,75708.0
1753547043057,16:24:03.057,ADA/USDT:USDT,0.8365,44192.0,0.8364,57492.0,0.8366,25352.0,0.8367,75708.0
1753547043207,16:24:03.207,ADA/USDT:USDT,0.8365,44192.0,0.8364,57492.0,0.8366,25352.0,0.8367,75708.0
1753547043357,16:24:03.357,ADA/USDT:USDT,0.8365,44192.0,0.8364,58437.0,0.8366,18094.0,0.8367,75708.0
1753547043507,16:24:03.507,ADA/USDT:USDT,0.8365,44192.0,0.8364,58437.0,0.8366,18094.0,0.8367,75708.0
1753547043657,16:24:03.657,ADA/USDT:USDT,0.8365,44192.0,0.8364,58437.0,0.8366,18094.0,0.8367,75708.0
1753547043808,16:24:03.808,ADA/USDT:USDT,0.8365,44192.0,0.8364,58437.0,0.8366,18094.0,0.8367,75708.0
1753547043958,16:24:03.958,ADA/USDT:USDT,0.8365,44192.0,0.8364,58437.0,0.8366,18094.0,0.8367,75708.0
1753547044108,16:24:04.108,ADA/USDT:USDT,0.8365,44192.0,0.8364,58437.0,0.8366,18094.0,0.8367,75708.0
1753547044258,16:24:04.258,ADA/USDT:USDT,0.8365,68192.0,0.8364,61917.0,0.8366,66.0,0.8367,24385.0
1753547044408,16:24:04.408,ADA/USDT:USDT,0.8365,68763.0,0.8364,61320.0,0.8368,12415.0,0.8369,146439.0
1753547044558,16:24:04.558,ADA/USDT:USDT,0.8367,10729.0,0.8366,57300.0,0.8368,60574.0,0.8369,142753.0
1753547044708,16:24:04.708,ADA/USDT:USDT,0.8367,27292.0,0.8366,55409.0,0.8368,77133.0,0.8369,146232.0
1753547044858,16:24:04.858,ADA/USDT:USDT,0.8367,27292.0,0.8366,55409.0,0.8368,77133.0,0.8369,146232.0
1753547045008,16:24:05.008,ADA/USDT:USDT,0.8367,27292.0,0.8366,55409.0,0.8368,56633.0,0.8369,146232.0
1753547045159,16:24:05.159,ADA/USDT:USDT,0.8367,27292.0,0.8366,65874.0,0.8368,63963.0,0.8369,147190.0
1753547045308,16:24:05.308,ADA/USDT:USDT,0.8367,27292.0,0.8366,65874.0,0.8368,63963.0,0.8369,147190.0
1753547045459,16:24:05.459,ADA/USDT:USDT,0.8367,27292.0,0.8366,65874.0,0.8368,63963.0,0.8369,147228.0
1753547045609,16:24:05.609,ADA/USDT:USDT,0.8367,27292.0,0.8366,65874.0,0.8368,63963.0,0.8369,147228.0
1753547045759,16:24:05.759,ADA/USDT:USDT,0.8367,27292.0,0.8366,65874.0,0.8368,63963.0,0.8369,147228.0
1753547045909,16:24:05.909,ADA/USDT:USDT,0.8367,27292.0,0.8366,65874.0,0.8368,39900.0,0.8369,131577.0
1753547046059,16:24:06.059,ADA/USDT:USDT,0.8367,42557.0,0.8366,65874.0,0.8368,39900.0,0.8369,74841.0
1753547046209,16:24:06.209,ADA/USDT:USDT,0.8367,42557.0,0.8366,65874.0,0.8368,39900.0,0.8369,74841.0
1753547046359,16:24:06.359,ADA/USDT:USDT,0.8367,42557.0,0.8366,65874.0,0.8368,17809.0,0.8369,96930.0
1753547046509,16:24:06.509,ADA/USDT:USDT,0.8367,42557.0,0.8366,65874.0,0.8368,17809.0,0.8369,96930.0
1753547046659,16:24:06.659,ADA/USDT:USDT,0.8367,42557.0,0.8366,65874.0,0.8368,17809.0,0.8369,96930.0
1753547046809,16:24:06.809,ADA/USDT:USDT,0.8367,42557.0,0.8366,65874.0,0.8368,17809.0,0.8369,100423.0
1753547046959,16:24:06.959,ADA/USDT:USDT,0.8367,42557.0,0.8366,65874.0,0.8368,17809.0,0.8369,100423.0
1753547047110,16:24:07.110,ADA/USDT:USDT,0.8367,42557.0,0.8366,65874.0,0.8368,17809.0,0.8369,101381.0
1753547047260,16:24:07.260,ADA/USDT:USDT,0.8367,42557.0,0.8366,65874.0,0.8368,31309.0,0.8369,101381.0
1753547047410,16:24:07.410,ADA/USDT:USDT,0.8367,42557.0,0.8366,65874.0,0.8368,17809.0,0.8369,101381.0
1753547047560,16:24:07.560,ADA/USDT:USDT,0.8367,42557.0,0.8366,65874.0,0.8368,17809.0,0.8369,100423.0
1753547047710,16:24:07.710,ADA/USDT:USDT,0.8367,42557.0,0.8366,65874.0,0.8368,17809.0,0.8369,100423.0
1753547047860,16:24:07.860,ADA/USDT:USDT,0.8367,40149.0,0.8366,65874.0,0.8368,17809.0,0.8369,100423.0
1753547048010,16:24:08.010,ADA/USDT:USDT,0.8367,41748.0,0.8366,65874.0,0.8368,37258.0,0.8369,100423.0
1753547048160,16:24:08.160,ADA/USDT:USDT,0.8367,41748.0,0.8366,65874.0,0.8368,37258.0,0.8369,100423.0
1753547048310,16:24:08.310,ADA/USDT:USDT,0.8367,41631.0,0.8366,41874.0,0.8368,37258.0,0.8369,101381.0
1753547048460,16:24:08.460,ADA/USDT:USDT,0.8367,31902.0,0.8366,30586.0,0.8368,53821.0,0.8369,101381.0
1753547048610,16:24:08.610,ADA/USDT:USDT,0.8367,31902.0,0.8366,30586.0,0.8368,53821.0,0.8369,101381.0
1753547048760,16:24:08.760,ADA/USDT:USDT,0.8367,16563.0,0.8366,30586.0,0.8368,53821.0,0.8369,101381.0
1753547048911,16:24:08.911,ADA/USDT:USDT,0.8367,16563.0,0.8366,30586.0,0.8368,53821.0,0.8369,101381.0
1753547049061,16:24:09.061,ADA/USDT:USDT,0.8367,18512.0,0.8366,30586.0,0.8368,36321.0,0.8369,101381.0
1753547049211,16:24:09.211,ADA/USDT:USDT,0.8367,18512.0,0.8366,50586.0,0.8368,51821.0,0.8369,101381.0
1753547049361,16:24:09.361,ADA/USDT:USDT,0.8367,18512.0,0.8366,50586.0,0.8368,36321.0,0.8369,101381.0
1753547049511,16:24:09.511,ADA/USDT:USDT,0.8367,18512.0,0.8366,50586.0,0.8368,36321.0,0.8369,101381.0
1753547049661,16:24:09.661,ADA/USDT:USDT,0.8367,18512.0,0.8366,50586.0,0.8368,36321.0,0.8369,101381.0
1753547049811,16:24:09.811,ADA/USDT:USDT,0.8367,18512.0,0.8366,50586.0,0.8368,36321.0,0.8369,101381.0
1753547049961,16:24:09.961,ADA/USDT:USDT,0.8367,18512.0,0.8366,50586.0,0.8368,36321.0,0.8369,101381.0
1753547050111,16:24:10.111,ADA/USDT:USDT,0.8367,18512.0,0.8366,50586.0,0.8368,36321.0,0.8369,101381.0
1753547050261,16:24:10.261,ADA/USDT:USDT,0.8367,18512.0,0.8366,50586.0,0.8368,36321.0,0.8369,100423.0
1753547050411,16:24:10.411,ADA/USDT:USDT,0.8367,18512.0,0.8366,50586.0,0.8368,36321.0,0.8369,100423.0
1753547050562,16:24:10.562,ADA/USDT:USDT,0.8367,18512.0,0.8366,50586.0,0.8368,36321.0,0.8369,100423.0
1753547050712,16:24:10.712,ADA/USDT:USDT,0.8367,16913.0,0.8366,50586.0,0.8368,36321.0,0.8369,101381.0
1753547050862,16:24:10.862,ADA/USDT:USDT,0.8367,16913.0,0.8366,50586.0,0.8368,36321.0,0.8369,101381.0
1753547051011,16:24:11.011,ADA/USDT:USDT,0.8367,16913.0,0.8366,50586.0,0.8368,36321.0,0.8369,101381.0
1753547051162,16:24:11.162,ADA/USDT:USDT,0.8367,18512.0,0.8366,50586.0,0.8368,36321.0,0.8369,101381.0
1753547051312,16:24:11.312,ADA/USDT:USDT,0.8367,18512.0,0.8366,50586.0,0.8368,43821.0,0.8369,101381.0
1753547051462,16:24:11.462,ADA/USDT:USDT,0.8367,16913.0,0.8366,50586.0,0.8368,42520.0,0.8369,101381.0
1753547051612,16:24:11.612,ADA/USDT:USDT,0.8367,16913.0,0.8366,50586.0,0.8368,42520.0,0.8369,101381.0
1753547051762,16:24:11.762,ADA/USDT:USDT,0.8367,18512.0,0.8366,50586.0,0.8368,42520.0,0.8369,100423.0
1753547051912,16:24:11.912,ADA/USDT:USDT,0.8367,20152.0,0.8366,50586.0,0.8368,25957.0,0.8369,100423.0
1753547052062,16:24:12.062,ADA/USDT:USDT,0.8367,20152.0,0.8366,50586.0,0.8368,25957.0,0.8369,100423.0
1753547052212,16:24:12.212,ADA/USDT:USDT,0.8367,20152.0,0.8366,50586.0,0.8368,39957.0,0.8369,100423.0
1753547052363,16:24:12.363,ADA/USDT:USDT,0.8368,575.0,0.8367,60436.0,0.8369,24057.0,0.837,60792.0
1753547052512,16:24:12.512,ADA/USDT:USDT,0.8368,25577.0,0.8367,43768.0,0.8369,46142.0,0.837,90186.0
1753547052663,16:24:12.663,ADA/USDT:USDT,0.8368,25577.0,0.8367,58566.0,0.8369,31876.0,0.837,90309.0
1753547052813,16:24:12.813,ADA/USDT:USDT,0.8368,25577.0,0.8367,58566.0,0.8369,31876.0,0.837,93802.0
1753547052963,16:24:12.963,ADA/USDT:USDT,0.8368,27217.0,0.8367,56926.0,0.8369,31876.0,0.837,94760.0
1753547053113,16:24:13.113,ADA/USDT:USDT,0.8368,26642.0,0.8367,56926.0,0.8369,51376.0,0.837,94760.0
1753547053263,16:24:13.263,ADA/USDT:USDT,0.8368,26642.0,0.8367,56926.0,0.8369,51376.0,0.837,94760.0
1753547053563,16:24:13.563,ADA/USDT:USDT,0.8368,20152.0,0.8367,32807.0,0.8369,73461.0,0.837,94798.0
1753547053713,16:24:13.713,ADA/USDT:USDT,0.8368,18162.0,0.8367,31967.0,0.8369,73461.0,0.837,94798.0
1753547054013,16:24:14.013,ADA/USDT:USDT,0.8368,1599.0,0.8367,31967.0,0.8369,73461.0,0.837,94798.0
1753547054164,16:24:14.164,ADA/USDT:USDT,0.8368,1599.0,0.8367,31967.0,0.8369,73461.0,0.837,94798.0
1753547054314,16:24:14.314,ADA/USDT:USDT,0.8368,1599.0,0.8367,31967.0,0.8369,73461.0,0.837,94798.0
1753547054464,16:24:14.464,ADA/USDT:USDT,0.8367,42430.0,0.8366,37016.0,0.8369,73461.0,0.837,94798.0
1753547054614,16:24:14.614,ADA/USDT:USDT,0.8367,44070.0,0.8366,37016.0,0.8368,16463.0,0.8369,73461.0
1753547054764,16:24:14.764,ADA/USDT:USDT,0.8367,18928.0,0.8366,52641.0,0.8368,46596.0,0.8369,102861.0
1753547054914,16:24:14.914,ADA/USDT:USDT,0.8367,35491.0,0.8366,52641.0,0.8368,41303.0,0.8369,65642.0
1753547055064,16:24:15.064,ADA/USDT:USDT,0.8367,35491.0,0.8366,62160.0,0.8368,41303.0,0.8369,80340.0
1753547055214,16:24:15.214,ADA/USDT:USDT,0.8368,15914.0,0.8367,65481.0,0.8369,2074.0,0.837,17484.0
1753547055364,16:24:15.364,ADA/USDT:USDT,0.8368,18203.0,0.8367,15689.0,0.8369,22729.0,0.837,43594.0
1753547055514,16:24:15.514,ADA/USDT:USDT,0.8368,16563.0,0.8367,26153.0,0.8369,39292.0,0.837,61833.0
1753547055964,16:24:15.964,ADA/USDT:USDT,0.8366,22899.0,0.8365,74359.0,0.8368,40611.0,0.8369,71326.0
1753547056115,16:24:16.115,ADA/USDT:USDT,0.8367,69052.0,0.8366,22924.0,0.8369,44300.0,0.837,46507.0
1753547056264,16:24:16.264,ADA/USDT:USDT,0.8368,8476.0,0.8367,43416.0,0.8369,44300.0,0.837,46507.0
1753547056415,16:24:16.415,ADA/USDT:USDT,0.8368,1986.0,0.8367,50665.0,0.8369,44300.0,0.837,46507.0
1753547056565,16:24:16.565,ADA/USDT:USDT,0.8368,3585.0,0.8367,44684.0,0.8369,60863.0,0.837,62175.0
1753547056715,16:24:16.715,ADA/USDT:USDT,0.8368,20148.0,0.8367,44684.0,0.8369,60863.0,0.837,62298.0
1753547056865,16:24:16.865,ADA/USDT:USDT,0.8368,20148.0,0.8367,44684.0,0.8369,60863.0,0.837,61340.0
1753547057015,16:24:17.015,ADA/USDT:USDT,0.8368,20148.0,0.8367,44684.0,0.8369,60863.0,0.837,61340.0
1753547057165,16:24:17.165,ADA/USDT:USDT,0.8368,20148.0,0.8367,51684.0,0.8369,77363.0,0.837,61340.0
1753547057315,16:24:17.315,ADA/USDT:USDT,0.8368,20148.0,0.8367,51684.0,0.8369,60863.0,0.837,62298.0
1753547057465,16:24:17.465,ADA/USDT:USDT,0.8368,20148.0,0.8367,34102.0,0.8369,60863.0,0.837,62298.0
1753547057616,16:24:17.616,ADA/USDT:USDT,0.8368,20148.0,0.8367,44565.0,0.8369,60863.0,0.837,62298.0
1753547057766,16:24:17.766,ADA/USDT:USDT,0.8368,21788.0,0.8367,42925.0,0.8369,60863.0,0.837,61340.0
1753547057916,16:24:17.916,ADA/USDT:USDT,0.8368,21788.0,0.8367,43870.0,0.8369,60863.0,0.837,61340.0
1753547058066,16:24:18.066,ADA/USDT:USDT,0.8368,55627.0,0.8367,50633.0,0.8369,24157.0,0.837,28148.0
1753547058216,16:24:18.216,ADA/USDT:USDT,0.8368,55627.0,0.8367,50633.0,0.8369,2074.0,0.837,79638.0
1753547058366,16:24:18.366,ADA/USDT:USDT,0.8368,42725.0,0.8367,49688.0,0.8369,16603.0,0.837,33351.0
1753547058516,16:24:18.516,ADA/USDT:USDT,0.8368,40288.0,0.8367,50633.0,0.8369,17443.0,0.837,58514.0
1753547058666,16:24:18.666,ADA/USDT:USDT,0.8368,40288.0,0.8367,50633.0,0.8369,17443.0,0.837,58514.0
1753547058816,16:24:18.816,ADA/USDT:USDT,0.8368,21788.0,0.8367,51230.0,0.8369,17443.0,0.837,57556.0
1753547058966,16:24:18.966,ADA/USDT:USDT,0.8368,37127.0,0.8367,51230.0,0.8369,17443.0,0.837,57556.0
1753547059116,16:24:19.116,ADA/USDT:USDT,0.8368,56127.0,0.8367,73311.0,0.8369,17443.0,0.837,42856.0
1753547059266,16:24:19.266,ADA/USDT:USDT,0.8368,37127.0,0.8367,73311.0,0.8369,16603.0,0.837,57556.0
1753547059417,16:24:19.417,ADA/USDT:USDT,0.8368,37127.0,0.8367,73311.0,0.8369,16603.0,0.837,57556.0
1753547059567,16:24:19.567,ADA/USDT:USDT,0.8368,37847.0,0.8367,76804.0,0.8369,1264.0,0.837,1536.0
1753547059717,16:24:19.717,ADA/USDT:USDT,0.8368,597.0,0.8367,1599.0,0.8369,46612.0,0.837,57704.0
1753547059867,16:24:19.867,ADA/USDT:USDT,0.8367,18274.0,0.8366,54151.0,0.8368,1176.0,0.8369,72985.0
1753547060017,16:24:20.017,ADA/USDT:USDT,0.8367,20368.0,0.8366,46755.0,0.8368,7974.0,0.8369,90302.0
1753547060167,16:24:20.167,ADA/USDT:USDT,0.8367,18928.0,0.8366,46407.0,0.8368,34267.0,0.8369,90302.0
1753547060317,16:24:20.317,ADA/USDT:USDT,0.8367,35491.0,0.8366,46407.0,0.8368,28974.0,0.8369,90302.0
1753547060467,16:24:20.467,ADA/USDT:USDT,0.8367,35491.0,0.8366,46407.0,0.8368,44313.0,0.8369,90302.0
1753547060617,16:24:20.617,ADA/USDT:USDT,0.8367,35491.0,0.8366,47352.0,0.8368,16515.0,0.8369,68935.0
1753547060767,16:24:20.767,ADA/USDT:USDT,0.8367,35491.0,0.8366,47352.0,0.8368,16515.0,0.8369,68935.0
1753547060917,16:24:20.917,ADA/USDT:USDT,0.8367,35491.0,0.8366,47352.0,0.8368,15672.0,0.8369,68935.0
1753547061067,16:24:21.067,ADA/USDT:USDT,0.8367,35491.0,0.8366,47352.0,0.8368,27672.0,0.8369,68935.0
1753547061218,16:24:21.218,ADA/USDT:USDT,0.8367,35491.0,0.8366,47352.0,0.8368,27672.0,0.8369,68935.0
1753547061368,16:24:21.368,ADA/USDT:USDT,0.8367,35491.0,0.8366,47352.0,0.8368,28515.0,0.8369,68935.0
1753547061518,16:24:21.518,ADA/USDT:USDT,0.8367,35491.0,0.8366,47352.0,0.8368,18243.0,0.8369,68935.0
1753547061668,16:24:21.668,ADA/USDT:USDT,0.8367,35491.0,0.8366,47352.0,0.8368,18243.0,0.8369,68935.0
1753547061818,16:24:21.818,ADA/USDT:USDT,0.8367,33542.0,0.8366,35944.0,0.8368,18243.0,0.8369,68935.0
1753547061968,16:24:21.968,ADA/USDT:USDT,0.8367,16979.0,0.8366,35944.0,0.8368,18243.0,0.8369,68935.0
1753547062118,16:24:22.118,ADA/USDT:USDT,0.8367,16979.0,0.8366,45811.0,0.8368,43201.0,0.8369,69893.0
1753547062268,16:24:22.268,ADA/USDT:USDT,0.8367,16979.0,0.8366,45811.0,0.8368,43201.0,0.8369,69893.0
1753547062418,16:24:22.418,ADA/USDT:USDT,0.8365,16448.0,0.8364,43278.0,0.8366,432.0,0.8367,51200.0
1753547062568,16:24:22.568,ADA/USDT:USDT,0.8365,19687.0,0.8364,65356.0,0.8366,50762.0,0.8367,82045.0
1753547062718,16:24:22.718,ADA/USDT:USDT,0.8365,35653.0,0.8364,65356.0,0.8366,45469.0,0.8367,82045.0
1753547062869,16:24:22.869,ADA/USDT:USDT,0.8365,35491.0,0.8364,66301.0,0.8366,16896.0,0.8367,104123.0
1753547063019,16:24:23.019,ADA/USDT:USDT,0.8365,35348.0,0.8364,66301.0,0.8366,17739.0,0.8367,104123.0
1753547063169,16:24:23.169,ADA/USDT:USDT,0.8365,36191.0,0.8364,66301.0,0.8366,333.0,0.8367,87560.0
1753547063319,16:24:23.319,ADA/USDT:USDT,0.8365,36788.0,0.8364,66301.0,0.8366,333.0,0.8367,87560.0
1753547063469,16:24:23.469,ADA/USDT:USDT,0.8365,36788.0,0.8364,66301.0,0.8366,1176.0,0.8367,65482.0
1753547063619,16:24:23.619,ADA/USDT:USDT,0.8365,36788.0,0.8364,66301.0,0.8366,333.0,0.8367,16182.0
1753547063769,16:24:23.769,ADA/USDT:USDT,0.8366,575.0,0.8365,40703.0,0.8367,843.0,0.8368,43187.0
1753547063919,16:24:23.919,ADA/USDT:USDT,0.8366,69980.0,0.8365,38982.0,0.8368,43064.0,0.8369,52339.0
1753547064069,16:24:24.069,ADA/USDT:USDT,0.8367,11834.0,0.8366,66704.0,0.8368,20980.0,0.8369,74417.0
1753547064219,16:24:24.219,ADA/USDT:USDT,0.8367,11113.0,0.8366,85379.0,0.8368,61543.0,0.8369,75375.0
1753547064369,16:24:24.369,ADA/USDT:USDT,0.8367,4154.0,0.8366,73511.0,0.8368,61543.0,0.8369,75375.0
1753547064519,16:24:24.519,ADA/USDT:USDT,0.8367,4154.0,0.8366,73511.0,0.8368,61543.0,0.8369,75375.0
1753547064670,16:24:24.670,ADA/USDT:USDT,0.8367,4154.0,0.8366,73511.0,0.8368,61543.0,0.8369,75375.0
1753547064820,16:24:24.820,ADA/USDT:USDT,0.8367,4504.0,0.8366,73511.0,0.8368,37543.0,0.8369,75375.0
1753547064970,16:24:24.970,ADA/USDT:USDT,0.8367,21067.0,0.8366,56948.0,0.8368,37543.0,0.8369,75498.0
1753547065120,16:24:25.120,ADA/USDT:USDT,0.8367,21067.0,0.8366,56948.0,0.8368,61543.0,0.8369,75498.0
1753547065270,16:24:25.270,ADA/USDT:USDT,0.8367,21067.0,0.8366,56829.0,0.8368,61543.0,0.8369,75498.0
1753547065420,16:24:25.420,ADA/USDT:USDT,0.8367,21067.0,0.8366,56829.0,0.8368,61543.0,0.8369,75498.0
1753547065570,16:24:25.570,ADA/USDT:USDT,0.8367,21067.0,0.8366,56829.0,0.8368,61543.0,0.8369,75498.0
1753547065720,16:24:25.720,ADA/USDT:USDT,0.8365,17896.0,0.8364,43881.0,0.8366,2987.0,0.8367,46127.0
1753547065870,16:24:25.870,ADA/USDT:USDT,0.8365,18493.0,0.8364,65363.0,0.8366,32420.0,0.8367,80730.0
1753547066020,16:24:26.020,ADA/USDT:USDT,0.8365,17896.0,0.8364,65482.0,0.8366,38420.0,0.8367,80730.0
1753547066170,16:24:26.170,ADA/USDT:USDT,0.8365,17896.0,0.8364,65482.0,0.8366,7622.0,0.8367,102808.0
1753547066320,16:24:26.320,ADA/USDT:USDT,0.8365,34459.0,0.8364,65482.0,0.8366,22529.0,0.8367,102808.0
1753547066471,16:24:26.471,ADA/USDT:USDT,0.8365,34459.0,0.8364,66410.0,0.8366,17236.0,0.8367,101850.0
1753547066621,16:24:26.621,ADA/USDT:USDT,0.8365,34459.0,0.8364,66410.0,0.8366,17236.0,0.8367,91393.0
1753547066771,16:24:26.771,ADA/USDT:USDT,0.8366,575.0,0.8365,41946.0,0.8367,22078.0,0.8368,20980.0
1753547066921,16:24:26.921,ADA/USDT:USDT,0.8367,9735.0,0.8366,69283.0,0.8368,82970.0,0.8369,33533.0
1753547067071,16:24:27.071,ADA/USDT:USDT,0.8367,9735.0,0.8366,86524.0,0.8368,43058.0,0.8369,62978.0
1753547067221,16:24:27.221,ADA/USDT:USDT,0.8367,11684.0,0.8366,86643.0,0.8368,43058.0,0.8369,62978.0
1753547067371,16:24:27.371,ADA/USDT:USDT,0.8367,43586.0,0.8366,71008.0,0.8368,48679.0,0.8369,62978.0
1753547067521,16:24:27.521,ADA/USDT:USDT,0.8367,41987.0,0.8366,70080.0,0.8368,48679.0,0.8369,63936.0
1753547067671,16:24:27.671,ADA/USDT:USDT,0.8367,41987.0,0.8366,70080.0,0.8368,48679.0,0.8369,63936.0
1753547067821,16:24:27.821,ADA/USDT:USDT,0.8367,43586.0,0.8366,70080.0,0.8368,48679.0,0.8369,63936.0
1753547067971,16:24:27.971,ADA/USDT:USDT,0.8367,35491.0,0.8366,68440.0,0.8368,64679.0,0.8369,63936.0
1753547068122,16:24:28.122,ADA/USDT:USDT,0.8367,35491.0,0.8366,68321.0,0.8368,48679.0,0.8369,63936.0
1753547068272,16:24:28.272,ADA/USDT:USDT,0.8367,35491.0,0.8366,68321.0,0.8368,48679.0,0.8369,63936.0
1753547068422,16:24:28.422,ADA/USDT:USDT,0.8367,35491.0,0.8366,68321.0,0.8368,48679.0,0.8369,63936.0
1753547068572,16:24:28.572,ADA/USDT:USDT,0.8367,35491.0,0.8366,68321.0,0.8368,48679.0,0.8369,63936.0
1753547068722,16:24:28.722,ADA/USDT:USDT,0.8367,35491.0,0.8366,68321.0,0.8368,48679.0,0.8369,63936.0
1753547068872,16:24:28.872,ADA/USDT:USDT,0.8367,35491.0,0.8366,68321.0,0.8368,26601.0,0.8369,63936.0
1753547069022,16:24:29.022,ADA/USDT:USDT,0.8367,35491.0,0.8366,68321.0,0.8368,26601.0,0.8369,63936.0
1753547069172,16:24:29.172,ADA/USDT:USDT,0.8367,35491.0,0.8366,68321.0,0.8368,26601.0,0.8369,63936.0
1753547069322,16:24:29.322,ADA/USDT:USDT,0.8367,35491.0,0.8366,90399.0,0.8368,26601.0,0.8369,63936.0
1753547069472,16:24:29.472,ADA/USDT:USDT,0.8367,35491.0,0.8366,90399.0,0.8368,26601.0,0.8369,63936.0
1753547069622,16:24:29.622,ADA/USDT:USDT,0.8367,35491.0,0.8366,91446.0,0.8368,843.0,0.8369,19296.0
1753547069772,16:24:29.772,ADA/USDT:USDT,0.8368,2565.0,0.8367,34448.0,0.8369,24090.0,0.837,43220.0
1753547069923,16:24:29.923,ADA/USDT:USDT,0.8368,27217.0,0.8367,42460.0,0.8369,24090.0,0.837,57950.0
1753547070073,16:24:30.073,ADA/USDT:USDT,0.8368,27217.0,0.8367,42460.0,0.8369,70168.0,0.837,61427.0
1753547070223,16:24:30.223,ADA/USDT:USDT,0.8368,18203.0,0.8367,31996.0,0.8369,86731.0,0.837,62385.0
1753547070373,16:24:30.373,ADA/USDT:USDT,0.8368,1640.0,0.8367,31996.0,0.8369,86731.0,0.837,62385.0
1753547070523,16:24:30.523,ADA/USDT:USDT,0.8368,1640.0,0.8367,31996.0,0.8369,86731.0,0.837,62385.0
1753547070673,16:24:30.673,ADA/USDT:USDT,0.8368,3239.0,0.8367,31996.0,0.8369,86731.0,0.837,62385.0
1753547070823,16:24:30.823,ADA/USDT:USDT,0.8368,1640.0,0.8367,31996.0,0.8369,86731.0,0.837,62385.0
1753547070973,16:24:30.973,ADA/USDT:USDT,0.8367,31996.0,0.8366,75957.0,0.8369,86731.0,0.837,62385.0
1753547071123,16:24:31.123,ADA/USDT:USDT,0.8367,18928.0,0.8366,101125.0,0.8368,23021.0,0.8369,105447.0
1753547071273,16:24:31.273,ADA/USDT:USDT,0.8367,19265.0,0.8366,79047.0,0.8368,23021.0,0.8369,134894.0
1753547071423,16:24:31.423,ADA/USDT:USDT,0.8367,36314.0,0.8366,79047.0,0.8368,17728.0,0.8369,88884.0
1753547071573,16:24:31.573,ADA/USDT:USDT,0.8367,36314.0,0.8366,92655.0,0.8368,17728.0,0.8369,88884.0
1753547071724,16:24:31.724,ADA/USDT:USDT,0.8367,36314.0,0.8366,92655.0,0.8368,17728.0,0.8369,88884.0
1753547071874,16:24:31.874,ADA/USDT:USDT,0.8367,36314.0,0.8366,92655.0,0.8368,16905.0,0.8369,64884.0
1753547072024,16:24:32.024,ADA/USDT:USDT,0.8367,60314.0,0.8366,92655.0,0.8368,16905.0,0.8369,54145.0
1753547072174,16:24:32.174,ADA/USDT:USDT,0.8367,65118.0,0.8366,92655.0,0.8368,1054.0,0.8369,62093.0
1753547072324,16:24:32.324,ADA/USDT:USDT,0.8367,18553.0,0.8366,103794.0,0.8368,46338.0,0.8369,100902.0
1753547072474,16:24:32.474,ADA/USDT:USDT,0.8367,20152.0,0.8366,68109.0,0.8368,46338.0,0.8369,92954.0
1753547072624,16:24:32.624,ADA/USDT:USDT,0.8367,20152.0,0.8366,68109.0,0.8368,30781.0,0.8369,92954.0
1753547072774,16:24:32.774,ADA/USDT:USDT,0.8367,18553.0,0.8366,72765.0,0.8368,30781.0,0.8369,92954.0
1753547072924,16:24:32.924,ADA/USDT:USDT,0.8367,20152.0,0.8366,72765.0,0.8368,37281.0,0.8369,92954.0
1753547073074,16:24:33.074,ADA/USDT:USDT,0.8367,20152.0,0.8366,73693.0,0.8368,30781.0,0.8369,93077.0
1753547073224,16:24:33.224,ADA/USDT:USDT,0.8367,35491.0,0.8366,73574.0,0.8368,25097.0,0.8369,89141.0
1753547073375,16:24:33.375,ADA/USDT:USDT,0.8367,35491.0,0.8366,73574.0,0.8368,25097.0,0.8369,88183.0
1753547073525,16:24:33.525,ADA/USDT:USDT,0.8367,35491.0,0.8366,73574.0,0.8368,24274.0,0.8369,89141.0
1753547073675,16:24:33.675,ADA/USDT:USDT,0.8367,35491.0,0.8366,73574.0,0.8368,16393.0,0.8369,89141.0
1753547073824,16:24:33.824,ADA/USDT:USDT,0.8367,35491.0,0.8366,73574.0,0.8368,16393.0,0.8369,89141.0
1753547073975,16:24:33.975,ADA/USDT:USDT,0.8368,24091.0,0.8367,77238.0,0.8369,49645.0,0.837,74106.0
1753547074125,16:24:34.125,ADA/USDT:USDT,0.8368,55993.0,0.8367,75388.0,0.8369,46168.0,0.837,74106.0
1753547074275,16:24:34.275,ADA/USDT:USDT,0.8368,55993.0,0.8367,92286.0,0.8369,24090.0,0.837,96182.0
1753547074425,16:24:34.425,ADA/USDT:USDT,0.8368,43493.0,0.8367,92286.0,0.8369,24090.0,0.837,96182.0
1753547074575,16:24:34.575,ADA/USDT:USDT,0.8368,43493.0,0.8367,92286.0,0.8369,26887.0,0.837,97140.0
1753547074725,16:24:34.725,ADA/USDT:USDT,0.8368,43493.0,0.8367,92286.0,0.8369,30537.0,0.837,97140.0
1753547074875,16:24:34.875,ADA/USDT:USDT,0.8368,43469.0,0.8367,91358.0,0.8369,24376.0,0.837,97140.0
1753547075025,16:24:35.025,ADA/USDT:USDT,0.8368,54469.0,0.8367,91358.0,0.8369,30060.0,0.837,97140.0
1753547075176,16:24:35.176,ADA/USDT:USDT,0.8368,54469.0,0.8367,91358.0,0.8369,24090.0,0.837,97263.0
1753547075326,16:24:35.326,ADA/USDT:USDT,0.8368,54148.0,0.8367,91358.0,0.8369,24090.0,0.837,97263.0
1753547075476,16:24:35.476,ADA/USDT:USDT,0.8368,54148.0,0.8367,91358.0,0.8369,17446.0,0.837,71861.0
1753547075626,16:24:35.626,ADA/USDT:USDT,0.8368,54148.0,0.8367,97885.0,0.8369,1264.0,0.837,39583.0
1753547075926,16:24:35.926,ADA/USDT:USDT,0.8368,70305.0,0.8367,113064.0,0.8369,1264.0,0.837,2168.0
1753547076076,16:24:36.076,ADA/USDT:USDT,0.8368,70305.0,0.8367,112945.0,0.8369,1264.0,0.837,2168.0
1753547076226,16:24:36.226,ADA/USDT:USDT,0.8368,70305.0,0.8367,113064.0,0.8369,1264.0,0.837,2168.0
1753547076376,16:24:36.376,ADA/USDT:USDT,0.8368,70305.0,0.8367,109587.0,0.8369,1264.0,0.837,5645.0
1753547076526,16:24:36.526,ADA/USDT:USDT,0.8368,70305.0,0.8367,109587.0,0.8369,1264.0,0.837,2168.0
1753547076676,16:24:36.676,ADA/USDT:USDT,0.8368,70305.0,0.8367,109587.0,0.8369,1264.0,0.837,2168.0
1753547076826,16:24:36.826,ADA/USDT:USDT,0.8368,70305.0,0.8367,109587.0,0.8369,1076.0,0.837,2168.0
1753547076977,16:24:36.977,ADA/USDT:USDT,0.8368,70305.0,0.8367,112945.0,0.8369,1076.0,0.837,17668.0
1753547077127,16:24:37.127,ADA/USDT:USDT,0.8368,69585.0,0.8367,112945.0,0.8369,1076.0,0.837,17668.0
1753547077277,16:24:37.277,ADA/USDT:USDT,0.8368,70305.0,0.8367,112945.0,0.8369,1076.0,0.837,17668.0
1753547077427,16:24:37.427,ADA/USDT:USDT,0.8368,70305.0,0.8367,112945.0,0.8369,1076.0,0.837,17668.0
1753547077577,16:24:37.577,ADA/USDT:USDT,0.8369,55743.0,0.8368,74921.0,0.837,1304.0,0.8371,38243.0
1753547077727,16:24:37.727,ADA/USDT:USDT,0.8369,70436.0,0.8368,92622.0,0.837,1304.0,0.8371,16168.0
1753547077877,16:24:37.877,ADA/USDT:USDT,0.8369,69716.0,0.8368,92741.0,0.837,1304.0,0.8371,16168.0
1753547078027,16:24:38.027,ADA/USDT:USDT,0.8369,80179.0,0.8368,92720.0,0.837,1304.0,0.8371,40168.0
1753547078177,16:24:38.177,ADA/USDT:USDT,0.8369,79459.0,0.8368,88410.0,0.837,1304.0,0.8371,40168.0
1753547078327,16:24:38.327,ADA/USDT:USDT,0.8369,80179.0,0.8368,89243.0,0.837,504.0,0.8371,40168.0
1753547078477,16:24:38.477,ADA/USDT:USDT,0.8369,102253.0,0.8368,76790.0,0.837,504.0,0.8371,40168.0
1753547078627,16:24:38.627,ADA/USDT:USDT,0.8369,102253.0,0.8368,76790.0,0.837,504.0,0.8371,40168.0
1753547078778,16:24:38.778,ADA/USDT:USDT,0.8369,83533.0,0.8368,80141.0,0.837,504.0,0.8371,69638.0
1753547078928,16:24:38.928,ADA/USDT:USDT,0.8369,84253.0,0.8368,80141.0,0.837,504.0,0.8371,63562.0
1753547079078,16:24:39.078,ADA/USDT:USDT,0.8369,83533.0,0.8368,67141.0,0.837,504.0,0.8371,54902.0
1753547079228,16:24:39.228,ADA/USDT:USDT,0.8369,83533.0,0.8368,66308.0,0.837,504.0,0.8371,70093.0
1753547079378,16:24:39.378,ADA/USDT:USDT,0.8369,83533.0,0.8368,67130.0,0.837,504.0,0.8371,55359.0
1753547079528,16:24:39.528,ADA/USDT:USDT,0.8369,83533.0,0.8368,63660.0,0.837,504.0,0.8371,84833.0
1753547079678,16:24:39.678,ADA/USDT:USDT,0.8369,83533.0,0.8368,63660.0,0.837,504.0,0.8371,84833.0
1753547079828,16:24:39.828,ADA/USDT:USDT,0.8369,83533.0,0.8368,63660.0,0.837,504.0,0.8371,84833.0
1753547079978,16:24:39.978,ADA/USDT:USDT,0.8369,83533.0,0.8368,67130.0,0.837,504.0,0.8371,84833.0
1753547080128,16:24:40.128,ADA/USDT:USDT,0.8369,83533.0,0.8368,56130.0,0.837,504.0,0.8371,55359.0
1753547080278,16:24:40.278,ADA/USDT:USDT,0.8369,61791.0,0.8368,51838.0,0.837,39767.0,0.8371,90595.0
1753547080428,16:24:40.428,ADA/USDT:USDT,0.8369,59554.0,0.8368,45343.0,0.837,39767.0,0.8371,94065.0
1753547080578,16:24:40.578,ADA/USDT:USDT,0.8368,23721.0,0.8367,44012.0,0.8369,48368.0,0.837,64387.0
1753547080729,16:24:40.729,ADA/USDT:USDT,0.8368,16913.0,0.8367,65487.0,0.8369,48368.0,0.837,88381.0
1753547081029,16:24:41.029,ADA/USDT:USDT,0.8368,35491.0,0.8367,66309.0,0.8369,15689.0,0.837,83683.0
1753547081179,16:24:41.179,ADA/USDT:USDT,0.8368,35491.0,0.8367,66309.0,0.8369,15689.0,0.837,83683.0
1753547081329,16:24:41.329,ADA/USDT:USDT,0.8369,575.0,0.8368,45307.0,0.837,22576.0,0.8371,38013.0
1753547081479,16:24:41.479,ADA/USDT:USDT,0.8369,67894.0,0.8368,38617.0,0.837,504.0,0.8371,60074.0
1753547081629,16:24:41.629,ADA/USDT:USDT,0.8369,69313.0,0.8368,52786.0,0.837,504.0,0.8371,89554.0
1753547081779,16:24:41.779,ADA/USDT:USDT,0.8369,69313.0,0.8368,52786.0,0.837,504.0,0.8371,44883.0
1753547081929,16:24:41.929,ADA/USDT:USDT,0.8369,69313.0,0.8368,52786.0,0.837,504.0,0.8371,83899.0
1753547082079,16:24:42.079,ADA/USDT:USDT,0.8369,69313.0,0.8368,52786.0,0.837,173.0,0.8371,54419.0
1753547082230,16:24:42.230,ADA/USDT:USDT,0.8369,69313.0,0.8368,52786.0,0.837,173.0,0.8371,44883.0
1753547082379,16:24:42.379,ADA/USDT:USDT,0.8369,69313.0,0.8368,52786.0,0.837,173.0,0.8371,44883.0
1753547082530,16:24:42.530,ADA/USDT:USDT,0.8369,74837.0,0.8368,52066.0,0.837,173.0,0.8371,22090.0
1753547082680,16:24:42.680,ADA/USDT:USDT,0.8369,74837.0,0.8368,52066.0,0.837,173.0,0.8371,19.0
1753547082830,16:24:42.830,ADA/USDT:USDT,0.8369,74837.0,0.8368,52066.0,0.837,173.0,0.8371,8519.0
1753547082980,16:24:42.980,ADA/USDT:USDT,0.8369,74837.0,0.8368,52066.0,0.837,173.0,0.8371,8519.0
1753547083130,16:24:43.130,ADA/USDT:USDT,0.8369,74117.0,0.8368,52066.0,0.837,173.0,0.8371,8519.0
1753547083280,16:24:43.280,ADA/USDT:USDT,0.8369,74015.0,0.8368,52066.0,0.837,173.0,0.8371,23259.0
1753547083430,16:24:43.430,ADA/USDT:USDT,0.8369,73295.0,0.8368,52066.0,0.837,173.0,0.8371,8519.0
1753547083580,16:24:43.580,ADA/USDT:USDT,0.8369,73295.0,0.8368,52066.0,0.837,173.0,0.8371,20345.0
1753547083730,16:24:43.730,ADA/USDT:USDT,0.8369,72964.0,0.8368,51244.0,0.837,523.0,0.8371,83599.0
1753547083880,16:24:43.880,ADA/USDT:USDT,0.8369,95035.0,0.8368,52066.0,0.837,523.0,0.8371,110053.0
1753547084031,16:24:44.031,ADA/USDT:USDT,0.8369,95035.0,0.8368,43810.0,0.837,523.0,0.8371,91174.0
1753547084181,16:24:44.181,ADA/USDT:USDT,0.8369,95035.0,0.8368,43810.0,0.837,523.0,0.8371,51229.0
1753547084331,16:24:44.331,ADA/USDT:USDT,0.8369,95035.0,0.8368,43810.0,0.837,523.0,0.8371,51229.0
1753547084481,16:24:44.481,ADA/USDT:USDT,0.8369,95035.0,0.8368,43810.0,0.837,523.0,0.8371,51229.0
1753547084631,16:24:44.631,ADA/USDT:USDT,0.8369,95035.0,0.8368,43810.0,0.837,523.0,0.8371,40184.0
1753547084781,16:24:44.781,ADA/USDT:USDT,0.8369,95035.0,0.8368,43810.0,0.837,523.0,0.8371,24684.0
1753547084931,16:24:44.931,ADA/USDT:USDT,0.8369,95035.0,0.8368,43810.0,0.837,523.0,0.8371,16184.0
1753547085081,16:24:45.081,ADA/USDT:USDT,0.8369,95035.0,0.8368,43810.0,0.837,523.0,0.8371,30927.0
1753547085231,16:24:45.231,ADA/USDT:USDT,0.8369,95035.0,0.8368,43810.0,0.837,523.0,0.8371,16184.0
1753547085381,16:24:45.381,ADA/USDT:USDT,0.8369,95035.0,0.8368,43810.0,0.837,523.0,0.8371,16184.0
1753547085531,16:24:45.531,ADA/USDT:USDT,0.8369,95035.0,0.8368,43810.0,0.837,523.0,0.8371,65126.0
1753547085681,16:24:45.681,ADA/USDT:USDT,0.8369,95035.0,0.8368,43810.0,0.837,523.0,0.8371,50382.0
1753547085832,16:24:45.832,ADA/USDT:USDT,0.8369,96875.0,0.8368,43810.0,0.837,523.0,0.8371,74382.0
1753547085982,16:24:45.982,ADA/USDT:USDT,0.8369,96875.0,0.8368,43810.0,0.837,523.0,0.8371,16184.0
1753547086132,16:24:46.132,ADA/USDT:USDT,0.8369,97595.0,0.8368,43810.0,0.837,523.0,0.8371,16184.0
1753547086282,16:24:46.282,ADA/USDT:USDT,0.8369,97595.0,0.8368,43810.0,0.837,523.0,0.8371,30930.0
1753547086432,16:24:46.432,ADA/USDT:USDT,0.8369,97595.0,0.8368,43810.0,0.837,173.0,0.8371,16184.0
1753547086582,16:24:46.582,ADA/USDT:USDT,0.837,34252.0,0.8369,104899.0,0.8371,39708.0,0.8372,78312.0
1753547086732,16:24:46.732,ADA/USDT:USDT,0.837,49411.0,0.8369,107035.0,0.8371,14106.0,0.8372,88774.0
1753547086882,16:24:46.882,ADA/USDT:USDT,0.837,49411.0,0.8369,107035.0,0.8371,24779.0,0.8372,88774.0
1753547087032,16:24:47.032,ADA/USDT:USDT,0.837,49343.0,0.8369,107035.0,0.8371,24779.0,0.8372,89732.0
1753547087182,16:24:47.182,ADA/USDT:USDT,0.837,47625.0,0.8369,107035.0,0.8371,24779.0,0.8372,89732.0
1753547087332,16:24:47.332,ADA/USDT:USDT,0.837,47625.0,0.8369,107035.0,0.8371,42168.0,0.8372,89732.0
1753547087482,16:24:47.482,ADA/USDT:USDT,0.837,49224.0,0.8369,107035.0,0.8371,42168.0,0.8372,86262.0
1753547087633,16:24:47.633,ADA/USDT:USDT,0.837,40440.0,0.8369,107035.0,0.8371,42168.0,0.8372,86262.0
1753547087783,16:24:47.783,ADA/USDT:USDT,0.8369,26853.0,0.8368,38607.0,0.837,575.0,0.8371,48641.0
1753547087933,16:24:47.933,ADA/USDT:USDT,0.8369,41808.0,0.8368,64943.0,0.837,19854.0,0.8371,66167.0
1753547088083,16:24:48.083,ADA/USDT:USDT,0.8369,42634.0,0.8368,66299.0,0.837,18453.0,0.8371,80911.0
1753547088233,16:24:48.233,ADA/USDT:USDT,0.8369,42634.0,0.8368,66299.0,0.837,1640.0,0.8371,24195.0
1753547088383,16:24:48.383,ADA/USDT:USDT,0.837,575.0,0.8369,48755.0,0.8371,9500.0,0.8372,76679.0
1753547088533,16:24:48.533,ADA/USDT:USDT,0.837,65802.0,0.8369,45918.0,0.8371,1990.0,0.8372,39865.0
1753547088683,16:24:48.683,ADA/USDT:USDT,0.837,67158.0,0.8369,55121.0,0.8371,1640.0,0.8372,61932.0
1753547088833,16:24:48.833,ADA/USDT:USDT,0.837,67158.0,0.8369,55121.0,0.8371,1990.0,0.8372,81071.0
1753547088983,16:24:48.983,ADA/USDT:USDT,0.837,66399.0,0.8369,54362.0,0.8371,2816.0,0.8372,82029.0
1753547089133,16:24:49.133,ADA/USDT:USDT,0.837,42573.0,0.8369,76429.0,0.8371,2816.0,0.8372,82029.0
1753547089284,16:24:49.284,ADA/USDT:USDT,0.837,41401.0,0.8369,68582.0,0.8371,2816.0,0.8372,85499.0
1753547089434,16:24:49.434,ADA/USDT:USDT,0.837,41401.0,0.8369,66857.0,0.8371,1990.0,0.8372,74710.0
1753547089584,16:24:49.584,ADA/USDT:USDT,0.837,41401.0,0.8369,66857.0,0.8371,21085.0,0.8372,74710.0
1753547089734,16:24:49.734,ADA/USDT:USDT,0.837,39802.0,0.8369,66857.0,0.8371,24471.0,0.8372,74710.0
1753547089884,16:24:49.884,ADA/USDT:USDT,0.837,41401.0,0.8369,66857.0,0.8371,48471.0,0.8372,74710.0
1753547090034,16:24:50.034,ADA/USDT:USDT,0.837,41401.0,0.8369,66857.0,0.8371,24471.0,0.8372,74710.0
1753547090184,16:24:50.184,ADA/USDT:USDT,0.837,41401.0,0.8369,67616.0,0.8371,20275.0,0.8372,73752.0
1753547090334,16:24:50.334,ADA/USDT:USDT,0.8371,575.0,0.837,41401.0,0.8372,44257.0,0.8373,76056.0
1753547090484,16:24:50.484,ADA/USDT:USDT,0.8371,75710.0,0.837,43117.0,0.8372,13569.0,0.8373,53818.0
1753547090634,16:24:50.634,ADA/USDT:USDT,0.8371,75710.0,0.837,51477.0,0.8372,13569.0,0.8373,53818.0
1753547090784,16:24:50.784,ADA/USDT:USDT,0.8371,98373.0,0.837,38581.0,0.8372,13569.0,0.8373,42020.0
1753547090934,16:24:50.934,ADA/USDT:USDT,0.8371,98373.0,0.837,40421.0,0.8372,15559.0,0.8373,56768.0
1753547091085,16:24:51.085,ADA/USDT:USDT,0.8371,97614.0,0.837,40421.0,0.8372,15559.0,0.8373,56768.0
1753547091235,16:24:51.235,ADA/USDT:USDT,0.8371,97614.0,0.837,50880.0,0.8372,15559.0,0.8373,42020.0
1753547091385,16:24:51.385,ADA/USDT:USDT,0.8371,97614.0,0.837,55715.0,0.8372,15559.0,0.8373,56768.0
1753547091535,16:24:51.535,ADA/USDT:USDT,0.8371,97614.0,0.837,55715.0,0.8372,15559.0,0.8373,56768.0
1753547091685,16:24:51.685,ADA/USDT:USDT,0.8371,73614.0,0.837,55715.0,0.8372,19832.0,0.8373,74979.0
1753547091835,16:24:51.835,ADA/USDT:USDT,0.8371,72207.0,0.837,55715.0,0.8372,16369.0,0.8373,74979.0
1753547091985,16:24:51.985,ADA/USDT:USDT,0.8371,72207.0,0.837,55715.0,0.8372,16369.0,0.8373,75937.0
1753547092135,16:24:52.135,ADA/USDT:USDT,0.8371,72207.0,0.837,56312.0,0.8372,16369.0,0.8373,71517.0
1753547092285,16:24:52.285,ADA/USDT:USDT,0.8371,72207.0,0.837,56312.0,0.8372,16369.0,0.8373,71517.0
1753547092435,16:24:52.435,ADA/USDT:USDT,0.8371,72207.0,0.837,56312.0,0.8372,16369.0,0.8373,56769.0
1753547092585,16:24:52.585,ADA/USDT:USDT,0.8371,65717.0,0.837,56312.0,0.8372,32932.0,0.8373,71518.0
1753547092736,16:24:52.736,ADA/USDT:USDT,0.8371,65717.0,0.837,56312.0,0.8372,32932.0,0.8373,72476.0
1753547092886,16:24:52.886,ADA/USDT:USDT,0.8371,65717.0,0.837,55553.0,0.8372,32932.0,0.8373,86398.0
1753547093036,16:24:53.036,ADA/USDT:USDT,0.8371,43651.0,0.837,77617.0,0.8372,31336.0,0.8373,86398.0
1753547093186,16:24:53.186,ADA/USDT:USDT,0.8371,43651.0,0.837,77617.0,0.8372,31336.0,0.8373,86398.0
1753547093336,16:24:53.336,ADA/USDT:USDT,0.8371,42052.0,0.837,78409.0,0.8372,26635.0,0.8373,86398.0
1753547093486,16:24:53.486,ADA/USDT:USDT,0.8371,43651.0,0.837,78409.0,0.8372,28687.0,0.8373,82935.0
1753547093636,16:24:53.636,ADA/USDT:USDT,0.8371,43651.0,0.837,78409.0,0.8372,28687.0,0.8373,82935.0
1753547093786,16:24:53.786,ADA/USDT:USDT,0.8371,43076.0,0.837,78409.0,0.8372,68026.0,0.8373,86398.0
1753547093936,16:24:53.936,ADA/USDT:USDT,0.8371,43076.0,0.837,77020.0,0.8372,68026.0,0.8373,86398.0
1753547094086,16:24:54.086,ADA/USDT:USDT,0.8371,17623.0,0.837,66561.0,0.8372,68026.0,0.8373,86398.0
1753547094236,16:24:54.236,ADA/USDT:USDT,0.8371,17623.0,0.837,77020.0,0.8372,68026.0,0.8373,82935.0
1753547094386,16:24:54.386,ADA/USDT:USDT,0.8371,26103.0,0.837,77020.0,0.8372,68026.0,0.8373,82935.0
1753547094537,16:24:54.537,ADA/USDT:USDT,0.8371,26453.0,0.837,77812.0,0.8372,68026.0,0.8373,82935.0
1753547094687,16:24:54.687,ADA/USDT:USDT,0.8371,21043.0,0.837,77812.0,0.8372,68026.0,0.8373,82935.0
1753547094837,16:24:54.837,ADA/USDT:USDT,0.8371,34911.0,0.837,77020.0,0.8372,68026.0,0.8373,82935.0
1753547094987,16:24:54.987,ADA/USDT:USDT,0.8371,34911.0,0.837,77020.0,0.8372,67419.0,0.8373,82935.0
1753547095137,16:24:55.137,ADA/USDT:USDT,0.8371,34911.0,0.837,77020.0,0.8372,67419.0,0.8373,82935.0
1753547095287,16:24:55.287,ADA/USDT:USDT,0.8371,15851.0,0.837,51830.0,0.8372,67419.0,0.8373,82935.0
1753547095437,16:24:55.437,ADA/USDT:USDT,0.8371,15851.0,0.837,77026.0,0.8372,67419.0,0.8373,86398.0
1753547095587,16:24:55.587,ADA/USDT:USDT,0.8371,15678.0,0.837,77026.0,0.8372,67419.0,0.8373,86398.0
1753547095737,16:24:55.737,ADA/USDT:USDT,0.8371,18175.0,0.837,77026.0,0.8372,43419.0,0.8373,86398.0
1753547095887,16:24:55.887,ADA/USDT:USDT,0.8371,18175.0,0.837,77026.0,0.8372,43419.0,0.8373,86398.0
1753547096037,16:24:56.037,ADA/USDT:USDT,0.8371,18175.0,0.837,77026.0,0.8372,43419.0,0.8373,86398.0
1753547096188,16:24:56.188,ADA/USDT:USDT,0.8371,18175.0,0.837,77026.0,0.8372,43419.0,0.8373,86398.0
1753547096338,16:24:56.338,ADA/USDT:USDT,0.8371,18175.0,0.837,77026.0,0.8372,43419.0,0.8373,86398.0
1753547096488,16:24:56.488,ADA/USDT:USDT,0.8371,16576.0,0.837,66567.0,0.8372,43419.0,0.8373,86398.0
1753547096638,16:24:56.638,ADA/USDT:USDT,0.8371,16576.0,0.837,66567.0,0.8372,64419.0,0.8373,86398.0
1753547096788,16:24:56.788,ADA/USDT:USDT,0.8371,16576.0,0.837,66567.0,0.8372,64419.0,0.8373,86398.0
1753547096938,16:24:56.938,ADA/USDT:USDT,0.8371,339.0,0.837,64727.0,0.8372,64419.0,0.8373,86398.0
1753547097088,16:24:57.088,ADA/USDT:USDT,0.8371,339.0,0.837,37709.0,0.8372,89944.0,0.8373,86408.0
1753547097238,16:24:57.238,ADA/USDT:USDT,0.8371,339.0,0.837,44851.0,0.8372,89944.0,0.8373,76273.0
1753547097388,16:24:57.388,ADA/USDT:USDT,0.8371,339.0,0.837,44851.0,0.8372,89944.0,0.8373,76273.0
1753547097538,16:24:57.538,ADA/USDT:USDT,0.8371,25539.0,0.837,44851.0,0.8372,66296.0,0.8373,75438.0
1753547097688,16:24:57.688,ADA/USDT:USDT,0.8371,41228.0,0.837,45603.0,0.8372,29091.0,0.8373,40514.0
1753547097838,16:24:57.838,ADA/USDT:USDT,0.8371,41228.0,0.837,48253.0,0.8372,30333.0,0.8373,55269.0
1753547097989,16:24:57.989,ADA/USDT:USDT,0.8371,41228.0,0.837,48253.0,0.8372,15806.0,0.8373,96036.0
1753547098139,16:24:58.139,ADA/USDT:USDT,0.8371,41228.0,0.837,48253.0,0.8372,31145.0,0.8373,93043.0
1753547098289,16:24:58.289,ADA/USDT:USDT,0.8371,41228.0,0.837,48253.0,0.8372,22368.0,0.8373,93043.0
1753547098439,16:24:58.439,ADA/USDT:USDT,0.8371,41228.0,0.837,48253.0,0.8372,22368.0,0.8373,93043.0
1753547098589,16:24:58.589,ADA/USDT:USDT,0.8371,41228.0,0.837,48253.0,0.8372,22368.0,0.8373,93043.0
1753547098739,16:24:58.739,ADA/USDT:USDT,0.8371,41228.0,0.837,48253.0,0.8372,22368.0,0.8373,92085.0
1753547098889,16:24:58.889,ADA/USDT:USDT,0.8371,41228.0,0.837,48253.0,0.8372,22368.0,0.8373,92085.0
1753547099039,16:24:59.039,ADA/USDT:USDT,0.8371,41228.0,0.837,48253.0,0.8372,22368.0,0.8373,92085.0
1753547099189,16:24:59.189,ADA/USDT:USDT,0.8371,41228.0,0.837,48253.0,0.8372,25699.0,0.8373,93043.0
1753547099339,16:24:59.339,ADA/USDT:USDT,0.8371,41228.0,0.837,48253.0,0.8372,22368.0,0.8373,93043.0
1753547099489,16:24:59.489,ADA/USDT:USDT,0.8371,41228.0,0.837,48253.0,0.8372,24733.0,0.8373,93043.0
1753547099640,16:24:59.640,ADA/USDT:USDT,0.8371,41228.0,0.837,48253.0,0.8372,40233.0,0.8373,93043.0
1753547099790,16:24:59.790,ADA/USDT:USDT,0.8371,41228.0,0.837,58712.0,0.8372,22368.0,0.8373,93043.0
1753547099940,16:24:59.940,ADA/USDT:USDT,0.8371,41228.0,0.837,58712.0,0.8372,22368.0,0.8373,92085.0
1753547100090,16:25:00.090,ADA/USDT:USDT,0.8371,41228.0,0.837,58712.0,0.8372,22368.0,0.8373,92085.0
1753547100240,16:25:00.240,ADA/USDT:USDT,0.837,350.0,0.8369,69138.0,0.8371,28646.0,0.8372,61300.0
1753547100390,16:25:00.390,ADA/USDT:USDT,0.8369,22060.0,0.8368,55852.0,0.837,5100.0,0.8371,71339.0
1753547100540,16:25:00.540,ADA/USDT:USDT,0.8369,56721.0,0.8368,70713.0,0.837,350.0,0.8371,81760.0
1753547100690,16:25:00.690,ADA/USDT:USDT,0.837,575.0,0.8369,62122.0,0.8371,16463.0,0.8372,25869.0
1753547100840,16:25:00.840,ADA/USDT:USDT,0.8371,575.0,0.837,78119.0,0.8372,58558.0,0.8373,35358.0
1753547100990,16:25:00.990,ADA/USDT:USDT,0.8371,80933.0,0.837,87136.0,0.8372,23788.0,0.8373,41807.0
1753547101140,16:25:01.140,ADA/USDT:USDT,0.8371,80933.0,0.837,109195.0,0.8372,1729.0,0.8373,51985.0
1753547101291,16:25:01.291,ADA/USDT:USDT,0.8371,86457.0,0.837,114618.0,0.8372,89.0,0.8373,378.0
1753547101441,16:25:01.441,ADA/USDT:USDT,0.8371,88893.0,0.837,114978.0,0.8372,23.0,0.8373,378.0
1753547101590,16:25:01.590,ADA/USDT:USDT,0.8371,88893.0,0.837,114978.0,0.8372,6.0,0.8373,23878.0
