timestamp,time,symbol,bid1_price,bid1_volume,bid2_price,bid2_volume,ask1_price,ask1_volume,ask2_price,ask2_volume
1753546955528,16:22:35.528,ACE/USDT:USDT,0.5771,45.0,0.577,2619.0,0.5775,44.0,0.5777,942.0
1753546959585,16:22:39.585,ACE/USDT:USDT,0.5772,1042.0,0.5771,6680.0,0.5775,44.0,0.5777,942.0
1753546959606,16:22:39.606,ACE/USDT:USDT,0.5773,45.0,0.5772,1042.0,0.5775,44.0,0.5777,942.0
1753546959932,16:22:39.932,ACE/USDT:USDT,0.5773,45.0,0.5772,1087.0,0.5775,44.0,0.5777,942.0
1753546959985,16:22:39.985,ACE/USDT:USDT,0.5773,45.0,0.5772,1087.0,0.5775,44.0,0.5776,1008.0
1753546960020,16:22:40.020,ACE/USDT:USDT,0.5773,45.0,0.5772,1087.0,0.5776,1008.0,0.5777,6091.0
1753546960031,16:22:40.031,ACE/USDT:USDT,0.5773,45.0,0.5772,1087.0,0.5776,1008.0,0.5777,6091.0
1753546960071,16:22:40.071,ACE/USDT:USDT,0.5773,45.0,0.5772,1087.0,0.5776,1008.0,0.5777,6091.0
1753546960146,16:22:40.146,ACE/USDT:USDT,0.5773,45.0,0.5772,1087.0,0.5775,45.0,0.5776,1008.0
1753546960242,16:22:40.242,ACE/USDT:USDT,0.5772,1087.0,0.5771,6975.0,0.5777,45.0,0.5778,6536.0
1753546960262,16:22:40.262,ACE/USDT:USDT,0.5772,1382.0,0.5771,6680.0,0.5777,45.0,0.5778,6536.0
1753546960316,16:22:40.316,ACE/USDT:USDT,0.5773,45.0,0.5772,1382.0,0.5777,45.0,0.5778,6536.0
1753546960346,16:22:40.346,ACE/USDT:USDT,0.5773,45.0,0.5772,1382.0,0.5775,45.0,0.5776,45.0
1753546960367,16:22:40.367,ACE/USDT:USDT,0.5773,45.0,0.5772,1087.0,0.5775,45.0,0.5776,45.0
1753546960441,16:22:40.441,ACE/USDT:USDT,0.5773,45.0,0.5772,1087.0,0.5777,45.0,0.5778,6536.0
1753546960505,16:22:40.505,ACE/USDT:USDT,0.5773,45.0,0.5772,1087.0,0.5775,45.0,0.5777,45.0
1753546960625,16:22:40.625,ACE/USDT:USDT,0.5773,45.0,0.5772,1087.0,0.5777,45.0,0.5778,6536.0
1753546960651,16:22:40.651,ACE/USDT:USDT,0.5772,1087.0,0.5771,6680.0,0.5774,45.0,0.5777,45.0
1753546960662,16:22:40.662,ACE/USDT:USDT,0.5772,1087.0,0.5771,6680.0,0.5777,45.0,0.5778,6536.0
1753546960731,16:22:40.731,ACE/USDT:USDT,0.5773,45.0,0.5772,1087.0,0.5777,45.0,0.5778,6536.0
1753546960918,16:22:40.918,ACE/USDT:USDT,0.5773,45.0,0.5772,1087.0,0.5777,45.0,0.5778,46.0
1753546960931,16:22:40.931,ACE/USDT:USDT,0.5773,45.0,0.5772,1087.0,0.5778,46.0,0.5779,1724.0
1753546965246,16:22:45.246,ACE/USDT:USDT,0.5774,968.0,0.5773,3659.0,0.5778,46.0,0.5779,1724.0
1753546965285,16:22:45.285,ACE/USDT:USDT,0.5774,968.0,0.5773,3659.0,0.5778,46.0,0.5779,1724.0
1753546965288,16:22:45.288,ACE/USDT:USDT,0.5774,968.0,0.5773,3659.0,0.5778,46.0,0.5779,1724.0
1753546965383,16:22:45.383,ACE/USDT:USDT,0.5775,45.0,0.5774,968.0,0.5778,46.0,0.5779,1724.0
1753546966443,16:22:46.443,ACE/USDT:USDT,0.5774,968.0,0.5773,3659.0,0.5778,46.0,0.5779,1724.0
1753546966557,16:22:46.557,ACE/USDT:USDT,0.5775,46.0,0.5774,968.0,0.5778,46.0,0.5779,1724.0
1753546966728,16:22:46.728,ACE/USDT:USDT,0.5775,46.0,0.5774,968.0,0.5778,46.0,0.5779,1724.0
1753546967592,16:22:47.592,ACE/USDT:USDT,0.5774,968.0,0.5773,3659.0,0.5778,46.0,0.5779,1724.0
1753546969744,16:22:49.744,ACE/USDT:USDT,0.5774,950.0,0.5773,3659.0,0.5778,46.0,0.5779,1724.0
1753546972433,16:22:52.433,ACE/USDT:USDT,0.5775,46.0,0.5774,950.0,0.5778,46.0,0.5779,1724.0
1753546972766,16:22:52.766,ACE/USDT:USDT,0.5774,950.0,0.5773,3659.0,0.5778,46.0,0.5779,1724.0
1753546975166,16:22:55.166,ACE/USDT:USDT,0.5775,46.0,0.5774,950.0,0.5778,46.0,0.5779,1724.0
1753546975983,16:22:55.983,ACE/USDT:USDT,0.5774,950.0,0.5773,3659.0,0.5778,46.0,0.5779,1724.0
1753546976699,16:22:56.699,ACE/USDT:USDT,0.5775,44.0,0.5774,950.0,0.5778,46.0,0.5779,1724.0
1753546980196,16:23:00.196,ACE/USDT:USDT,0.5774,950.0,0.5773,3659.0,0.5778,46.0,0.5779,1724.0
1753546982054,16:23:02.054,ACE/USDT:USDT,0.5774,950.0,0.5773,3614.0,0.5778,46.0,0.5779,1724.0
1753546982108,16:23:02.108,ACE/USDT:USDT,0.5774,950.0,0.5773,3614.0,0.5776,1210.0,0.5777,4215.0
1753546982229,16:23:02.229,ACE/USDT:USDT,0.5774,950.0,0.5773,3614.0,0.5776,1210.0,0.5777,4215.0
1753546982351,16:23:02.351,ACE/USDT:USDT,0.5774,950.0,0.5773,3614.0,0.5776,1210.0,0.5777,4215.0
1753546982377,16:23:02.377,ACE/USDT:USDT,0.5772,6555.0,0.5771,2317.0,0.5776,1210.0,0.5777,4215.0
1753546982406,16:23:02.406,ACE/USDT:USDT,0.5772,6260.0,0.5771,2317.0,0.5776,1210.0,0.5777,4215.0
1753546982429,16:23:02.429,ACE/USDT:USDT,0.5772,6260.0,0.5771,2317.0,0.5776,1210.0,0.5777,4215.0
1753546982458,16:23:02.458,ACE/USDT:USDT,0.5772,6260.0,0.5771,2317.0,0.5776,1210.0,0.5777,4215.0
1753546982470,16:23:02.470,ACE/USDT:USDT,0.5772,6260.0,0.5771,2612.0,0.5776,1210.0,0.5777,4215.0
1753546982515,16:23:02.515,ACE/USDT:USDT,0.5772,6260.0,0.5771,2612.0,0.5776,1210.0,0.5777,4215.0
1753546982647,16:23:02.647,ACE/USDT:USDT,0.5771,544.0,0.577,6825.0,0.5776,1210.0,0.5777,4215.0
1753546982654,16:23:02.654,ACE/USDT:USDT,0.5771,544.0,0.577,6825.0,0.5776,1210.0,0.5777,4215.0
1753546982761,16:23:02.761,ACE/USDT:USDT,0.5771,544.0,0.577,6825.0,0.5775,44.0,0.5776,1210.0
1753546982826,16:23:02.826,ACE/USDT:USDT,0.5771,544.0,0.577,6825.0,0.5775,44.0,0.5776,1210.0
1753546982956,16:23:02.956,ACE/USDT:USDT,0.5771,45.0,0.577,45.0,0.5775,44.0,0.5776,1210.0
1753546982962,16:23:02.962,ACE/USDT:USDT,0.5771,45.0,0.577,45.0,0.5775,44.0,0.5776,1210.0
1753546983207,16:23:03.207,ACE/USDT:USDT,0.5773,44.0,0.5771,45.0,0.5775,44.0,0.5776,1210.0
1753546983455,16:23:03.455,ACE/USDT:USDT,0.5771,45.0,0.577,45.0,0.5775,44.0,0.5776,1210.0
1753546983588,16:23:03.588,ACE/USDT:USDT,0.5773,44.0,0.5771,45.0,0.5775,44.0,0.5776,1210.0
1753546983690,16:23:03.690,ACE/USDT:USDT,0.5773,44.0,0.577,45.0,0.5775,44.0,0.5776,1254.0
1753546983757,16:23:03.757,ACE/USDT:USDT,0.577,45.0,0.5769,4757.0,0.5775,44.0,0.5776,1254.0
1753546983793,16:23:03.793,ACE/USDT:USDT,0.577,340.0,0.5769,4757.0,0.5775,44.0,0.5776,1254.0
1753546983886,16:23:03.886,ACE/USDT:USDT,0.5771,44.0,0.577,340.0,0.5775,44.0,0.5776,1254.0
1753546986313,16:23:06.313,ACE/USDT:USDT,0.5771,44.0,0.577,340.0,0.5776,1254.0,0.5777,4215.0
1753546986480,16:23:06.480,ACE/USDT:USDT,0.5771,44.0,0.577,340.0,0.5776,1254.0,0.5777,4215.0
1753546986519,16:23:06.519,ACE/USDT:USDT,0.5771,44.0,0.577,340.0,0.5775,45.0,0.5776,1254.0
1753546986573,16:23:06.573,ACE/USDT:USDT,0.5771,44.0,0.577,340.0,0.5775,45.0,0.5776,44.0
1753546986800,16:23:06.800,ACE/USDT:USDT,0.5771,44.0,0.577,340.0,0.5776,44.0,0.5778,6327.0
1753546986808,16:23:06.808,ACE/USDT:USDT,0.5771,44.0,0.577,340.0,0.5776,44.0,0.5778,6327.0
1753546986950,16:23:06.950,ACE/USDT:USDT,0.5771,44.0,0.577,340.0,0.5776,44.0,0.5778,6327.0
1753546987098,16:23:07.098,ACE/USDT:USDT,0.5771,44.0,0.577,340.0,0.5776,45.0,0.5778,6327.0
1753546987123,16:23:07.123,ACE/USDT:USDT,0.5771,44.0,0.577,45.0,0.5776,45.0,0.5778,6327.0
1753546987261,16:23:07.261,ACE/USDT:USDT,0.577,45.0,0.5769,5052.0,0.5776,45.0,0.5778,6327.0
1753546987300,16:23:07.300,ACE/USDT:USDT,0.577,45.0,0.5769,5052.0,0.5776,45.0,0.5778,6327.0
1753546988000,16:23:08.000,ACE/USDT:USDT,0.5773,1079.0,0.5772,7429.0,0.5776,45.0,0.5778,6327.0
1753546988010,16:23:08.010,ACE/USDT:USDT,0.5774,45.0,0.5773,1079.0,0.5776,45.0,0.5778,6327.0
1753546988607,16:23:08.607,ACE/USDT:USDT,0.5774,45.0,0.5773,1124.0,0.5776,45.0,0.5778,6327.0
1753546989497,16:23:09.497,ACE/USDT:USDT,0.5774,45.0,0.5773,45.0,0.5776,45.0,0.5778,6327.0
1753546989510,16:23:09.510,ACE/USDT:USDT,0.5773,45.0,0.5771,7013.0,0.5776,45.0,0.5778,6327.0
1753546990262,16:23:10.262,ACE/USDT:USDT,0.5773,45.0,0.5771,7013.0,0.5778,46.0,0.5779,4195.0
1753546991584,16:23:11.584,ACE/USDT:USDT,0.5773,45.0,0.5771,7013.0,0.5779,4195.0,0.578,2539.0
1753546991641,16:23:11.641,ACE/USDT:USDT,0.5773,45.0,0.5771,7013.0,0.5778,45.0,0.5779,4195.0
1753546994406,16:23:14.406,ACE/USDT:USDT,0.5773,45.0,0.5771,7308.0,0.5778,45.0,0.5779,4195.0
1753546995277,16:23:15.277,ACE/USDT:USDT,0.5774,1085.0,0.5773,3977.0,0.5777,827.0,0.5778,1812.0
1753546995301,16:23:15.301,ACE/USDT:USDT,0.5775,45.0,0.5774,1085.0,0.5777,827.0,0.5778,1812.0
1753546995325,16:23:15.325,ACE/USDT:USDT,0.5775,45.0,0.5774,1130.0,0.5777,827.0,0.5778,1812.0
1753546995489,16:23:15.489,ACE/USDT:USDT,0.5775,45.0,0.5774,1130.0,0.5777,827.0,0.5778,1812.0
1753546996571,16:23:16.571,ACE/USDT:USDT,0.5775,45.0,0.5774,1130.0,0.5776,45.0,0.5777,827.0
1753546996591,16:23:16.591,ACE/USDT:USDT,0.5774,1130.0,0.5773,3977.0,0.5776,45.0,0.5777,827.0
1753546996651,16:23:16.651,ACE/USDT:USDT,0.5775,45.0,0.5774,1130.0,0.5776,45.0,0.5777,827.0
1753546996714,16:23:16.714,ACE/USDT:USDT,0.5774,1130.0,0.5773,3977.0,0.5776,45.0,0.5777,827.0
1753546996728,16:23:16.728,ACE/USDT:USDT,0.5774,1130.0,0.5773,3977.0,0.5777,827.0,0.5778,1812.0
1753546996783,16:23:16.783,ACE/USDT:USDT,0.5775,45.0,0.5774,1130.0,0.5777,827.0,0.5778,1812.0
1753546997534,16:23:17.534,ACE/USDT:USDT,0.5775,45.0,0.5774,1130.0,0.5779,44.0,0.578,4670.0
1753546997553,16:23:17.553,ACE/USDT:USDT,0.5775,45.0,0.5774,1130.0,0.5779,44.0,0.578,4670.0
1753546998078,16:23:18.078,ACE/USDT:USDT,0.5775,45.0,0.5774,1130.0,0.5779,44.0,0.578,4670.0
1753546998129,16:23:18.129,ACE/USDT:USDT,0.5775,45.0,0.5774,1130.0,0.5779,44.0,0.578,4670.0
1753546998129,16:23:18.129,ACE/USDT:USDT,0.5775,45.0,0.5774,1130.0,0.5779,44.0,0.578,4670.0
1753547000223,16:23:20.223,ACE/USDT:USDT,0.5775,45.0,0.5774,1130.0,0.5779,44.0,0.578,4670.0
1753547000227,16:23:20.227,ACE/USDT:USDT,0.5775,45.0,0.5774,1130.0,0.5779,44.0,0.578,4670.0
1753547000576,16:23:20.576,ACE/USDT:USDT,0.5775,968.0,0.5774,4552.0,0.5779,44.0,0.578,4670.0
1753547000592,16:23:20.592,ACE/USDT:USDT,0.5776,45.0,0.5775,968.0,0.5779,44.0,0.578,4670.0
1753547001829,16:23:21.829,ACE/USDT:USDT,0.5776,45.0,0.5775,968.0,0.5779,44.0,0.578,4670.0
1753547001834,16:23:21.834,ACE/USDT:USDT,0.5776,45.0,0.5775,968.0,0.5779,44.0,0.578,4670.0
1753547002151,16:23:22.151,ACE/USDT:USDT,0.5776,45.0,0.5775,968.0,0.5779,44.0,0.578,4670.0
1753547002157,16:23:22.157,ACE/USDT:USDT,0.5776,45.0,0.5775,968.0,0.5779,44.0,0.578,4670.0
1753547002962,16:23:22.962,ACE/USDT:USDT,0.5776,45.0,0.5775,968.0,0.5778,1194.0,0.5779,2633.0
1753547004505,16:23:24.505,ACE/USDT:USDT,0.5776,45.0,0.5775,968.0,0.5778,1194.0,0.5779,2633.0
1753547007276,16:23:27.276,ACE/USDT:USDT,0.5776,45.0,0.5775,968.0,0.5778,1194.0,0.5779,2633.0
1753547007328,16:23:27.328,ACE/USDT:USDT,0.5776,45.0,0.5775,968.0,0.5778,1194.0,0.5779,2633.0
1753547008828,16:23:28.828,ACE/USDT:USDT,0.5776,45.0,0.5775,968.0,0.5778,1169.0,0.5779,2633.0
1753547009267,16:23:29.267,ACE/USDT:USDT,0.5775,968.0,0.5774,4552.0,0.5777,944.0,0.5778,3478.0
1753547009283,16:23:29.283,ACE/USDT:USDT,0.5775,968.0,0.5774,4552.0,0.5777,944.0,0.5778,3478.0
1753547009297,16:23:29.297,ACE/USDT:USDT,0.5776,44.0,0.5775,968.0,0.5777,988.0,0.5778,3478.0
1753547009325,16:23:29.325,ACE/USDT:USDT,0.5776,44.0,0.5775,968.0,0.5777,988.0,0.5778,3478.0
1753547009344,16:23:29.344,ACE/USDT:USDT,0.5776,44.0,0.5775,968.0,0.5777,944.0,0.5778,3478.0
1753547009403,16:23:29.403,ACE/USDT:USDT,0.5775,968.0,0.5774,4552.0,0.5777,944.0,0.5778,3478.0
1753547009550,16:23:29.550,ACE/USDT:USDT,0.5775,968.0,0.5774,4552.0,0.5776,44.0,0.5777,944.0
1753547009668,16:23:29.668,ACE/USDT:USDT,0.5775,923.0,0.5774,4552.0,0.5776,44.0,0.5777,944.0
1753547009691,16:23:29.691,ACE/USDT:USDT,0.5775,923.0,0.5774,4552.0,0.5777,944.0,0.5778,3478.0
1753547010686,16:23:30.686,ACE/USDT:USDT,0.5775,923.0,0.5774,4552.0,0.5776,44.0,0.5777,944.0
1753547010725,16:23:30.725,ACE/USDT:USDT,0.5775,923.0,0.5774,4552.0,0.5776,44.0,0.5777,944.0
1753547010864,16:23:30.864,ACE/USDT:USDT,0.5775,923.0,0.5774,4552.0,0.5777,944.0,0.5778,3478.0
1753547014272,16:23:34.272,ACE/USDT:USDT,0.5775,923.0,0.5774,4552.0,0.5776,44.0,0.5777,944.0
1753547014305,16:23:34.305,ACE/USDT:USDT,0.5775,923.0,0.5774,4552.0,0.5777,944.0,0.5778,3478.0
1753547015254,16:23:35.254,ACE/USDT:USDT,0.5774,45.0,0.5773,576.0,0.5776,44.0,0.5777,944.0
1753547015260,16:23:35.260,ACE/USDT:USDT,0.5774,45.0,0.5773,576.0,0.5776,44.0,0.5777,944.0
1753547017165,16:23:37.165,ACE/USDT:USDT,0.5773,576.0,0.5772,1966.0,0.5776,44.0,0.5777,988.0
1753547017219,16:23:37.219,ACE/USDT:USDT,0.5774,44.0,0.5773,576.0,0.5776,44.0,0.5777,988.0
1753547019527,16:23:39.527,ACE/USDT:USDT,0.5774,44.0,0.5773,576.0,0.5777,988.0,0.5778,3478.0
1753547020057,16:23:40.057,ACE/USDT:USDT,0.5774,44.0,0.5773,576.0,0.5777,988.0,0.5778,3478.0
1753547020070,16:23:40.070,ACE/USDT:USDT,0.5774,44.0,0.5773,576.0,0.5777,44.0,0.5779,44.0
1753547020110,16:23:40.110,ACE/USDT:USDT,0.5774,44.0,0.5773,576.0,0.5779,44.0,0.578,2305.0
1753547020136,16:23:40.136,ACE/USDT:USDT,0.5774,44.0,0.5773,576.0,0.5779,44.0,0.578,2305.0
1753547020199,16:23:40.199,ACE/USDT:USDT,0.5774,44.0,0.5773,576.0,0.5779,44.0,0.578,2305.0
1753547020311,16:23:40.311,ACE/USDT:USDT,0.5774,1061.0,0.5773,5597.0,0.5779,44.0,0.578,2305.0
1753547020354,16:23:40.354,ACE/USDT:USDT,0.5775,44.0,0.5774,1061.0,0.5779,44.0,0.578,2305.0
1753547020608,16:23:40.608,ACE/USDT:USDT,0.5775,44.0,0.5774,44.0,0.5779,44.0,0.578,2305.0
1753547020627,16:23:40.627,ACE/USDT:USDT,0.5774,44.0,0.5773,45.0,0.5779,44.0,0.578,2305.0
1753547020660,16:23:40.660,ACE/USDT:USDT,0.5773,45.0,0.5772,3553.0,0.5779,44.0,0.578,2305.0
1753547020702,16:23:40.702,ACE/USDT:USDT,0.5773,45.0,0.5772,3553.0,0.5779,44.0,0.578,2305.0
1753547021236,16:23:41.236,ACE/USDT:USDT,0.5773,45.0,0.5772,3553.0,0.5779,44.0,0.578,2305.0
1753547027406,16:23:47.406,ACE/USDT:USDT,0.5773,340.0,0.5772,3553.0,0.5779,44.0,0.578,2305.0
1753547027428,16:23:47.428,ACE/USDT:USDT,0.5774,44.0,0.5773,340.0,0.5779,44.0,0.578,2305.0
1753547028171,16:23:48.171,ACE/USDT:USDT,0.5776,1024.0,0.5774,8811.0,0.5778,964.0,0.5779,3861.0
1753547028184,16:23:48.184,ACE/USDT:USDT,0.5776,1024.0,0.5775,44.0,0.5778,964.0,0.5779,3861.0
1753547030716,16:23:50.716,ACE/USDT:USDT,0.5777,44.0,0.5776,1024.0,0.5778,964.0,0.5779,3861.0
1753547031037,16:23:51.037,ACE/USDT:USDT,0.5776,1024.0,0.5775,44.0,0.5778,964.0,0.5779,3861.0
1753547031254,16:23:51.254,ACE/USDT:USDT,0.5776,1024.0,0.5775,44.0,0.5777,44.0,0.5778,964.0
1753547031301,16:23:51.301,ACE/USDT:USDT,0.5776,1024.0,0.5775,44.0,0.5778,964.0,0.5779,3861.0
1753547032323,16:23:52.323,ACE/USDT:USDT,0.5775,44.0,0.5774,44.0,0.5777,44.0,0.5778,964.0
1753547032335,16:23:52.335,ACE/USDT:USDT,0.5774,44.0,0.5773,5468.0,0.5777,44.0,0.5778,964.0
1753547032354,16:23:52.354,ACE/USDT:USDT,0.5774,44.0,0.5773,5468.0,0.5777,44.0,0.5778,964.0
1753547032671,16:23:52.671,ACE/USDT:USDT,0.5774,44.0,0.5773,5468.0,0.5778,964.0,0.5779,3861.0
1753547033527,16:23:53.527,ACE/USDT:USDT,0.5774,44.0,0.5773,5468.0,0.5777,44.0,0.5778,964.0
1753547036413,16:23:56.413,ACE/USDT:USDT,0.5774,44.0,0.5773,5468.0,0.5777,44.0,0.5778,964.0
1753547038309,16:23:58.309,ACE/USDT:USDT,0.5775,746.0,0.5774,4642.0,0.5777,44.0,0.5778,964.0
1753547039148,16:23:59.148,ACE/USDT:USDT,0.5775,741.0,0.5774,4642.0,0.5777,44.0,0.5778,964.0
1753547040258,16:24:00.258,ACE/USDT:USDT,0.5776,45.0,0.5775,741.0,0.5777,44.0,0.5778,964.0
1753547040289,16:24:00.289,ACE/USDT:USDT,0.5776,45.0,0.5775,741.0,0.5777,44.0,0.5778,964.0
1753547041121,16:24:01.121,ACE/USDT:USDT,0.5776,45.0,0.5775,741.0,0.5778,964.0,0.5779,3861.0
1753547041199,16:24:01.199,ACE/USDT:USDT,0.5776,45.0,0.5775,786.0,0.5778,964.0,0.5779,3861.0
1753547043573,16:24:03.573,ACE/USDT:USDT,0.5776,957.0,0.5775,3190.0,0.5778,964.0,0.5779,3861.0
1753547044096,16:24:04.096,ACE/USDT:USDT,0.5777,45.0,0.5776,957.0,0.5778,964.0,0.5779,3861.0
1753547051405,16:24:11.405,ACE/USDT:USDT,0.5777,45.0,0.5776,957.0,0.5778,964.0,0.5779,3861.0
1753547051462,16:24:11.462,ACE/USDT:USDT,0.5777,45.0,0.5776,957.0,0.578,45.0,0.5782,6245.0
1753547051492,16:24:11.492,ACE/USDT:USDT,0.5777,45.0,0.5776,957.0,0.578,45.0,0.5782,6532.0
1753547055684,16:24:15.684,ACE/USDT:USDT,0.5776,957.0,0.5775,3190.0,0.578,45.0,0.5782,6532.0
1753547055889,16:24:15.889,ACE/USDT:USDT,0.5777,44.0,0.5776,957.0,0.578,45.0,0.5782,6532.0
1753547056654,16:24:16.654,ACE/USDT:USDT,0.5777,44.0,0.5776,957.0,0.5779,1138.0,0.578,6001.0
1753547057953,16:24:17.953,ACE/USDT:USDT,0.5777,44.0,0.5776,957.0,0.578,45.0,0.5781,3414.0
1753547057972,16:24:17.972,ACE/USDT:USDT,0.5777,44.0,0.5776,957.0,0.578,45.0,0.5781,3414.0
1753547057972,16:24:17.972,ACE/USDT:USDT,0.5777,44.0,0.5776,957.0,0.578,45.0,0.5781,3414.0
1753547059461,16:24:19.461,ACE/USDT:USDT,0.5777,1168.0,0.5776,4448.0,0.578,45.0,0.5781,3414.0
1753547059498,16:24:19.498,ACE/USDT:USDT,0.5777,1168.0,0.5776,4448.0,0.5781,3414.0,0.5782,3812.0
1753547059558,16:24:19.558,ACE/USDT:USDT,0.5778,44.0,0.5777,1168.0,0.5781,3414.0,0.5782,3812.0
1753547059608,16:24:19.608,ACE/USDT:USDT,0.5778,44.0,0.5777,1168.0,0.578,44.0,0.5781,3414.0
1753547060260,16:24:20.260,ACE/USDT:USDT,0.5778,44.0,0.5777,1168.0,0.578,44.0,0.5781,3414.0
1753547062508,16:24:22.508,ACE/USDT:USDT,0.5777,1168.0,0.5776,4448.0,0.578,44.0,0.5781,3414.0
1753547062623,16:24:22.623,ACE/USDT:USDT,0.5778,44.0,0.5777,1168.0,0.578,44.0,0.5781,3414.0
1753547063408,16:24:23.408,ACE/USDT:USDT,0.5778,44.0,0.5777,1168.0,0.578,44.0,0.5781,3414.0
1753547065615,16:24:25.615,ACE/USDT:USDT,0.5777,1168.0,0.5776,4448.0,0.578,44.0,0.5781,3414.0
1753547066547,16:24:26.547,ACE/USDT:USDT,0.5777,1168.0,0.5776,4448.0,0.5779,1009.0,0.578,2342.0
1753547067867,16:24:27.867,ACE/USDT:USDT,0.5778,44.0,0.5777,1168.0,0.578,643.0,0.5781,4074.0
1753547067880,16:24:27.880,ACE/USDT:USDT,0.5778,44.0,0.5777,1168.0,0.578,643.0,0.5781,4074.0
1753547068134,16:24:28.134,ACE/USDT:USDT,0.5778,44.0,0.5777,1168.0,0.5779,44.0,0.578,643.0
1753547068140,16:24:28.140,ACE/USDT:USDT,0.5777,1168.0,0.5776,4448.0,0.5779,44.0,0.578,643.0
1753547068936,16:24:28.936,ACE/USDT:USDT,0.5778,44.0,0.5777,1168.0,0.578,643.0,0.5781,4074.0
1753547068970,16:24:28.970,ACE/USDT:USDT,0.5778,44.0,0.5777,1168.0,0.578,643.0,0.5781,4074.0
1753547069407,16:24:29.407,ACE/USDT:USDT,0.5778,44.0,0.5777,1168.0,0.578,643.0,0.5781,4074.0
1753547069553,16:24:29.553,ACE/USDT:USDT,0.5778,44.0,0.5777,1168.0,0.578,643.0,0.5781,4074.0
1753547069903,16:24:29.903,ACE/USDT:USDT,0.5778,44.0,0.5777,1168.0,0.578,44.0,0.5782,5004.0
1753547070008,16:24:30.008,ACE/USDT:USDT,0.5778,44.0,0.5777,1168.0,0.578,44.0,0.5782,3439.0
1753547070012,16:24:30.012,ACE/USDT:USDT,0.5778,44.0,0.5777,1168.0,0.578,44.0,0.5782,45.0
1753547070057,16:24:30.057,ACE/USDT:USDT,0.5778,44.0,0.5777,1168.0,0.5782,45.0,0.5783,1689.0
1753547073197,16:24:33.197,ACE/USDT:USDT,0.5778,1093.0,0.5777,4085.0,0.5782,45.0,0.5783,1689.0
1753547073219,16:24:33.219,ACE/USDT:USDT,0.5779,44.0,0.5778,1093.0,0.5783,1689.0,0.5784,5993.0
1753547073244,16:24:33.244,ACE/USDT:USDT,0.5779,44.0,0.5778,1093.0,0.5783,1689.0,0.5784,5993.0
1753547073514,16:24:33.514,ACE/USDT:USDT,0.5779,44.0,0.5778,1093.0,0.5783,44.0,0.5785,1846.0
1753547073525,16:24:33.525,ACE/USDT:USDT,0.5779,44.0,0.5778,1388.0,0.5783,44.0,0.5785,1846.0
1753547073645,16:24:33.645,ACE/USDT:USDT,0.5779,44.0,0.5778,1093.0,0.5784,44.0,0.5785,473.0
1753547075612,16:24:35.612,ACE/USDT:USDT,0.5779,44.0,0.5778,1093.0,0.5785,473.0,0.5786,3560.0
1753547075779,16:24:35.779,ACE/USDT:USDT,0.5779,44.0,0.5778,1093.0,0.5784,44.0,0.5785,473.0
1753547075885,16:24:35.885,ACE/USDT:USDT,0.5779,44.0,0.5778,1093.0,0.5785,473.0,0.5786,3560.0
1753547075953,16:24:35.953,ACE/USDT:USDT,0.5779,44.0,0.5778,1093.0,0.5784,44.0,0.5785,473.0
1753547080490,16:24:40.490,ACE/USDT:USDT,0.5782,1143.0,0.5781,3521.0,0.5784,44.0,0.5785,983.0
1753547080521,16:24:40.521,ACE/USDT:USDT,0.5782,1143.0,0.5781,3521.0,0.5784,44.0,0.5785,983.0
1753547080651,16:24:40.651,ACE/USDT:USDT,0.5782,1143.0,0.5781,3521.0,0.5784,44.0,0.5785,983.0
1753547081317,16:24:41.317,ACE/USDT:USDT,0.5782,1143.0,0.5781,3521.0,0.5785,983.0,0.5786,5589.0
1753547081352,16:24:41.352,ACE/USDT:USDT,0.5783,44.0,0.5782,1143.0,0.5785,983.0,0.5786,5589.0
1753547081433,16:24:41.433,ACE/USDT:USDT,0.5783,44.0,0.5782,1143.0,0.5784,44.0,0.5785,983.0
1753547081471,16:24:41.471,ACE/USDT:USDT,0.5782,1143.0,0.5781,3521.0,0.5784,44.0,0.5785,983.0
1753547081510,16:24:41.510,ACE/USDT:USDT,0.5782,1143.0,0.5781,3521.0,0.5784,44.0,0.5785,983.0
1753547082486,16:24:42.486,ACE/USDT:USDT,0.5783,44.0,0.5782,1143.0,0.5784,44.0,0.5785,983.0
1753547082508,16:24:42.508,ACE/USDT:USDT,0.5782,1143.0,0.5781,3521.0,0.5784,44.0,0.5785,983.0
1753547082571,16:24:42.571,ACE/USDT:USDT,0.5782,1143.0,0.5781,3521.0,0.5784,44.0,0.5785,983.0
1753547083517,16:24:43.517,ACE/USDT:USDT,0.5783,44.0,0.5782,1143.0,0.5784,44.0,0.5785,983.0
1753547083523,16:24:43.523,ACE/USDT:USDT,0.5783,44.0,0.5782,1143.0,0.5785,983.0,0.5786,5589.0
1753547083546,16:24:43.546,ACE/USDT:USDT,0.5783,44.0,0.5782,1143.0,0.5785,983.0,0.5786,5589.0
1753547086373,16:24:46.373,ACE/USDT:USDT,0.5782,1143.0,0.5781,3521.0,0.5784,44.0,0.5785,983.0
1753547086399,16:24:46.399,ACE/USDT:USDT,0.5782,1143.0,0.5781,3521.0,0.5784,44.0,0.5785,983.0
1753547090341,16:24:50.341,ACE/USDT:USDT,0.5783,44.0,0.5782,1143.0,0.5784,44.0,0.5785,983.0
1753547090379,16:24:50.379,ACE/USDT:USDT,0.5783,44.0,0.5782,1143.0,0.5785,983.0,0.5786,5589.0
1753547090405,16:24:50.405,ACE/USDT:USDT,0.5783,44.0,0.5782,1143.0,0.5785,983.0,0.5786,5589.0
1753547090408,16:24:50.408,ACE/USDT:USDT,0.5783,44.0,0.5782,1143.0,0.5785,983.0,0.5786,5589.0
1753547090462,16:24:50.462,ACE/USDT:USDT,0.5783,44.0,0.5782,1143.0,0.5785,983.0,0.5786,5589.0
1753547090529,16:24:50.529,ACE/USDT:USDT,0.5783,44.0,0.5782,1143.0,0.5785,983.0,0.5786,5589.0
1753547090581,16:24:50.581,ACE/USDT:USDT,0.5783,44.0,0.5782,1143.0,0.5785,983.0,0.5786,5589.0
1753547090795,16:24:50.795,ACE/USDT:USDT,0.5783,44.0,0.5782,1143.0,0.5784,44.0,0.5785,983.0
1753547090823,16:24:50.823,ACE/USDT:USDT,0.5782,1143.0,0.5781,3521.0,0.5784,44.0,0.5785,983.0
1753547090989,16:24:50.989,ACE/USDT:USDT,0.5782,1143.0,0.5781,3521.0,0.5784,44.0,0.5785,983.0
1753547091037,16:24:51.037,ACE/USDT:USDT,0.5782,1143.0,0.5781,3521.0,0.5784,44.0,0.5785,983.0
1753547091040,16:24:51.040,ACE/USDT:USDT,0.5782,1143.0,0.5781,3521.0,0.5784,44.0,0.5785,983.0
1753547102412,16:25:02.412,ACE/USDT:USDT,0.5782,1143.0,0.5781,3521.0,0.5784,44.0,0.5785,983.0
1753547102413,16:25:02.413,ACE/USDT:USDT,0.5782,1143.0,0.5781,3521.0,0.5784,44.0,0.5785,983.0
1753547103053,16:25:03.053,ACE/USDT:USDT,0.5783,1088.0,0.5782,3725.0,0.5784,44.0,0.5785,44.0
1753547103065,16:25:03.065,ACE/USDT:USDT,0.5781,5454.0,0.5779,44.0,0.5785,44.0,0.5786,44.0
1753547103086,16:25:03.086,ACE/USDT:USDT,0.5782,46.0,0.5781,5454.0,0.5786,44.0,0.5787,3756.0
1753547103434,16:25:03.434,ACE/USDT:USDT,0.5782,46.0,0.5781,5454.0,0.5786,44.0,0.5787,3756.0
1753547104504,16:25:04.504,ACE/USDT:USDT,0.5781,5454.0,0.5779,44.0,0.5786,44.0,0.5787,3756.0
1753547104531,16:25:04.531,ACE/USDT:USDT,0.5781,5454.0,0.5779,44.0,0.5786,44.0,0.5787,3756.0
1753547105131,16:25:05.131,ACE/USDT:USDT,0.578,1062.0,0.5779,2281.0,0.5786,44.0,0.5787,3756.0
1753547106389,16:25:06.389,ACE/USDT:USDT,0.5779,658.0,0.5778,4715.0,0.5786,44.0,0.5787,3756.0
1753547106398,16:25:06.398,ACE/USDT:USDT,0.5779,658.0,0.5778,4715.0,0.5786,44.0,0.5787,3756.0
1753547106771,16:25:06.771,ACE/USDT:USDT,0.5779,614.0,0.5778,4715.0,0.5786,44.0,0.5787,3756.0
1753547107165,16:25:07.165,ACE/USDT:USDT,0.5779,605.0,0.5778,4715.0,0.5786,44.0,0.5787,3756.0
1753547107609,16:25:07.609,ACE/USDT:USDT,0.5779,605.0,0.5778,4715.0,0.5785,345.0,0.5786,44.0
1753547107698,16:25:07.698,ACE/USDT:USDT,0.5779,605.0,0.5778,4715.0,0.5784,46.0,0.5785,345.0
1753547107756,16:25:07.756,ACE/USDT:USDT,0.5779,605.0,0.5778,4715.0,0.5784,46.0,0.5785,345.0
1753547108033,16:25:08.033,ACE/USDT:USDT,0.5779,605.0,0.5778,4715.0,0.5784,391.0,0.5786,44.0
1753547108059,16:25:08.059,ACE/USDT:USDT,0.5779,605.0,0.5778,4715.0,0.5783,46.0,0.5784,391.0
1753547108186,16:25:08.186,ACE/USDT:USDT,0.5778,44.0,0.5777,626.0,0.578,1198.0,0.5781,3965.0
1753547108199,16:25:08.199,ACE/USDT:USDT,0.5777,626.0,0.5776,2115.0,0.5779,46.0,0.578,1198.0
1753547108281,16:25:08.281,ACE/USDT:USDT,0.5777,44.0,0.5776,476.0,0.5779,46.0,0.578,1198.0
1753547108430,16:25:08.430,ACE/USDT:USDT,0.5777,44.0,0.5776,476.0,0.5779,46.0,0.578,1198.0
1753547109825,16:25:09.825,ACE/USDT:USDT,0.5777,44.0,0.5776,476.0,0.578,1198.0,0.5781,3965.0
1753547110227,16:25:10.227,ACE/USDT:USDT,0.5777,44.0,0.5776,476.0,0.5779,46.0,0.578,1198.0
1753547110953,16:25:10.953,ACE/USDT:USDT,0.5777,44.0,0.5776,476.0,0.578,1198.0,0.5781,3965.0
1753547112862,16:25:12.862,ACE/USDT:USDT,0.5777,44.0,0.5776,476.0,0.5779,46.0,0.578,1198.0
1753547113017,16:25:13.017,ACE/USDT:USDT,0.5777,44.0,0.5776,476.0,0.578,1198.0,0.5781,3965.0
1753547113645,16:25:13.645,ACE/USDT:USDT,0.5777,44.0,0.5776,476.0,0.5779,46.0,0.578,1198.0
1753547113666,16:25:13.666,ACE/USDT:USDT,0.5777,960.0,0.5776,3414.0,0.5778,1014.0,0.5779,1729.0
1753547113681,16:25:13.681,ACE/USDT:USDT,0.5777,960.0,0.5776,3414.0,0.5778,1014.0,0.5779,1729.0
1753547113732,16:25:13.732,ACE/USDT:USDT,0.5776,45.0,0.5775,5694.0,0.5778,1014.0,0.5779,1729.0
1753547113741,16:25:13.741,ACE/USDT:USDT,0.5776,45.0,0.5775,5694.0,0.5778,1014.0,0.5779,1729.0
1753547114075,16:25:14.075,ACE/USDT:USDT,0.5775,5694.0,0.5774,2609.0,0.5777,46.0,0.5778,1014.0
1753547115746,16:25:15.746,ACE/USDT:USDT,0.5775,5694.0,0.5774,2609.0,0.5777,46.0,0.5778,1060.0
1753547117087,16:25:17.087,ACE/USDT:USDT,0.5776,45.0,0.5775,5694.0,0.5778,1060.0,0.5779,1729.0
1753547117129,16:25:17.129,ACE/USDT:USDT,0.5776,45.0,0.5775,5694.0,0.5778,1060.0,0.5779,1729.0
1753547117148,16:25:17.148,ACE/USDT:USDT,0.5775,5694.0,0.5774,2609.0,0.5777,45.0,0.5778,1060.0
1753547117554,16:25:17.554,ACE/USDT:USDT,0.5776,45.0,0.5775,5694.0,0.5778,1060.0,0.5779,1729.0
1753547117575,16:25:17.575,ACE/USDT:USDT,0.5776,45.0,0.5775,5694.0,0.5778,1060.0,0.5779,1729.0
1753547117593,16:25:17.593,ACE/USDT:USDT,0.5776,45.0,0.5775,5694.0,0.5778,1060.0,0.5779,1729.0
1753547119302,16:25:19.302,ACE/USDT:USDT,0.5776,1079.0,0.5775,1721.0,0.5777,863.0,0.5778,3646.0
1753547120402,16:25:20.402,ACE/USDT:USDT,0.5776,1079.0,0.5775,1721.0,0.5777,863.0,0.5778,3646.0
1753547120411,16:25:20.411,ACE/USDT:USDT,0.5776,1079.0,0.5775,1721.0,0.5777,863.0,0.5778,3646.0
1753547128038,16:25:28.038,ACE/USDT:USDT,0.5776,1079.0,0.5775,1721.0,0.5779,3863.0,0.5782,46.0
1753547128097,16:25:28.097,ACE/USDT:USDT,0.5776,1079.0,0.5775,1721.0,0.5779,46.0,0.5781,8177.0
1753547128120,16:25:28.120,ACE/USDT:USDT,0.5776,1079.0,0.5775,1721.0,0.5779,46.0,0.578,1101.0
1753547128128,16:25:28.128,ACE/USDT:USDT,0.5776,1079.0,0.5775,1721.0,0.5779,46.0,0.578,1101.0
1753547128153,16:25:28.153,ACE/USDT:USDT,0.5776,1079.0,0.5775,1721.0,0.5779,46.0,0.578,1101.0
1753547128172,16:25:28.172,ACE/USDT:USDT,0.5776,1079.0,0.5775,1721.0,0.578,1101.0,0.5782,2376.0
1753547128198,16:25:28.198,ACE/USDT:USDT,0.5776,1079.0,0.5775,1721.0,0.578,1101.0,0.5782,2376.0
1753547128205,16:25:28.205,ACE/USDT:USDT,0.5776,1079.0,0.5775,1721.0,0.578,1101.0,0.5782,2376.0
1753547128230,16:25:28.230,ACE/USDT:USDT,0.5776,1079.0,0.5775,1721.0,0.578,1101.0,0.5782,2663.0
1753547128262,16:25:28.262,ACE/USDT:USDT,0.5777,828.0,0.5776,6683.0,0.578,1101.0,0.5782,2663.0
1753547128289,16:25:28.289,ACE/USDT:USDT,0.5777,873.0,0.5776,6683.0,0.578,1101.0,0.5782,2663.0
1753547128399,16:25:28.399,ACE/USDT:USDT,0.5777,873.0,0.5776,6683.0,0.578,1101.0,0.5782,2663.0
1753547128419,16:25:28.419,ACE/USDT:USDT,0.5777,779.0,0.5776,6683.0,0.578,1101.0,0.5782,2663.0
1753547128433,16:25:28.433,ACE/USDT:USDT,0.5777,779.0,0.5776,6683.0,0.578,1101.0,0.5781,45.0
1753547128519,16:25:28.519,ACE/USDT:USDT,0.5778,45.0,0.5777,779.0,0.578,1101.0,0.5781,45.0
1753547128548,16:25:28.548,ACE/USDT:USDT,0.5778,45.0,0.5777,779.0,0.578,1101.0,0.5781,45.0
1753547128569,16:25:28.569,ACE/USDT:USDT,0.5778,45.0,0.5777,45.0,0.578,1101.0,0.5781,45.0
1753547128662,16:25:28.662,ACE/USDT:USDT,0.5778,45.0,0.5777,45.0,0.5779,45.0,0.578,1101.0
1753547128719,16:25:28.719,ACE/USDT:USDT,0.5778,45.0,0.5776,45.0,0.5779,45.0,0.578,1101.0
1753547128764,16:25:28.764,ACE/USDT:USDT,0.5776,45.0,0.5775,6527.0,0.5779,45.0,0.578,1101.0
1753547128785,16:25:28.785,ACE/USDT:USDT,0.5776,45.0,0.5775,6232.0,0.5779,45.0,0.578,1101.0
1753547128795,16:25:28.795,ACE/USDT:USDT,0.5776,45.0,0.5775,6232.0,0.5779,45.0,0.578,1101.0
1753547129750,16:25:29.750,ACE/USDT:USDT,0.5775,6232.0,0.5774,2904.0,0.5779,45.0,0.578,1101.0
1753547129811,16:25:29.811,ACE/USDT:USDT,0.5775,6232.0,0.5774,2904.0,0.5779,45.0,0.578,1101.0
1753547130259,16:25:30.259,ACE/USDT:USDT,0.5776,45.0,0.5775,6232.0,0.5779,45.0,0.578,1101.0
1753547130757,16:25:30.757,ACE/USDT:USDT,0.5775,6232.0,0.5774,2609.0,0.5779,45.0,0.578,1101.0
1753547130784,16:25:30.784,ACE/USDT:USDT,0.5775,6232.0,0.5774,2609.0,0.5779,45.0,0.578,1101.0
1753547132928,16:25:32.928,ACE/USDT:USDT,0.5776,45.0,0.5775,6232.0,0.5779,45.0,0.578,1101.0
1753547132954,16:25:32.954,ACE/USDT:USDT,0.5776,45.0,0.5775,6232.0,0.5779,45.0,0.578,1101.0
1753547135850,16:25:35.850,ACE/USDT:USDT,0.5775,6232.0,0.5774,2609.0,0.5779,45.0,0.578,1101.0
1753547135985,16:25:35.985,ACE/USDT:USDT,0.5775,6187.0,0.5774,2609.0,0.5779,45.0,0.578,1101.0
1753547136195,16:25:36.195,ACE/USDT:USDT,0.5774,561.0,0.5773,5364.0,0.5777,847.0,0.5778,8420.0
1753547136206,16:25:36.206,ACE/USDT:USDT,0.5774,561.0,0.5773,5069.0,0.5777,847.0,0.5778,8420.0
1753547136268,16:25:36.268,ACE/USDT:USDT,0.5774,561.0,0.5773,5069.0,0.5777,847.0,0.5778,8420.0
1753547136546,16:25:36.546,ACE/USDT:USDT,0.5774,561.0,0.5773,5069.0,0.5776,45.0,0.5777,847.0
1753547136857,16:25:36.857,ACE/USDT:USDT,0.5774,561.0,0.5773,5069.0,0.5776,45.0,0.5777,892.0
1753547137012,16:25:37.012,ACE/USDT:USDT,0.5774,561.0,0.5773,5069.0,0.5776,45.0,0.5777,892.0
1753547139544,16:25:39.544,ACE/USDT:USDT,0.5774,517.0,0.5773,5069.0,0.5776,45.0,0.5777,892.0
1753547141407,16:25:41.407,ACE/USDT:USDT,0.5774,517.0,0.5773,5069.0,0.5776,45.0,0.5777,892.0
1753547141415,16:25:41.415,ACE/USDT:USDT,0.5774,517.0,0.5773,5364.0,0.5776,45.0,0.5777,892.0
1753547141736,16:25:41.736,ACE/USDT:USDT,0.5775,1086.0,0.5774,3921.0,0.5776,1130.0,0.5777,4225.0
1753547143314,16:25:43.314,ACE/USDT:USDT,0.5775,1066.0,0.5774,3921.0,0.5776,1130.0,0.5777,4225.0
1753547147212,16:25:47.212,ACE/USDT:USDT,0.5773,3642.0,0.5772,4793.0,0.5776,1130.0,0.5777,4225.0
1753547147224,16:25:47.224,ACE/USDT:USDT,0.5773,3642.0,0.5772,5088.0,0.5776,1130.0,0.5777,4225.0
1753547147375,16:25:47.375,ACE/USDT:USDT,0.5773,3596.0,0.5772,5088.0,0.5776,1130.0,0.5777,4225.0
1753547147445,16:25:47.445,ACE/USDT:USDT,0.5773,3596.0,0.5772,5088.0,0.5775,1103.0,0.5776,4644.0
1753547147656,16:25:47.656,ACE/USDT:USDT,0.5773,3596.0,0.5772,5088.0,0.5775,1058.0,0.5776,4644.0
1753547147678,16:25:47.678,ACE/USDT:USDT,0.5773,3596.0,0.5772,5088.0,0.5775,1058.0,0.5776,4644.0
1753547147721,16:25:47.721,ACE/USDT:USDT,0.5774,45.0,0.5773,3596.0,0.5775,1058.0,0.5776,4644.0
1753547151651,16:25:51.651,ACE/USDT:USDT,0.5774,45.0,0.5773,3596.0,0.5775,1048.0,0.5776,4644.0
1753547157148,16:25:57.148,ACE/USDT:USDT,0.5774,45.0,0.5773,3596.0,0.5775,1036.0,0.5776,4644.0
1753547162407,16:26:02.407,ACE/USDT:USDT,0.5774,45.0,0.5773,3596.0,0.5775,1036.0,0.5776,4644.0
1753547162408,16:26:02.408,ACE/USDT:USDT,0.5774,45.0,0.5773,3596.0,0.5775,1036.0,0.5776,4644.0
1753547163612,16:26:03.612,ACE/USDT:USDT,0.5773,3596.0,0.5772,5088.0,0.5775,1036.0,0.5776,4644.0
1753547164030,16:26:04.030,ACE/USDT:USDT,0.5773,3596.0,0.5772,5088.0,0.5774,45.0,0.5775,1036.0
1753547164684,16:26:04.684,ACE/USDT:USDT,0.5772,5088.0,0.5771,45.0,0.5774,45.0,0.5775,1036.0
1753547164704,16:26:04.704,ACE/USDT:USDT,0.5773,45.0,0.5772,5088.0,0.5775,1036.0,0.5776,4644.0
1753547164767,16:26:04.767,ACE/USDT:USDT,0.5772,5088.0,0.5771,45.0,0.5774,45.0,0.5775,1036.0
1753547164791,16:26:04.791,ACE/USDT:USDT,0.5772,5088.0,0.5771,45.0,0.5774,1107.0,0.5775,3759.0
1753547164874,16:26:04.874,ACE/USDT:USDT,0.5772,5088.0,0.5771,45.0,0.5774,1107.0,0.5775,3804.0
1753547164956,16:26:04.956,ACE/USDT:USDT,0.5772,339.0,0.5771,1250.0,0.5774,1107.0,0.5775,3804.0
1753547164973,16:26:04.973,ACE/USDT:USDT,0.5772,44.0,0.5771,1250.0,0.5774,1107.0,0.5775,3804.0
1753547164987,16:26:04.987,ACE/USDT:USDT,0.5772,44.0,0.5771,1250.0,0.5774,1107.0,0.5775,3804.0
1753547165174,16:26:05.174,ACE/USDT:USDT,0.5771,1250.0,0.577,4794.0,0.5773,45.0,0.5774,1107.0
1753547165313,16:26:05.313,ACE/USDT:USDT,0.5771,1250.0,0.577,4794.0,0.5773,45.0,0.5774,1107.0
1753547165462,16:26:05.462,ACE/USDT:USDT,0.5771,1250.0,0.577,4794.0,0.5774,1107.0,0.5775,3804.0
1753547165474,16:26:05.474,ACE/USDT:USDT,0.5772,45.0,0.5771,1250.0,0.5774,1107.0,0.5775,3804.0
1753547166010,16:26:06.010,ACE/USDT:USDT,0.5771,1250.0,0.577,4794.0,0.5773,43.0,0.5774,1107.0
1753547166016,16:26:06.016,ACE/USDT:USDT,0.5771,1250.0,0.577,4794.0,0.5773,43.0,0.5774,1107.0
1753547167208,16:26:07.208,ACE/USDT:USDT,0.5772,43.0,0.5771,1250.0,0.5773,43.0,0.5774,1107.0
1753547167261,16:26:07.261,ACE/USDT:USDT,0.5771,1250.0,0.577,4794.0,0.5773,43.0,0.5774,1107.0
1753547167281,16:26:07.281,ACE/USDT:USDT,0.5771,1250.0,0.577,4794.0,0.5773,43.0,0.5774,1107.0
1753547167392,16:26:07.392,ACE/USDT:USDT,0.5772,43.0,0.5771,1250.0,0.5774,1107.0,0.5775,3804.0
1753547169901,16:26:09.901,ACE/USDT:USDT,0.5772,43.0,0.5771,1250.0,0.5774,1062.0,0.5775,3804.0
1753547169991,16:26:09.991,ACE/USDT:USDT,0.5772,1128.0,0.5771,4125.0,0.5774,1062.0,0.5775,3804.0
1753547170089,16:26:10.089,ACE/USDT:USDT,0.5773,43.0,0.5772,1128.0,0.5774,1062.0,0.5775,3804.0
1753547170214,16:26:10.214,ACE/USDT:USDT,0.5773,43.0,0.5772,1128.0,0.5774,1062.0,0.5775,3759.0
1753547171113,16:26:11.113,ACE/USDT:USDT,0.5772,43.0,0.5771,45.0,0.5774,1062.0,0.5775,3759.0
1753547171133,16:26:11.133,ACE/USDT:USDT,0.5771,45.0,0.577,45.0,0.5774,1062.0,0.5775,3759.0
1753547171172,16:26:11.172,ACE/USDT:USDT,0.5771,45.0,0.577,45.0,0.5774,1062.0,0.5775,3759.0
1753547171179,16:26:11.179,ACE/USDT:USDT,0.577,340.0,0.5769,8083.0,0.5774,1062.0,0.5775,3759.0
1753547171232,16:26:11.232,ACE/USDT:USDT,0.5771,43.0,0.577,340.0,0.5774,1062.0,0.5775,3759.0
1753547172511,16:26:12.511,ACE/USDT:USDT,0.5771,43.0,0.577,340.0,0.5774,1062.0,0.5775,3759.0
1753547173329,16:26:13.329,ACE/USDT:USDT,0.5771,295.0,0.577,45.0,0.5774,1062.0,0.5775,3759.0
1753547173400,16:26:13.400,ACE/USDT:USDT,0.5772,43.0,0.5771,295.0,0.5774,1062.0,0.5775,3759.0
1753547174116,16:26:14.116,ACE/USDT:USDT,0.5772,43.0,0.5771,295.0,0.5774,1027.0,0.5775,3759.0
1753547174314,16:26:14.314,ACE/USDT:USDT,0.5772,43.0,0.577,45.0,0.5774,1027.0,0.5775,3759.0
1753547174346,16:26:14.346,ACE/USDT:USDT,0.577,45.0,0.5769,8378.0,0.5774,1027.0,0.5775,3759.0
1753547176191,16:26:16.191,ACE/USDT:USDT,0.5772,960.0,0.5771,4660.0,0.5774,1027.0,0.5775,3759.0
1753547176207,16:26:16.207,ACE/USDT:USDT,0.5773,45.0,0.5772,960.0,0.5774,1027.0,0.5775,3759.0
1753547176273,16:26:16.273,ACE/USDT:USDT,0.5773,45.0,0.5772,960.0,0.5774,1027.0,0.5775,3759.0
1753547176298,16:26:16.298,ACE/USDT:USDT,0.5773,45.0,0.5772,1005.0,0.5774,1027.0,0.5775,3759.0
1753547176298,16:26:16.298,ACE/USDT:USDT,0.5773,45.0,0.5772,1005.0,0.5774,1027.0,0.5775,3759.0
1753547178740,16:26:18.740,ACE/USDT:USDT,0.5773,45.0,0.5772,1005.0,0.5774,1002.0,0.5775,3759.0
