timestamp,time,symbol,bid1_price,bid1_volume,bid2_price,bid2_volume,ask1_price,ask1_volume,ask2_price,ask2_volume
1753546951039,16:22:31.039,A/USDT:USDT,0.5746,44.0,0.5745,291.0,0.575,43.0,0.5751,60.0
1753546952373,16:22:32.373,A/USDT:USDT,0.5746,44.0,0.5745,291.0,0.575,43.0,0.5751,60.0
1753546952389,16:22:32.389,A/USDT:USDT,0.5746,44.0,0.5745,291.0,0.575,43.0,0.5751,60.0
1753546953275,16:22:33.275,A/USDT:USDT,0.5746,44.0,0.5745,291.0,0.575,43.0,0.5751,60.0
1753546953335,16:22:33.335,A/USDT:USDT,0.5746,44.0,0.5745,291.0,0.575,43.0,0.5751,60.0
1753546953924,16:22:33.924,A/USDT:USDT,0.5746,44.0,0.5745,291.0,0.575,43.0,0.5751,60.0
1753546956958,16:22:36.958,A/USDT:USDT,0.5746,44.0,0.5745,291.0,0.575,43.0,0.5751,60.0
1753546957176,16:22:37.176,A/USDT:USDT,0.5746,44.0,0.5745,291.0,0.575,43.0,0.5751,60.0
1753546957240,16:22:37.240,A/USDT:USDT,0.5746,291.0,0.5745,291.0,0.575,43.0,0.5751,60.0
1753546957347,16:22:37.347,A/USDT:USDT,0.5747,43.0,0.5746,291.0,0.575,43.0,0.5751,60.0
1753546957365,16:22:37.365,A/USDT:USDT,0.5747,290.0,0.5746,291.0,0.575,43.0,0.5751,60.0
1753546957387,16:22:37.387,A/USDT:USDT,0.5748,43.0,0.5747,43.0,0.575,43.0,0.5751,60.0
1753546957472,16:22:37.472,A/USDT:USDT,0.5748,43.0,0.5747,290.0,0.575,43.0,0.5751,60.0
1753546960013,16:22:40.013,A/USDT:USDT,0.5748,43.0,0.5747,290.0,0.575,43.0,0.5751,60.0
1753546960031,16:22:40.031,A/USDT:USDT,0.5748,43.0,0.5747,290.0,0.575,43.0,0.5751,60.0
1753546960295,16:22:40.295,A/USDT:USDT,0.5748,43.0,0.5747,290.0,0.575,43.0,0.5751,60.0
1753546961335,16:22:41.335,A/USDT:USDT,0.5748,43.0,0.5747,43.0,0.575,43.0,0.5751,60.0
1753546961347,16:22:41.347,A/USDT:USDT,0.5747,43.0,0.5745,44.0,0.575,43.0,0.5751,60.0
1753546961382,16:22:41.382,A/USDT:USDT,0.5747,44.0,0.5746,247.0,0.575,43.0,0.5751,60.0
1753546966058,16:22:46.058,A/USDT:USDT,0.5747,44.0,0.5745,44.0,0.575,43.0,0.5751,60.0
1753546966088,16:22:46.088,A/USDT:USDT,0.5746,44.0,0.5745,291.0,0.575,43.0,0.5751,60.0
1753546971575,16:22:51.575,A/USDT:USDT,0.5746,44.0,0.5745,291.0,0.575,43.0,0.5751,60.0
1753546972384,16:22:52.384,A/USDT:USDT,0.5746,291.0,0.5745,291.0,0.575,43.0,0.5751,60.0
1753546972400,16:22:52.400,A/USDT:USDT,0.5747,44.0,0.5746,291.0,0.5751,60.0,0.5752,44.0
1753546972480,16:22:52.480,A/USDT:USDT,0.5747,44.0,0.5746,291.0,0.5751,60.0,0.5752,44.0
1753546972505,16:22:52.505,A/USDT:USDT,0.5747,44.0,0.5746,291.0,0.5751,60.0,0.5752,44.0
1753546972542,16:22:52.542,A/USDT:USDT,0.5747,44.0,0.5746,291.0,0.5752,44.0,0.5753,290.0
1753546972567,16:22:52.567,A/USDT:USDT,0.5747,291.0,0.5746,291.0,0.5752,60.0,0.5753,290.0
1753546972617,16:22:52.617,A/USDT:USDT,0.5748,44.0,0.5747,291.0,0.5751,44.0,0.5752,60.0
1753546972665,16:22:52.665,A/USDT:USDT,0.5748,44.0,0.5747,291.0,0.5751,44.0,0.5752,60.0
1753546972694,16:22:52.694,A/USDT:USDT,0.5748,44.0,0.5747,291.0,0.5751,44.0,0.5752,60.0
1753546972724,16:22:52.724,A/USDT:USDT,0.5749,44.0,0.5748,291.0,0.5751,44.0,0.5752,60.0
1753546972817,16:22:52.817,A/USDT:USDT,0.5749,44.0,0.5748,44.0,0.5751,44.0,0.5752,60.0
1753546972884,16:22:52.884,A/USDT:USDT,0.5748,44.0,0.5747,44.0,0.5751,44.0,0.5752,60.0
1753546972896,16:22:52.896,A/USDT:USDT,0.5747,44.0,0.5746,291.0,0.5751,44.0,0.5752,60.0
1753546975022,16:22:55.022,A/USDT:USDT,0.5747,44.0,0.5746,291.0,0.5751,44.0,0.5752,60.0
1753546976374,16:22:56.374,A/USDT:USDT,0.5747,44.0,0.5746,291.0,0.5751,44.0,0.5752,60.0
1753546981174,16:23:01.174,A/USDT:USDT,0.5747,44.0,0.5746,291.0,0.5751,44.0,0.5752,60.0
1753546982080,16:23:02.080,A/USDT:USDT,0.5747,44.0,0.5746,291.0,0.5751,44.0,0.5752,60.0
1753546982122,16:23:02.122,A/USDT:USDT,0.5746,291.0,0.5745,44.0,0.5751,44.0,0.5752,60.0
1753546982148,16:23:02.148,A/USDT:USDT,0.5746,44.0,0.5745,44.0,0.5751,44.0,0.5752,44.0
1753546982179,16:23:02.179,A/USDT:USDT,0.5746,44.0,0.5745,44.0,0.5751,58.0,0.5752,44.0
1753546982299,16:23:02.299,A/USDT:USDT,0.5746,44.0,0.5745,44.0,0.5751,14.0,0.5752,44.0
1753546982301,16:23:02.301,A/USDT:USDT,0.5745,44.0,0.5744,43.0,0.5751,14.0,0.5752,44.0
1753546982301,16:23:02.301,A/USDT:USDT,0.5745,44.0,0.5744,43.0,0.5752,44.0,0.5753,290.0
1753546982326,16:23:02.326,A/USDT:USDT,0.5745,44.0,0.5744,442.0,0.5752,291.0,0.5753,290.0
1753546982369,16:23:02.369,A/USDT:USDT,0.5745,44.0,0.5744,442.0,0.5751,44.0,0.5752,291.0
1753546982404,16:23:02.404,A/USDT:USDT,0.5745,44.0,0.5744,442.0,0.5751,44.0,0.5752,291.0
1753546982414,16:23:02.414,A/USDT:USDT,0.5745,44.0,0.5744,442.0,0.5751,44.0,0.5752,291.0
1753546982440,16:23:02.440,A/USDT:USDT,0.5745,44.0,0.5744,442.0,0.5751,44.0,0.5752,44.0
1753546982468,16:23:02.468,A/USDT:USDT,0.5745,44.0,0.5744,442.0,0.5751,291.0,0.5752,44.0
1753546982502,16:23:02.502,A/USDT:USDT,0.5745,44.0,0.5744,442.0,0.575,16.0,0.5751,291.0
1753546982540,16:23:02.540,A/USDT:USDT,0.5745,44.0,0.5744,442.0,0.5749,44.0,0.575,60.0
1753546982667,16:23:02.667,A/USDT:USDT,0.5745,291.0,0.5744,442.0,0.5749,44.0,0.575,60.0
1753546982795,16:23:02.795,A/USDT:USDT,0.5745,247.0,0.5744,442.0,0.5749,44.0,0.575,60.0
1753546983068,16:23:03.068,A/USDT:USDT,0.5746,44.0,0.5745,247.0,0.5749,44.0,0.575,60.0
1753546983119,16:23:03.119,A/USDT:USDT,0.5746,44.0,0.5745,291.0,0.5749,44.0,0.575,60.0
1753546983127,16:23:03.127,A/USDT:USDT,0.5746,291.0,0.5745,291.0,0.5749,44.0,0.575,60.0
1753546983189,16:23:03.189,A/USDT:USDT,0.5747,44.0,0.5746,291.0,0.5749,44.0,0.575,60.0
1753546983236,16:23:03.236,A/USDT:USDT,0.5747,44.0,0.5746,44.0,0.5749,44.0,0.575,60.0
1753546983251,16:23:03.251,A/USDT:USDT,0.5747,44.0,0.5746,44.0,0.5749,44.0,0.575,60.0
1753546983279,16:23:03.279,A/USDT:USDT,0.5747,44.0,0.5746,291.0,0.5749,44.0,0.575,60.0
1753546983383,16:23:03.383,A/USDT:USDT,0.5747,44.0,0.5746,44.0,0.5749,44.0,0.575,60.0
1753546983397,16:23:03.397,A/USDT:USDT,0.5746,44.0,0.5745,44.0,0.5749,44.0,0.575,60.0
1753546983432,16:23:03.432,A/USDT:USDT,0.5746,44.0,0.5745,291.0,0.5749,44.0,0.575,60.0
1753546983714,16:23:03.714,A/USDT:USDT,0.5746,44.0,0.5745,291.0,0.5749,44.0,0.575,60.0
1753546985976,16:23:05.976,A/USDT:USDT,0.5746,44.0,0.5745,291.0,0.5749,44.0,0.575,60.0
1753546990814,16:23:10.814,A/USDT:USDT,0.5746,44.0,0.5745,291.0,0.5749,44.0,0.575,60.0
1753546991088,16:23:11.088,A/USDT:USDT,0.5746,44.0,0.5745,291.0,0.575,60.0,0.5751,291.0
1753546996513,16:23:16.513,A/USDT:USDT,0.5746,44.0,0.5745,291.0,0.5749,43.0,0.575,60.0
1753546996539,16:23:16.539,A/USDT:USDT,0.5746,291.0,0.5745,291.0,0.5749,43.0,0.575,60.0
1753546996598,16:23:16.598,A/USDT:USDT,0.5747,43.0,0.5746,291.0,0.5749,43.0,0.575,60.0
1753546996646,16:23:16.646,A/USDT:USDT,0.5747,43.0,0.5746,44.0,0.5749,43.0,0.575,60.0
1753546996733,16:23:16.733,A/USDT:USDT,0.5746,44.0,0.5745,44.0,0.5749,43.0,0.575,60.0
1753546996745,16:23:16.745,A/USDT:USDT,0.5745,44.0,0.5744,442.0,0.5749,43.0,0.575,60.0
1753547003344,16:23:23.344,A/USDT:USDT,0.5746,43.0,0.5745,291.0,0.575,60.0,0.5751,291.0
1753547005175,16:23:25.175,A/USDT:USDT,0.5746,43.0,0.5745,291.0,0.575,60.0,0.5751,291.0
1753547007188,16:23:27.188,A/USDT:USDT,0.5746,43.0,0.5745,291.0,0.5749,43.0,0.575,60.0
1753547009523,16:23:29.523,A/USDT:USDT,0.5746,43.0,0.5745,291.0,0.5749,43.0,0.575,60.0
1753547009622,16:23:29.622,A/USDT:USDT,0.5746,43.0,0.5745,291.0,0.5749,43.0,0.575,60.0
1753547009666,16:23:29.666,A/USDT:USDT,0.5746,43.0,0.5745,291.0,0.5749,43.0,0.575,44.0
1753547009675,16:23:29.675,A/USDT:USDT,0.5746,43.0,0.5745,291.0,0.5749,43.0,0.575,44.0
1753547009715,16:23:29.715,A/USDT:USDT,0.5746,43.0,0.5745,291.0,0.5749,14.0,0.575,291.0
1753547009803,16:23:29.803,A/USDT:USDT,0.5746,43.0,0.5745,291.0,0.5749,14.0,0.575,291.0
1753547009878,16:23:29.878,A/USDT:USDT,0.5746,43.0,0.5745,291.0,0.5749,57.0,0.575,291.0
1753547010058,16:23:30.058,A/USDT:USDT,0.5746,43.0,0.5745,291.0,0.5748,43.0,0.5749,57.0
1753547014775,16:23:34.775,A/USDT:USDT,0.5746,43.0,0.5745,291.0,0.5748,43.0,0.5749,57.0
1753547029176,16:23:49.176,A/USDT:USDT,0.5746,43.0,0.5745,291.0,0.5748,43.0,0.5749,57.0
1753547033975,16:23:53.975,A/USDT:USDT,0.5746,43.0,0.5745,291.0,0.5748,43.0,0.5749,57.0
1753547034007,16:23:54.007,A/USDT:USDT,0.5746,43.0,0.5745,291.0,0.5748,43.0,0.5749,57.0
1753547036992,16:23:56.992,A/USDT:USDT,0.5746,43.0,0.5745,291.0,0.5748,43.0,0.5749,57.0
1753547038776,16:23:58.776,A/USDT:USDT,0.5746,43.0,0.5745,291.0,0.5748,43.0,0.5749,57.0
1753547040121,16:24:00.121,A/USDT:USDT,0.5746,43.0,0.5745,291.0,0.5748,43.0,0.5749,57.0
1753547043578,16:24:03.578,A/USDT:USDT,0.5746,43.0,0.5745,291.0,0.5748,43.0,0.5749,57.0
1753547052344,16:24:12.344,A/USDT:USDT,0.5746,43.0,0.5745,291.0,0.5749,57.0,0.5751,44.0
1753547058933,16:24:18.933,A/USDT:USDT,0.5746,43.0,0.5745,291.0,0.5749,14.0,0.5751,44.0
1753547058936,16:24:18.936,A/USDT:USDT,0.5746,290.0,0.5745,291.0,0.5749,14.0,0.5751,44.0
1753547058969,16:24:18.969,A/USDT:USDT,0.5747,44.0,0.5746,290.0,0.5751,44.0,0.5753,102.0
1753547059001,16:24:19.001,A/USDT:USDT,0.5747,44.0,0.5746,43.0,0.5751,44.0,0.5753,102.0
1753547059043,16:24:19.043,A/USDT:USDT,0.5747,44.0,0.5746,290.0,0.5751,44.0,0.5753,102.0
1753547059061,16:24:19.061,A/USDT:USDT,0.5747,44.0,0.5746,290.0,0.575,60.0,0.5751,44.0
1753547059115,16:24:19.115,A/USDT:USDT,0.5747,44.0,0.5746,290.0,0.575,16.0,0.5751,44.0
1753547059227,16:24:19.227,A/USDT:USDT,0.5747,44.0,0.5746,290.0,0.575,60.0,0.5751,44.0
1753547059239,16:24:19.239,A/USDT:USDT,0.5747,44.0,0.5746,290.0,0.575,16.0,0.5751,44.0
1753547059416,16:24:19.416,A/USDT:USDT,0.5747,44.0,0.5746,290.0,0.575,59.0,0.5751,44.0
1753547059609,16:24:19.609,A/USDT:USDT,0.5747,44.0,0.5746,290.0,0.575,59.0,0.5751,44.0
1753547059907,16:24:19.907,A/USDT:USDT,0.5747,44.0,0.5746,290.0,0.575,59.0,0.5751,44.0
1753547060084,16:24:20.084,A/USDT:USDT,0.5747,44.0,0.5746,290.0,0.575,59.0,0.5751,44.0
1753547060353,16:24:20.353,A/USDT:USDT,0.5747,44.0,0.5746,290.0,0.575,59.0,0.5751,44.0
1753547060563,16:24:20.563,A/USDT:USDT,0.5747,44.0,0.5746,290.0,0.575,59.0,0.5751,44.0
1753547060749,16:24:20.749,A/USDT:USDT,0.5747,44.0,0.5746,290.0,0.575,59.0,0.5751,44.0
1753547060959,16:24:20.959,A/USDT:USDT,0.5747,44.0,0.5746,290.0,0.575,59.0,0.5751,44.0
1753547061172,16:24:21.172,A/USDT:USDT,0.5747,44.0,0.5746,290.0,0.575,59.0,0.5751,44.0
1753547061260,16:24:21.260,A/USDT:USDT,0.5747,44.0,0.5746,290.0,0.575,16.0,0.5751,44.0
1753547061394,16:24:21.394,A/USDT:USDT,0.5747,44.0,0.5746,290.0,0.575,59.0,0.5751,44.0
1753547061694,16:24:21.694,A/USDT:USDT,0.5747,44.0,0.5746,290.0,0.575,59.0,0.5751,44.0
1753547061733,16:24:21.733,A/USDT:USDT,0.5747,44.0,0.5746,290.0,0.575,16.0,0.5751,44.0
1753547061991,16:24:21.991,A/USDT:USDT,0.5747,44.0,0.5746,290.0,0.575,59.0,0.5751,44.0
1753547061998,16:24:21.998,A/USDT:USDT,0.5747,44.0,0.5746,290.0,0.575,16.0,0.5751,44.0
1753547062287,16:24:22.287,A/USDT:USDT,0.5747,44.0,0.5746,290.0,0.575,59.0,0.5751,44.0
1753547062477,16:24:22.477,A/USDT:USDT,0.5747,44.0,0.5746,290.0,0.575,59.0,0.5751,44.0
1753547062736,16:24:22.736,A/USDT:USDT,0.5747,44.0,0.5746,290.0,0.575,59.0,0.5751,44.0
1753547062976,16:24:22.976,A/USDT:USDT,0.5747,44.0,0.5746,290.0,0.575,16.0,0.5751,44.0
1753547062989,16:24:22.989,A/USDT:USDT,0.5747,44.0,0.5746,290.0,0.575,59.0,0.5751,44.0
1753547063181,16:24:23.181,A/USDT:USDT,0.5747,44.0,0.5746,290.0,0.575,59.0,0.5751,44.0
1753547063480,16:24:23.480,A/USDT:USDT,0.5747,44.0,0.5746,290.0,0.575,59.0,0.5751,44.0
1753547063801,16:24:23.801,A/USDT:USDT,0.5747,44.0,0.5746,290.0,0.575,59.0,0.5751,44.0
1753547063927,16:24:23.927,A/USDT:USDT,0.5747,44.0,0.5746,290.0,0.575,59.0,0.5751,44.0
1753547064226,16:24:24.226,A/USDT:USDT,0.5747,44.0,0.5746,290.0,0.575,59.0,0.5751,44.0
1753547064521,16:24:24.521,A/USDT:USDT,0.5747,44.0,0.5746,290.0,0.575,59.0,0.5751,44.0
1753547064749,16:24:24.749,A/USDT:USDT,0.5747,44.0,0.5746,290.0,0.575,59.0,0.5751,44.0
1753547064754,16:24:24.754,A/USDT:USDT,0.5747,44.0,0.5746,290.0,0.575,16.0,0.5751,44.0
1753547064967,16:24:24.967,A/USDT:USDT,0.5747,44.0,0.5746,290.0,0.575,59.0,0.5751,44.0
1753547065267,16:24:25.267,A/USDT:USDT,0.5747,44.0,0.5746,290.0,0.575,59.0,0.5751,44.0
1753547065566,16:24:25.566,A/USDT:USDT,0.5747,44.0,0.5746,290.0,0.575,59.0,0.5751,44.0
1753547065749,16:24:25.749,A/USDT:USDT,0.5747,44.0,0.5746,290.0,0.5749,43.0,0.575,16.0
1753547067776,16:24:27.776,A/USDT:USDT,0.5747,44.0,0.5746,290.0,0.5749,43.0,0.575,16.0
1753547067789,16:24:27.789,A/USDT:USDT,0.5747,44.0,0.5746,290.0,0.5749,43.0,0.575,16.0
1753547071804,16:24:31.804,A/USDT:USDT,0.5747,44.0,0.5746,290.0,0.575,16.0,0.5751,44.0
1753547071842,16:24:31.842,A/USDT:USDT,0.5747,44.0,0.5746,290.0,0.575,16.0,0.5751,44.0
1753547072116,16:24:32.116,A/USDT:USDT,0.5747,44.0,0.5746,290.0,0.575,60.0,0.5751,44.0
1753547072339,16:24:32.339,A/USDT:USDT,0.5747,44.0,0.5746,290.0,0.575,60.0,0.5751,44.0
1753547072345,16:24:32.345,A/USDT:USDT,0.5747,44.0,0.5746,290.0,0.575,16.0,0.5751,44.0
1753547072564,16:24:32.564,A/USDT:USDT,0.5747,44.0,0.5746,290.0,0.575,60.0,0.5751,44.0
1753547072594,16:24:32.594,A/USDT:USDT,0.5747,44.0,0.5746,290.0,0.575,16.0,0.5751,44.0
1753547072749,16:24:32.749,A/USDT:USDT,0.5747,44.0,0.5746,290.0,0.575,60.0,0.5751,44.0
1753547073020,16:24:33.020,A/USDT:USDT,0.5747,44.0,0.5746,290.0,0.575,60.0,0.5751,44.0
1753547073034,16:24:33.034,A/USDT:USDT,0.5747,44.0,0.5746,290.0,0.575,16.0,0.5751,44.0
1753547073163,16:24:33.163,A/USDT:USDT,0.5747,44.0,0.5746,290.0,0.575,60.0,0.5751,44.0
1753547073399,16:24:33.399,A/USDT:USDT,0.5747,44.0,0.5746,290.0,0.575,60.0,0.5751,44.0
1753547073606,16:24:33.606,A/USDT:USDT,0.5747,44.0,0.5746,290.0,0.575,60.0,0.5751,44.0
1753547073649,16:24:33.649,A/USDT:USDT,0.5747,44.0,0.5746,290.0,0.575,16.0,0.5751,44.0
1753547074498,16:24:34.498,A/USDT:USDT,0.5747,44.0,0.5746,290.0,0.575,60.0,0.5751,44.0
1753547074504,16:24:34.504,A/USDT:USDT,0.5747,44.0,0.5746,290.0,0.575,16.0,0.5751,44.0
1753547074751,16:24:34.751,A/USDT:USDT,0.5747,44.0,0.5746,290.0,0.575,60.0,0.5751,44.0
1753547074945,16:24:34.945,A/USDT:USDT,0.5747,44.0,0.5746,290.0,0.575,60.0,0.5751,44.0
1753547075242,16:24:35.242,A/USDT:USDT,0.5747,44.0,0.5746,290.0,0.575,60.0,0.5751,44.0
1753547075501,16:24:35.501,A/USDT:USDT,0.5747,44.0,0.5746,290.0,0.5751,44.0,0.5752,247.0
1753547075536,16:24:35.536,A/USDT:USDT,0.5747,291.0,0.5746,290.0,0.5751,59.0,0.5752,247.0
1753547075576,16:24:35.576,A/USDT:USDT,0.5748,44.0,0.5747,44.0,0.5751,59.0,0.5752,247.0
1753547075595,16:24:35.595,A/USDT:USDT,0.5748,44.0,0.5747,44.0,0.5751,59.0,0.5752,247.0
1753547075624,16:24:35.624,A/USDT:USDT,0.5748,44.0,0.5747,44.0,0.5751,59.0,0.5753,43.0
1753547075646,16:24:35.646,A/USDT:USDT,0.5748,44.0,0.5747,291.0,0.5751,59.0,0.5753,43.0
1753547075677,16:24:35.677,A/USDT:USDT,0.5748,44.0,0.5747,44.0,0.5751,59.0,0.5753,43.0
1753547075727,16:24:35.727,A/USDT:USDT,0.5747,291.0,0.5746,43.0,0.5751,59.0,0.5753,43.0
1753547075742,16:24:35.742,A/USDT:USDT,0.5748,44.0,0.5747,291.0,0.5751,59.0,0.5753,43.0
1753547076151,16:24:36.151,A/USDT:USDT,0.5748,44.0,0.5747,291.0,0.5751,59.0,0.5753,43.0
1753547076439,16:24:36.439,A/USDT:USDT,0.575,1.0,0.5748,44.0,0.5751,59.0,0.5753,43.0
1753547076626,16:24:36.626,A/USDT:USDT,0.5748,44.0,0.5747,291.0,0.5751,59.0,0.5753,43.0
1753547076669,16:24:36.669,A/USDT:USDT,0.5748,44.0,0.5747,291.0,0.5751,59.0,0.5753,43.0
1753547077376,16:24:37.376,A/USDT:USDT,0.5748,44.0,0.5747,291.0,0.5751,59.0,0.5753,43.0
1753547077395,16:24:37.395,A/USDT:USDT,0.5748,44.0,0.5747,291.0,0.5751,59.0,0.5753,43.0
1753547078176,16:24:38.176,A/USDT:USDT,0.5748,44.0,0.5747,291.0,0.5751,59.0,0.5753,43.0
1753547078230,16:24:38.230,A/USDT:USDT,0.5748,44.0,0.5747,291.0,0.5751,59.0,0.5753,43.0
1753547079210,16:24:39.210,A/USDT:USDT,0.5748,44.0,0.5747,291.0,0.5751,59.0,0.5753,43.0
1753547081283,16:24:41.283,A/USDT:USDT,0.5748,44.0,0.5747,291.0,0.5751,15.0,0.5753,43.0
1753547081292,16:24:41.292,A/USDT:USDT,0.5748,291.0,0.5747,291.0,0.5751,15.0,0.5753,43.0
1753547081317,16:24:41.317,A/USDT:USDT,0.5749,44.0,0.5748,44.0,0.5751,15.0,0.5753,43.0
1753547081345,16:24:41.345,A/USDT:USDT,0.5749,44.0,0.5748,44.0,0.5751,15.0,0.5753,43.0
1753547081373,16:24:41.373,A/USDT:USDT,0.5749,44.0,0.5748,291.0,0.5753,43.0,0.5754,44.0
1753547081403,16:24:41.403,A/USDT:USDT,0.5749,44.0,0.5748,44.0,0.5755,44.0,0.5757,44.0
1753547081433,16:24:41.433,A/USDT:USDT,0.5749,44.0,0.5748,44.0,0.5753,15.0,0.5756,61.0
1753547081469,16:24:41.469,A/USDT:USDT,0.5748,44.0,0.5747,44.0,0.5753,15.0,0.5755,397.0
1753547081619,16:24:41.619,A/USDT:USDT,0.5747,44.0,0.5746,247.0,0.5753,15.0,0.5755,441.0
1753547081620,16:24:41.620,A/USDT:USDT,0.5748,291.0,0.5747,441.0,0.5752,44.0,0.5753,15.0
1753547081683,16:24:41.683,A/USDT:USDT,0.5749,44.0,0.5748,291.0,0.5752,44.0,0.5753,15.0
1753547081724,16:24:41.724,A/USDT:USDT,0.5749,44.0,0.5748,291.0,0.5752,44.0,0.5753,15.0
1753547082162,16:24:42.162,A/USDT:USDT,0.5749,44.0,0.5748,291.0,0.5752,44.0,0.5753,15.0
1753547082192,16:24:42.192,A/USDT:USDT,0.5749,44.0,0.5748,291.0,0.5752,44.0,0.5753,15.0
1753547082467,16:24:42.467,A/USDT:USDT,0.5749,44.0,0.5748,291.0,0.5752,44.0,0.5753,15.0
1753547082521,16:24:42.521,A/USDT:USDT,0.5749,44.0,0.5748,291.0,0.5752,44.0,0.5753,15.0
1753547083107,16:24:43.107,A/USDT:USDT,0.5749,44.0,0.5748,291.0,0.5752,44.0,0.5753,15.0
1753547083148,16:24:43.148,A/USDT:USDT,0.5749,44.0,0.5748,291.0,0.5752,44.0,0.5753,15.0
1753547091777,16:24:51.777,A/USDT:USDT,0.5749,44.0,0.5748,291.0,0.5752,44.0,0.5753,15.0
1753547091793,16:24:51.793,A/USDT:USDT,0.5749,44.0,0.5748,291.0,0.5752,44.0,0.5753,15.0
1753547100221,16:25:00.221,A/USDT:USDT,0.5749,44.0,0.5748,291.0,0.5752,44.0,0.5753,15.0
1753547100403,16:25:00.403,A/USDT:USDT,0.5749,44.0,0.5748,291.0,0.5752,44.0,0.5753,15.0
1753547100477,16:25:00.477,A/USDT:USDT,0.5749,44.0,0.5748,291.0,0.5752,44.0,0.5754,291.0
1753547100487,16:25:00.487,A/USDT:USDT,0.5749,44.0,0.5748,291.0,0.5752,60.0,0.5754,291.0
1753547103619,16:25:03.619,A/USDT:USDT,0.5749,44.0,0.5748,291.0,0.5752,60.0,0.5754,291.0
1753547103678,16:25:03.678,A/USDT:USDT,0.5749,44.0,0.5748,291.0,0.5752,44.0,0.5754,291.0
1753547103718,16:25:03.718,A/USDT:USDT,0.5749,44.0,0.5748,291.0,0.5752,44.0,0.5753,14.0
1753547105266,16:25:05.266,A/USDT:USDT,0.5749,44.0,0.5748,291.0,0.5752,44.0,0.5754,291.0
1753547105300,16:25:05.300,A/USDT:USDT,0.5749,44.0,0.5748,291.0,0.5752,58.0,0.5754,291.0
1753547105418,16:25:05.418,A/USDT:USDT,0.5749,44.0,0.5748,291.0,0.5751,45.0,0.5752,58.0
1753547106239,16:25:06.239,A/USDT:USDT,0.5749,44.0,0.5748,291.0,0.5751,45.0,0.5752,58.0
1753547106258,16:25:06.258,A/USDT:USDT,0.5749,44.0,0.5748,44.0,0.5751,45.0,0.5752,58.0
1753547106291,16:25:06.291,A/USDT:USDT,0.5749,44.0,0.5748,44.0,0.5751,45.0,0.5752,58.0
1753547106323,16:25:06.323,A/USDT:USDT,0.5748,44.0,0.5747,441.0,0.5751,45.0,0.5752,58.0
1753547106340,16:25:06.340,A/USDT:USDT,0.5748,44.0,0.5747,441.0,0.5751,45.0,0.5752,44.0
1753547106370,16:25:06.370,A/USDT:USDT,0.5748,44.0,0.5747,441.0,0.5752,44.0,0.5754,291.0
1753547106409,16:25:06.409,A/USDT:USDT,0.5748,44.0,0.5747,441.0,0.5752,44.0,0.5754,291.0
1753547106433,16:25:06.433,A/USDT:USDT,0.5748,44.0,0.5747,441.0,0.5751,15.0,0.5752,44.0
1753547106512,16:25:06.512,A/USDT:USDT,0.5748,44.0,0.5747,441.0,0.575,45.0,0.5751,15.0
1753547108931,16:25:08.931,A/USDT:USDT,0.5748,44.0,0.5747,441.0,0.575,45.0,0.5751,15.0
1753547108960,16:25:08.960,A/USDT:USDT,0.5748,44.0,0.5747,441.0,0.575,45.0,0.5751,15.0
1753547114623,16:25:14.623,A/USDT:USDT,0.5748,44.0,0.5747,441.0,0.575,45.0,0.5751,15.0
1753547114669,16:25:14.669,A/USDT:USDT,0.5748,44.0,0.5747,441.0,0.575,45.0,0.5751,15.0
1753547114710,16:25:14.710,A/USDT:USDT,0.5748,44.0,0.5747,441.0,0.575,45.0,0.5751,15.0
1753547114842,16:25:14.842,A/USDT:USDT,0.5748,44.0,0.5747,441.0,0.575,45.0,0.5751,15.0
1753547114861,16:25:14.861,A/USDT:USDT,0.5748,44.0,0.5747,441.0,0.575,45.0,0.5751,15.0
1753547115782,16:25:15.782,A/USDT:USDT,0.5748,44.0,0.5747,441.0,0.575,45.0,0.5751,15.0
1753547115823,16:25:15.823,A/USDT:USDT,0.5748,44.0,0.5747,441.0,0.575,45.0,0.5751,15.0
1753547124390,16:25:24.390,A/USDT:USDT,0.5748,44.0,0.5747,44.0,0.575,45.0,0.5751,15.0
1753547124404,16:25:24.404,A/USDT:USDT,0.5747,44.0,0.5744,43.0,0.575,45.0,0.5751,262.0
1753547124500,16:25:24.500,A/USDT:USDT,0.5744,43.0,0.5742,16.0,0.575,45.0,0.5751,262.0
1753547124501,16:25:24.501,A/USDT:USDT,0.5744,43.0,0.5742,16.0,0.575,45.0,0.5751,247.0
1753547124516,16:25:24.516,A/USDT:USDT,0.5746,291.0,0.5745,397.0,0.575,45.0,0.5751,247.0
1753547124546,16:25:24.546,A/USDT:USDT,0.5747,44.0,0.5746,291.0,0.575,61.0,0.5751,247.0
1753547124623,16:25:24.623,A/USDT:USDT,0.5747,44.0,0.5746,291.0,0.5749,44.0,0.575,61.0
1753547125379,16:25:25.379,A/USDT:USDT,0.5747,44.0,0.5746,291.0,0.5749,44.0,0.575,61.0
1753547125395,16:25:25.395,A/USDT:USDT,0.5747,44.0,0.5746,291.0,0.5749,44.0,0.575,61.0
1753547126566,16:25:26.566,A/USDT:USDT,0.5747,44.0,0.5746,291.0,0.5749,44.0,0.575,61.0
1753547128018,16:25:28.018,A/USDT:USDT,0.5747,44.0,0.5746,291.0,0.575,61.0,0.5752,44.0
1753547128124,16:25:28.124,A/USDT:USDT,0.5747,44.0,0.5746,291.0,0.575,45.0,0.5752,44.0
1753547128158,16:25:28.158,A/USDT:USDT,0.5747,44.0,0.5746,291.0,0.5751,16.0,0.5752,44.0
1753547128193,16:25:28.193,A/USDT:USDT,0.5747,44.0,0.5746,291.0,0.5751,16.0,0.5752,44.0
1753547128213,16:25:28.213,A/USDT:USDT,0.5747,44.0,0.5746,291.0,0.5751,16.0,0.5752,44.0
1753547128238,16:25:28.238,A/USDT:USDT,0.5747,44.0,0.5746,291.0,0.5751,16.0,0.5752,44.0
1753547128300,16:25:28.300,A/USDT:USDT,0.5747,44.0,0.5746,291.0,0.5751,16.0,0.5752,44.0
1753547128329,16:25:28.329,A/USDT:USDT,0.5747,44.0,0.5746,291.0,0.5751,60.0,0.5752,44.0
1753547128382,16:25:28.382,A/USDT:USDT,0.5747,44.0,0.5746,291.0,0.5752,59.0,0.5753,247.0
1753547128399,16:25:28.399,A/USDT:USDT,0.5747,44.0,0.5746,291.0,0.5751,44.0,0.5752,59.0
1753547129700,16:25:29.700,A/USDT:USDT,0.5747,44.0,0.5746,291.0,0.5751,44.0,0.5752,44.0
1753547129736,16:25:29.736,A/USDT:USDT,0.5747,44.0,0.5746,291.0,0.5752,44.0,0.5753,247.0
1753547129757,16:25:29.757,A/USDT:USDT,0.5747,44.0,0.5746,291.0,0.5751,17.0,0.5752,44.0
1753547129849,16:25:29.849,A/USDT:USDT,0.5747,44.0,0.5746,291.0,0.5751,17.0,0.5752,44.0
1753547129888,16:25:29.888,A/USDT:USDT,0.5747,44.0,0.5746,291.0,0.575,43.0,0.5751,17.0
1753547138588,16:25:38.588,A/USDT:USDT,0.5747,44.0,0.5746,291.0,0.575,43.0,0.5751,17.0
1753547138672,16:25:38.672,A/USDT:USDT,0.5747,44.0,0.5746,291.0,0.575,43.0,0.5751,17.0
1753547140012,16:25:40.012,A/USDT:USDT,0.5747,44.0,0.5746,44.0,0.575,43.0,0.5751,17.0
1753547140025,16:25:40.025,A/USDT:USDT,0.5746,44.0,0.5745,397.0,0.575,43.0,0.5751,17.0
1753547140056,16:25:40.056,A/USDT:USDT,0.5746,44.0,0.5745,397.0,0.575,43.0,0.5752,44.0
1753547140109,16:25:40.109,A/USDT:USDT,0.5746,44.0,0.5745,397.0,0.5752,44.0,0.5753,247.0
1753547140119,16:25:40.119,A/USDT:USDT,0.5746,44.0,0.5745,397.0,0.575,16.0,0.5752,44.0
1753547140169,16:25:40.169,A/USDT:USDT,0.5746,44.0,0.5745,397.0,0.575,16.0,0.5752,44.0
1753547140184,16:25:40.184,A/USDT:USDT,0.5747,43.0,0.5746,291.0,0.575,16.0,0.5752,44.0
1753547140214,16:25:40.214,A/USDT:USDT,0.5747,43.0,0.5746,291.0,0.575,16.0,0.5752,44.0
1753547140242,16:25:40.242,A/USDT:USDT,0.5747,43.0,0.5746,291.0,0.5749,43.0,0.575,16.0
1753547140348,16:25:40.348,A/USDT:USDT,0.5747,43.0,0.5746,291.0,0.5749,43.0,0.575,16.0
1753547140906,16:25:40.906,A/USDT:USDT,0.5747,43.0,0.5746,291.0,0.5749,43.0,0.575,16.0
1753547140929,16:25:40.929,A/USDT:USDT,0.5747,43.0,0.5746,291.0,0.5749,43.0,0.575,16.0
1753547143871,16:25:43.871,A/USDT:USDT,0.5747,43.0,0.5746,291.0,0.5749,43.0,0.575,16.0
1753547147141,16:25:47.141,A/USDT:USDT,0.5747,43.0,0.5746,44.0,0.5749,43.0,0.575,16.0
1753547147197,16:25:47.197,A/USDT:USDT,0.5746,44.0,0.5745,397.0,0.5749,43.0,0.575,16.0
1753547147236,16:25:47.236,A/USDT:USDT,0.5746,44.0,0.5745,397.0,0.5749,43.0,0.5752,247.0
1753547147259,16:25:47.259,A/USDT:USDT,0.5746,44.0,0.5745,397.0,0.5749,57.0,0.5752,247.0
1753547147285,16:25:47.285,A/USDT:USDT,0.5746,44.0,0.5745,397.0,0.5749,57.0,0.5752,247.0
1753547147317,16:25:47.317,A/USDT:USDT,0.5746,44.0,0.5745,397.0,0.5749,57.0,0.5752,290.0
1753547147365,16:25:47.365,A/USDT:USDT,0.5746,44.0,0.5745,397.0,0.5748,43.0,0.5749,57.0
1753547147379,16:25:47.379,A/USDT:USDT,0.5746,44.0,0.5744,43.0,0.5748,43.0,0.5749,57.0
1753547147408,16:25:47.408,A/USDT:USDT,0.5741,44.0,0.574,510.0,0.5748,43.0,0.5749,57.0
1753547147455,16:25:47.455,A/USDT:USDT,0.5742,397.0,0.5741,44.0,0.5748,43.0,0.5749,57.0
1753547147468,16:25:47.468,A/USDT:USDT,0.5743,43.0,0.5742,397.0,0.5748,43.0,0.5749,57.0
1753547147502,16:25:47.502,A/USDT:USDT,0.5743,43.0,0.5742,397.0,0.5748,43.0,0.5749,57.0
1753547147535,16:25:47.535,A/USDT:USDT,0.5744,290.0,0.5743,290.0,0.5748,43.0,0.5749,57.0
1753547147559,16:25:47.559,A/USDT:USDT,0.5744,290.0,0.5743,290.0,0.5748,43.0,0.5749,57.0
1753547147585,16:25:47.585,A/USDT:USDT,0.5745,43.0,0.5744,290.0,0.5748,43.0,0.5749,57.0
1753547147645,16:25:47.645,A/USDT:USDT,0.5745,43.0,0.5744,43.0,0.5748,43.0,0.5749,57.0
1753547147745,16:25:47.745,A/USDT:USDT,0.5744,43.0,0.5743,290.0,0.5748,43.0,0.5749,57.0
1753547147780,16:25:47.780,A/USDT:USDT,0.5744,43.0,0.5743,290.0,0.5748,43.0,0.5749,57.0
1753547149710,16:25:49.710,A/USDT:USDT,0.5744,43.0,0.5743,290.0,0.5748,43.0,0.5749,57.0
1753547149730,16:25:49.730,A/USDT:USDT,0.5744,43.0,0.5743,290.0,0.5748,43.0,0.5749,57.0
1753547152636,16:25:52.636,A/USDT:USDT,0.5744,43.0,0.5743,290.0,0.5748,43.0,0.5749,57.0
1753547154179,16:25:54.179,A/USDT:USDT,0.5744,43.0,0.5743,290.0,0.5748,43.0,0.5749,57.0
1753547154201,16:25:54.201,A/USDT:USDT,0.5744,43.0,0.5743,290.0,0.5748,43.0,0.5749,57.0
1753547154216,16:25:54.216,A/USDT:USDT,0.5744,43.0,0.5743,290.0,0.5748,43.0,0.5749,57.0
1753547161395,16:26:01.395,A/USDT:USDT,0.5744,290.0,0.5743,290.0,0.5748,43.0,0.5749,57.0
1753547161502,16:26:01.502,A/USDT:USDT,0.5745,44.0,0.5744,290.0,0.5748,43.0,0.5749,57.0
1753547161513,16:26:01.513,A/USDT:USDT,0.5745,44.0,0.5744,43.0,0.5748,43.0,0.5749,57.0
1753547163461,16:26:03.461,A/USDT:USDT,0.5745,44.0,0.5744,247.0,0.5748,43.0,0.5749,57.0
1753547163779,16:26:03.779,A/USDT:USDT,0.5745,44.0,0.5744,247.0,0.5748,43.0,0.5749,57.0
1753547163795,16:26:03.795,A/USDT:USDT,0.5745,44.0,0.5744,247.0,0.5748,43.0,0.5749,57.0
1753547163982,16:26:03.982,A/USDT:USDT,0.5745,44.0,0.5744,247.0,0.5748,43.0,0.5749,57.0
1753547164016,16:26:04.016,A/USDT:USDT,0.5745,44.0,0.5744,247.0,0.5748,43.0,0.5749,43.0
1753547164028,16:26:04.028,A/USDT:USDT,0.5745,44.0,0.5744,247.0,0.5748,16.0,0.5749,43.0
1753547164265,16:26:04.265,A/USDT:USDT,0.5745,44.0,0.5744,247.0,0.5747,44.0,0.5748,16.0
1753547164452,16:26:04.452,A/USDT:USDT,0.5745,44.0,0.5744,247.0,0.5747,44.0,0.5748,16.0
1753547164480,16:26:04.480,A/USDT:USDT,0.5745,44.0,0.5744,247.0,0.5747,44.0,0.5748,16.0
1753547164523,16:26:04.523,A/USDT:USDT,0.5745,44.0,0.5744,247.0,0.5747,44.0,0.5748,16.0
1753547164747,16:26:04.747,A/USDT:USDT,0.5745,44.0,0.5743,43.0,0.5747,44.0,0.5748,16.0
1753547164767,16:26:04.767,A/USDT:USDT,0.5745,44.0,0.5743,43.0,0.5747,44.0,0.5748,16.0
1753547164783,16:26:04.783,A/USDT:USDT,0.5745,44.0,0.5743,43.0,0.5747,44.0,0.5748,16.0
1753547164815,16:26:04.815,A/USDT:USDT,0.5743,43.0,0.5741,44.0,0.5747,44.0,0.5748,263.0
1753547164849,16:26:04.849,A/USDT:USDT,0.574,44.0,0.5739,60.0,0.5747,44.0,0.5748,247.0
1753547164872,16:26:04.872,A/USDT:USDT,0.574,44.0,0.5739,60.0,0.5747,44.0,0.5748,247.0
1753547164896,16:26:04.896,A/USDT:USDT,0.574,44.0,0.5739,60.0,0.5747,44.0,0.5748,247.0
1753547164927,16:26:04.927,A/USDT:USDT,0.574,44.0,0.5739,60.0,0.5747,59.0,0.5749,43.0
1753547164955,16:26:04.955,A/USDT:USDT,0.574,44.0,0.5739,60.0,0.5746,44.0,0.5747,59.0
1753547165013,16:26:05.013,A/USDT:USDT,0.5741,397.0,0.574,44.0,0.5746,44.0,0.5747,59.0
1753547165045,16:26:05.045,A/USDT:USDT,0.5742,44.0,0.5741,397.0,0.5746,44.0,0.5747,59.0
1753547165100,16:26:05.100,A/USDT:USDT,0.5742,44.0,0.5741,397.0,0.5746,44.0,0.5747,59.0
1753547165234,16:26:05.234,A/USDT:USDT,0.5742,291.0,0.5741,397.0,0.5746,44.0,0.5747,59.0
1753547165259,16:26:05.259,A/USDT:USDT,0.5743,291.0,0.5742,291.0,0.5746,44.0,0.5747,59.0
1753547165367,16:26:05.367,A/USDT:USDT,0.5744,44.0,0.5743,291.0,0.5746,44.0,0.5747,59.0
1753547167280,16:26:07.280,A/USDT:USDT,0.5744,44.0,0.5743,291.0,0.5746,44.0,0.5747,59.0
1753547167319,16:26:07.319,A/USDT:USDT,0.5744,44.0,0.5743,44.0,0.5746,44.0,0.5747,59.0
1753547167330,16:26:07.330,A/USDT:USDT,0.5743,44.0,0.5742,291.0,0.5746,44.0,0.5747,59.0
1753547168580,16:26:08.580,A/USDT:USDT,0.5743,44.0,0.5742,291.0,0.5746,44.0,0.5747,59.0
1753547168595,16:26:08.595,A/USDT:USDT,0.5743,44.0,0.5742,291.0,0.5746,44.0,0.5747,59.0
1753547170060,16:26:10.060,A/USDT:USDT,0.5743,44.0,0.5742,291.0,0.5746,44.0,0.5747,59.0
1753547170203,16:26:10.203,A/USDT:USDT,0.5743,44.0,0.5742,291.0,0.5746,44.0,0.5747,59.0
1753547170218,16:26:10.218,A/USDT:USDT,0.5743,44.0,0.5742,291.0,0.5746,44.0,0.5747,59.0
1753547170750,16:26:10.750,A/USDT:USDT,0.5743,44.0,0.5742,291.0,0.5746,44.0,0.5747,59.0
1753547173060,16:26:13.060,A/USDT:USDT,0.5743,44.0,0.5742,291.0,0.5746,44.0,0.5747,59.0
1753547173382,16:26:13.382,A/USDT:USDT,0.5743,44.0,0.5742,291.0,0.5746,44.0,0.5747,59.0
1753547173411,16:26:13.411,A/USDT:USDT,0.5743,44.0,0.5742,291.0,0.5746,44.0,0.5747,59.0
1753547173425,16:26:13.425,A/USDT:USDT,0.5743,44.0,0.5742,291.0,0.5746,44.0,0.5747,59.0
1753547175878,16:26:15.878,A/USDT:USDT,0.5743,44.0,0.5742,291.0,0.5746,44.0,0.5747,59.0
