timestamp,time,symbol,bid1_price,bid1_volume,bid2_price,bid2_volume,ask1_price,ask1_volume,ask2_price,ask2_volume
1753546960671,16:22:40.671,AAVE/USDT:USDT,294.86,4811.0,294.85,1841,294.87,11136.0,294.88,5450
1753546960960,16:22:40.960,AAVE/USDT:USDT,294.86,4811.0,294.85,1315,294.87,11136.0,294.88,5450
1753546961341,16:22:41.341,AAVE/USDT:USDT,294.86,4811.0,294.85,1315,294.87,11136.0,294.88,4088
1753546961757,16:22:41.757,AAVE/USDT:USDT,294.86,4811.0,294.85,1315,294.87,11120,294.88,4088
1753546961757,16:22:41.757,AAVE/USDT:USDT,294.86,4811.0,294.85,1315,294.87,11120,294.88,4088
1753546962161,16:22:42.161,AAVE/USDT:USDT,294.86,4811.0,294.85,1315,294.87,11120,294.88,5026
1753546962161,16:22:42.161,AAVE/USDT:USDT,294.86,4811.0,294.85,1315,294.87,11120,294.88,5026
1753546962642,16:22:42.642,AAVE/USDT:USDT,294.86,4811.0,294.85,1315,294.87,11120,294.88,4088
1753546962709,16:22:42.709,AAVE/USDT:USDT,294.86,4811.0,294.85,1315,294.87,11120,294.88,4088
1753546963020,16:22:43.020,AAVE/USDT:USDT,294.86,4811.0,294.85,1315,294.87,11120,294.88,4088
1753546963338,16:22:43.338,AAVE/USDT:USDT,294.86,4811.0,294.85,1315,294.87,11120,294.88,4088
1753546963361,16:22:43.361,AAVE/USDT:USDT,294.86,4811.0,294.85,1315,294.87,11120,294.88,6046
1753546963741,16:22:43.741,AAVE/USDT:USDT,294.86,4811.0,294.85,1315,294.87,11120,294.88,6046
1753546963741,16:22:43.741,AAVE/USDT:USDT,294.86,4811.0,294.85,1315,294.87,11120,294.88,4088
1753546964158,16:22:44.158,AAVE/USDT:USDT,294.86,4811.0,294.85,1508,294.87,11120,294.88,4088
1753546964158,16:22:44.158,AAVE/USDT:USDT,294.86,4811.0,294.85,1508,294.87,11120,294.88,4088
1753546964561,16:22:44.561,AAVE/USDT:USDT,294.86,4811.0,294.85,1315,294.87,11120,294.88,5822
1753546964561,16:22:44.561,AAVE/USDT:USDT,294.86,4811.0,294.85,1315,294.87,11120,294.88,5822
1753546964941,16:22:44.941,AAVE/USDT:USDT,294.86,4811.0,294.85,1315,294.87,11120,294.88,4088
1753546965413,16:22:45.413,AAVE/USDT:USDT,294.86,4811.0,294.85,1315,294.87,11120,294.88,4088
1753546965494,16:22:45.494,AAVE/USDT:USDT,294.87,14696,294.86,2425,294.88,2456,294.89,414
1753546965738,16:22:45.738,AAVE/USDT:USDT,294.87,14696,294.86,2425,294.88,2456,294.89,563
1753546966141,16:22:46.141,AAVE/USDT:USDT,294.87,14696,294.86,2425,294.88,2456,294.89,414
1753546966141,16:22:46.141,AAVE/USDT:USDT,294.87,14696,294.86,2425,294.88,2456,294.89,414
1753546966612,16:22:46.612,AAVE/USDT:USDT,294.87,14696,294.86,2425,294.88,2456,294.89,414
1753546966612,16:22:46.612,AAVE/USDT:USDT,294.87,14696,294.86,2425,294.88,2456,294.89,414
1753546967016,16:22:47.016,AAVE/USDT:USDT,294.87,14696,294.86,2425,294.88,2456,294.89,414
1753546967016,16:22:47.016,AAVE/USDT:USDT,294.87,14696,294.86,2425,294.88,2456,294.89,414
1753546967341,16:22:47.341,AAVE/USDT:USDT,294.87,14696,294.86,2425,294.88,2456,294.89,414
1753546967812,16:22:47.812,AAVE/USDT:USDT,294.87,14696,294.86,2425,294.88,2456,294.89,414
1753546967812,16:22:47.812,AAVE/USDT:USDT,294.87,14696,294.86,2425,294.88,2456,294.89,414
1753546968217,16:22:48.217,AAVE/USDT:USDT,294.87,14696,294.86,2425,294.88,2456,294.89,414
1753546968217,16:22:48.217,AAVE/USDT:USDT,294.87,14696,294.86,2425,294.88,2456,294.89,414
1753546968640,16:22:48.640,AAVE/USDT:USDT,294.87,14696,294.86,2425,294.88,2456,294.89,414
1753546968653,16:22:48.653,AAVE/USDT:USDT,294.87,14696,294.86,2425,294.88,2456,294.89,414
1753546969115,16:22:49.115,AAVE/USDT:USDT,294.87,14696,294.86,2786,294.88,2456,294.89,414
1753546969115,16:22:49.115,AAVE/USDT:USDT,294.87,14696,294.86,2786,294.88,2456,294.89,414
1753546969417,16:22:49.417,AAVE/USDT:USDT,294.87,14696,294.86,2425,294.88,2456,294.89,414
1753546969740,16:22:49.740,AAVE/USDT:USDT,294.87,14696,294.86,2425,294.88,2456,294.89,414
1753546969740,16:22:49.740,AAVE/USDT:USDT,294.87,14696,294.86,2425,294.88,2456,294.89,414
1753546970224,16:22:50.224,AAVE/USDT:USDT,294.87,14696,294.86,2425,294.88,2456,294.89,414
1753546970224,16:22:50.224,AAVE/USDT:USDT,294.87,14696,294.86,3091,294.88,2456,294.89,414
1753546970618,16:22:50.618,AAVE/USDT:USDT,294.87,14696,294.86,2425,294.88,2456,294.89,550
1753546970941,16:22:50.941,AAVE/USDT:USDT,294.87,14696,294.86,2425,294.88,2456,294.89,414
1753546971050,16:22:51.050,AAVE/USDT:USDT,294.87,14669,294.86,2425,294.88,2456,294.89,414
1753546971413,16:22:51.413,AAVE/USDT:USDT,294.87,14669,294.86,2425,294.88,2456,294.89,414
1753546971473,16:22:51.473,AAVE/USDT:USDT,294.87,11659,294.86,1798,294.88,7766,294.89,298
1753546971737,16:22:51.737,AAVE/USDT:USDT,294.87,11659,294.86,1798,294.88,7766,294.89,298
1753546972141,16:22:52.141,AAVE/USDT:USDT,294.87,11659,294.86,1798,294.88,7610,294.89,298
1753546972141,16:22:52.141,AAVE/USDT:USDT,294.87,11659,294.86,1798,294.88,7610,294.89,298
1753546972613,16:22:52.613,AAVE/USDT:USDT,294.87,11659,294.86,1798,294.88,7610,294.89,298
1753546972613,16:22:52.613,AAVE/USDT:USDT,294.87,11659,294.86,2631,294.88,7610,294.89,298
1753546973016,16:22:53.016,AAVE/USDT:USDT,294.87,11659,294.86,2631,294.88,7610,294.89,344
1753546973016,16:22:53.016,AAVE/USDT:USDT,294.87,11659,294.86,1798,294.88,7610,294.89,344
1753546973342,16:22:53.342,AAVE/USDT:USDT,294.87,11659,294.86,1798,294.88,7610,294.89,298
1753546973813,16:22:53.813,AAVE/USDT:USDT,294.87,11659,294.86,2588,294.88,7610,294.89,298
1753546973813,16:22:53.813,AAVE/USDT:USDT,294.87,11659,294.86,2588,294.88,7610,294.89,298
1753546974218,16:22:54.218,AAVE/USDT:USDT,294.87,11659,294.86,1798,294.88,7610,294.89,446
1753546974218,16:22:54.218,AAVE/USDT:USDT,294.87,11659,294.86,1798,294.88,7610,294.89,446
1753546974645,16:22:54.645,AAVE/USDT:USDT,294.87,11659,294.86,1798,294.88,7610,294.89,298
1753546974665,16:22:54.665,AAVE/USDT:USDT,294.87,11659,294.86,1798,294.88,7610,294.89,298
1753546975120,16:22:55.120,AAVE/USDT:USDT,294.87,11659,294.86,1798,294.88,7610,294.89,298
1753546975120,16:22:55.120,AAVE/USDT:USDT,294.87,11659,294.86,1798,294.88,7610,294.89,298
1753546975417,16:22:55.417,AAVE/USDT:USDT,294.87,11659,294.86,1798,294.88,7610,294.89,298
1753546975743,16:22:55.743,AAVE/USDT:USDT,294.87,11659,294.86,1798,294.88,7610,294.89,298
1753546976215,16:22:56.215,AAVE/USDT:USDT,294.87,11659,294.86,1798,294.88,7610,294.89,298
1753546976215,16:22:56.215,AAVE/USDT:USDT,294.87,11659,294.86,1798,294.88,7610,294.89,298
1753546976618,16:22:56.618,AAVE/USDT:USDT,294.87,11659,294.86,1798,294.88,7610,294.89,430
1753546976618,16:22:56.618,AAVE/USDT:USDT,294.87,11659,294.86,1798,294.88,7610,294.89,430
1753546976943,16:22:56.943,AAVE/USDT:USDT,294.87,11659,294.86,1798,294.88,7610,294.89,298
1753546977415,16:22:57.415,AAVE/USDT:USDT,294.87,11659,294.86,2042,294.88,7610,294.89,298
1753546977471,16:22:57.471,AAVE/USDT:USDT,294.88,18397,294.87,15708,294.89,5644,294.9,7807
1753546977739,16:22:57.739,AAVE/USDT:USDT,294.88,18397,294.87,15708,294.89,5644,294.9,9482
1753546978141,16:22:58.141,AAVE/USDT:USDT,294.88,18397,294.87,15708,294.89,5644,294.9,9482
1753546978141,16:22:58.141,AAVE/USDT:USDT,294.88,18397,294.87,15708,294.89,5644,294.9,7807
1753546978615,16:22:58.615,AAVE/USDT:USDT,294.88,18397,294.87,15708,294.89,5644,294.9,7807
1753546978615,16:22:58.615,AAVE/USDT:USDT,294.88,18397,294.87,15708,294.89,5644,294.9,7807
1753546979018,16:22:59.018,AAVE/USDT:USDT,294.88,18397,294.87,15708,294.89,5644,294.9,10206
1753546979018,16:22:59.018,AAVE/USDT:USDT,294.88,18397,294.87,15708,294.89,5644,294.9,10206
1753546979342,16:22:59.342,AAVE/USDT:USDT,294.88,18397,294.87,15708,294.89,5644,294.9,7807
1753546979814,16:22:59.814,AAVE/USDT:USDT,294.88,18397,294.87,15708,294.89,5644,294.9,7807
1753546979815,16:22:59.815,AAVE/USDT:USDT,294.88,18397,294.87,15708,294.89,5644,294.9,7807
1753546980218,16:23:00.218,AAVE/USDT:USDT,294.88,18397,294.87,15708,294.89,5644,294.9,7807
1753546980218,16:23:00.218,AAVE/USDT:USDT,294.88,18397,294.87,15708,294.89,5644,294.9,7807
1753546980543,16:23:00.543,AAVE/USDT:USDT,294.88,18397,294.87,15708,294.89,5644,294.9,7807
1753546981015,16:23:01.015,AAVE/USDT:USDT,294.88,18397,294.87,15708,294.89,5644,294.9,7807
1753546981114,16:23:01.114,AAVE/USDT:USDT,294.88,18397,294.87,15708,294.89,5644,294.9,7807
1753546981420,16:23:01.420,AAVE/USDT:USDT,294.88,18397,294.87,15708,294.89,5644,294.9,11019
1753546981420,16:23:01.420,AAVE/USDT:USDT,294.88,18397,294.87,15708,294.89,5644,294.9,11019
1753546981742,16:23:01.742,AAVE/USDT:USDT,294.88,18397,294.87,15708,294.89,5644,294.9,7807
1753546982215,16:23:02.215,AAVE/USDT:USDT,294.79,35013,294.78,17562,294.86,4968,294.87,225
1753546982342,16:23:02.342,AAVE/USDT:USDT,294.79,35013,294.78,17562,294.86,4968,294.87,381
1753546982619,16:23:02.619,AAVE/USDT:USDT,294.79,35013,294.78,17562,294.86,4968,294.87,381
1753546982619,16:23:02.619,AAVE/USDT:USDT,294.79,35013,294.78,17562,294.86,4968,294.87,381
1753546982942,16:23:02.942,AAVE/USDT:USDT,294.79,35013,294.78,17562,294.86,4968,294.87,381
1753546983423,16:23:03.423,AAVE/USDT:USDT,294.79,35013,294.78,18297,294.86,4968,294.87,381
1753546983423,16:23:03.423,AAVE/USDT:USDT,294.79,35013,294.78,19034,294.86,4968,294.87,381
1753546983818,16:23:03.818,AAVE/USDT:USDT,294.79,35013,294.78,17562,294.86,4968,294.87,381
1753546984143,16:23:04.143,AAVE/USDT:USDT,294.79,35013,294.78,17562,294.86,4968,294.87,381
1753546984143,16:23:04.143,AAVE/USDT:USDT,294.79,35013,294.78,17562,294.86,4968,294.87,381
1753546984616,16:23:04.616,AAVE/USDT:USDT,294.79,35013,294.78,17562,294.86,4968,294.87,381
1753546984732,16:23:04.732,AAVE/USDT:USDT,294.79,34959,294.78,17562,294.86,4968,294.87,381
1753546985021,16:23:05.021,AAVE/USDT:USDT,294.79,34959,294.78,17562,294.86,4968,294.87,413
1753546985021,16:23:05.021,AAVE/USDT:USDT,294.79,34959,294.78,17562,294.86,4968,294.87,413
1753546985360,16:23:05.360,AAVE/USDT:USDT,294.79,34959,294.78,17562,294.86,4968,294.87,225
1753546985817,16:23:05.817,AAVE/USDT:USDT,294.79,34959,294.78,18320,294.86,4968,294.87,225
1753546985817,16:23:05.817,AAVE/USDT:USDT,294.79,34959,294.78,18320,294.86,4968,294.87,225
1753546986219,16:23:06.219,AAVE/USDT:USDT,294.79,34959,294.78,17562,294.86,4968,294.87,267
1753546986219,16:23:06.219,AAVE/USDT:USDT,294.79,34959,294.78,17562,294.86,4968,294.87,267
1753546986543,16:23:06.543,AAVE/USDT:USDT,294.79,34959,294.78,17562,294.86,4968,294.87,225
1753546987017,16:23:07.017,AAVE/USDT:USDT,294.88,27431,294.87,21931,294.89,5644,294.9,7807
1753546987038,16:23:07.038,AAVE/USDT:USDT,294.88,27431,294.87,21931,294.89,5644,294.9,7807
1753546987421,16:23:07.421,AAVE/USDT:USDT,294.88,27431,294.87,19852,294.89,5644,294.9,7807
1753546987421,16:23:07.421,AAVE/USDT:USDT,294.88,27431,294.87,19852,294.89,5644,294.9,7807
1753546987745,16:23:07.745,AAVE/USDT:USDT,294.88,27431,294.87,19852,294.89,5644,294.9,7807
1753546988216,16:23:08.216,AAVE/USDT:USDT,294.88,27431,294.87,19852,294.89,5644,294.9,7807
1753546988216,16:23:08.216,AAVE/USDT:USDT,294.88,27431,294.87,19852,294.89,5644,294.9,7807
1753546988620,16:23:08.620,AAVE/USDT:USDT,294.88,26607,294.87,19852,294.89,5644,294.9,7807
1753546988620,16:23:08.620,AAVE/USDT:USDT,294.88,26607,294.87,19852,294.89,5644,294.9,7807
1753546988942,16:23:08.942,AAVE/USDT:USDT,294.88,26607,294.87,19852,294.89,5644,294.9,7807
1753546989417,16:23:09.417,AAVE/USDT:USDT,294.88,26607,294.87,19852,294.89,5644,294.9,7807
1753546989417,16:23:09.417,AAVE/USDT:USDT,294.88,26607,294.87,19852,294.89,5644,294.9,7807
1753546989819,16:23:09.819,AAVE/USDT:USDT,294.88,26607,294.87,19852,294.89,5644,294.9,7807
1753546989819,16:23:09.819,AAVE/USDT:USDT,294.88,26607,294.87,19852,294.89,5644,294.9,7807
1753546990142,16:23:10.142,AAVE/USDT:USDT,294.88,26607,294.87,19852,294.89,5644,294.9,7807
1753546990617,16:23:10.617,AAVE/USDT:USDT,294.88,26607,294.87,19852,294.89,5644,294.9,7807
1753546990617,16:23:10.617,AAVE/USDT:USDT,294.88,26607,294.87,19852,294.89,5644,294.9,7807
1753546991020,16:23:11.020,AAVE/USDT:USDT,294.88,26607,294.87,19852,294.89,5644,294.9,7807
1753546991020,16:23:11.020,AAVE/USDT:USDT,294.88,26607,294.87,19852,294.89,5644,294.9,7807
1753546991346,16:23:11.346,AAVE/USDT:USDT,294.88,26607,294.87,19852,294.89,5644,294.9,7807
1753546991816,16:23:11.816,AAVE/USDT:USDT,294.88,26607,294.87,19852,294.89,5644,294.9,7807
1753546991816,16:23:11.816,AAVE/USDT:USDT,294.88,26607,294.87,19852,294.89,5644,294.9,7807
1753546992219,16:23:12.219,AAVE/USDT:USDT,294.88,26607,294.87,19852,294.89,5644,294.9,7807
1753546992225,16:23:12.225,AAVE/USDT:USDT,294.88,26607,294.87,19852,294.89,5644,294.9,7807
1753546992532,16:23:12.532,AAVE/USDT:USDT,294.91,35549,294.9,17175,294.92,7403,294.93,184
1753546993017,16:23:13.017,AAVE/USDT:USDT,294.91,35549,294.9,17175,294.92,7403,294.93,184
1753546993017,16:23:13.017,AAVE/USDT:USDT,294.91,35549,294.9,24486,294.92,7403,294.93,184
1753546993421,16:23:13.421,AAVE/USDT:USDT,294.91,35549,294.9,24486,294.92,7403,294.93,205
1753546993421,16:23:13.421,AAVE/USDT:USDT,294.91,35549,294.9,17175,294.92,7403,294.93,205
1753546993743,16:23:13.743,AAVE/USDT:USDT,294.91,35549,294.9,17175,294.92,7403,294.93,184
1753546994218,16:23:14.218,AAVE/USDT:USDT,294.91,35549,294.9,21688,294.92,7003,294.93,184
1753546994218,16:23:14.218,AAVE/USDT:USDT,294.91,35549,294.9,29013,294.92,7003,294.93,184
1753546994582,16:23:14.582,AAVE/USDT:USDT,294.97,18786,294.91,35549,294.98,10592,294.99,25226
1753546994605,16:23:14.605,AAVE/USDT:USDT,294.97,18786,294.96,17169,294.98,10592,294.99,25226
1753546995210,16:23:15.210,AAVE/USDT:USDT,294.97,17786,294.96,17169,294.98,10592,294.99,25226
1753546995418,16:23:15.418,AAVE/USDT:USDT,294.97,17786,294.96,17169,294.98,10592,294.99,25226
1753546995419,16:23:15.419,AAVE/USDT:USDT,294.97,17786,294.96,17169,294.98,10592,294.99,25226
1753546995821,16:23:15.821,AAVE/USDT:USDT,294.97,17786,294.96,17169,294.98,10592,294.99,25299
1753546995821,16:23:15.821,AAVE/USDT:USDT,294.97,17786,294.96,17169,294.98,10592,294.99,25299
1753546996144,16:23:16.144,AAVE/USDT:USDT,294.97,17786,294.96,17169,294.98,10592,294.99,25226
1753546996621,16:23:16.621,AAVE/USDT:USDT,294.97,17786,294.96,17169,294.98,10592,294.99,25226
1753546996621,16:23:16.621,AAVE/USDT:USDT,294.97,17786,294.96,17169,294.98,10592,294.99,25226
1753546997021,16:23:17.021,AAVE/USDT:USDT,294.97,17786,294.96,17169,294.98,10592,294.99,25253
1753546997021,16:23:17.021,AAVE/USDT:USDT,294.97,17786,294.96,17169,294.98,10592,294.99,25253
1753546997399,16:23:17.399,AAVE/USDT:USDT,294.97,17786,294.96,17169,294.98,9768,294.99,25226
1753546997741,16:23:17.741,AAVE/USDT:USDT,294.97,17786,294.96,17169,294.98,9768,294.99,25226
1753546997819,16:23:17.819,AAVE/USDT:USDT,294.97,17786,294.96,17169,294.98,9768,294.99,25226
1753546998141,16:23:18.141,AAVE/USDT:USDT,294.97,17786,294.96,17169,294.98,9768,294.99,25226
1753546998319,16:23:18.319,AAVE/USDT:USDT,294.97,17786,294.96,17169,294.98,9768,294.99,25226
1753546998544,16:23:18.544,AAVE/USDT:USDT,294.97,17786,294.96,17169,294.98,9768,294.99,25226
1753546998544,16:23:18.544,AAVE/USDT:USDT,294.97,17786,294.96,17169,294.98,9768,294.99,25226
1753546999019,16:23:19.019,AAVE/USDT:USDT,294.97,17786,294.96,17169,294.98,9768,294.99,25226
1753546999019,16:23:19.019,AAVE/USDT:USDT,294.97,17786,294.96,17169,294.98,9768,294.99,25226
1753546999422,16:23:19.422,AAVE/USDT:USDT,294.97,17786,294.96,17169,294.98,9768,294.99,25293
1753546999422,16:23:19.422,AAVE/USDT:USDT,294.97,17786,294.96,17169,294.98,9768,294.99,25293
1753546999744,16:23:19.744,AAVE/USDT:USDT,294.97,17563,294.96,17169,294.98,9768,294.99,25226
1753547000219,16:23:20.219,AAVE/USDT:USDT,294.97,17563,294.96,19413,294.98,9768,294.99,25226
1753547000219,16:23:20.219,AAVE/USDT:USDT,294.97,17563,294.96,19413,294.98,9768,294.99,25226
1753547000540,16:23:20.540,AAVE/USDT:USDT,294.97,8789,294.96,4179,294.98,7895,294.99,1130
1753547000944,16:23:20.944,AAVE/USDT:USDT,294.97,8789,294.96,4179,294.98,7895,294.99,1130
1753547000944,16:23:20.944,AAVE/USDT:USDT,294.97,8789,294.96,4179,294.98,7895,294.99,1130
1753547001420,16:23:21.420,AAVE/USDT:USDT,294.97,8789,294.96,5966,294.98,7895,294.99,1130
1753547001460,16:23:21.460,AAVE/USDT:USDT,294.92,31233,294.91,10248,294.98,7895,294.99,1130
1753547001740,16:23:21.740,AAVE/USDT:USDT,294.92,31233,294.91,10248,294.98,7895,294.99,1130
1753547002144,16:23:22.144,AAVE/USDT:USDT,294.92,31233,294.91,10248,294.98,7895,294.99,1130
1753547002144,16:23:22.144,AAVE/USDT:USDT,294.92,31233,294.91,10248,294.98,7895,294.99,1130
1753547002621,16:23:22.621,AAVE/USDT:USDT,294.96,617,294.92,31233,294.98,7895,294.99,1130
1753547002621,16:23:22.621,AAVE/USDT:USDT,294.96,617,294.95,1846,294.98,7895,294.99,1130
1753547003023,16:23:23.023,AAVE/USDT:USDT,294.95,1846,294.92,31233,294.98,7895,294.99,1539
1753547003023,16:23:23.023,AAVE/USDT:USDT,294.92,31233,294.91,10248,294.98,7895,294.99,1539
1753547003343,16:23:23.343,AAVE/USDT:USDT,294.92,31233,294.91,10248,294.98,7895,294.99,1130
1753547003744,16:23:23.744,AAVE/USDT:USDT,294.92,31233,294.91,10248,294.98,7895,294.99,1130
1753547003821,16:23:23.821,AAVE/USDT:USDT,294.95,1435,294.94,1451,294.98,7895,294.99,1130
1753547004146,16:23:24.146,AAVE/USDT:USDT,294.95,1435,294.94,1451,294.98,7895,294.99,1130
1753547004224,16:23:24.224,AAVE/USDT:USDT,294.92,31233,294.91,10248,294.98,7895,294.99,1130
1753547004545,16:23:24.545,AAVE/USDT:USDT,294.92,31233,294.91,10248,294.98,7895,294.99,1130
1753547005020,16:23:25.020,AAVE/USDT:USDT,294.95,849,294.92,31233,294.98,7895,294.99,1130
1753547005020,16:23:25.020,AAVE/USDT:USDT,294.95,1551,294.92,31233,294.98,7895,294.99,1130
1753547005424,16:23:25.424,AAVE/USDT:USDT,294.95,702,294.92,31233,294.98,7895,294.99,1653
1753547005424,16:23:25.424,AAVE/USDT:USDT,294.92,31233,294.91,10248,294.98,7895,294.99,1653
1753547005744,16:23:25.744,AAVE/USDT:USDT,294.92,31233,294.91,10248,294.98,7895,294.99,1130
1753547006220,16:23:26.220,AAVE/USDT:USDT,294.94,945,294.92,31233,294.98,7895,294.99,1130
1753547006220,16:23:26.220,AAVE/USDT:USDT,294.94,4367,294.92,31233,294.98,7895,294.99,1130
1753547006547,16:23:26.547,AAVE/USDT:USDT,294.97,19508,294.96,162,294.98,22829,294.99,9290
1753547006944,16:23:26.944,AAVE/USDT:USDT,294.97,19508,294.96,162,294.98,22829,294.99,8004
1753547006944,16:23:26.944,AAVE/USDT:USDT,294.97,19508,294.96,162,294.98,22829,294.99,8004
1753547007423,16:23:27.423,AAVE/USDT:USDT,294.97,19508,294.96,162,294.98,22829,294.99,8004
1753547007423,16:23:27.423,AAVE/USDT:USDT,294.97,19508,294.96,162,294.98,22829,294.99,8004
1753547007824,16:23:27.824,AAVE/USDT:USDT,294.97,19508,294.96,162,294.98,22829,294.99,8004
1753547007825,16:23:27.825,AAVE/USDT:USDT,294.97,19508,294.96,162,294.98,22829,294.99,8004
1753547008145,16:23:28.145,AAVE/USDT:USDT,294.97,19508,294.96,162,294.98,22829,294.99,8004
1753547008622,16:23:28.622,AAVE/USDT:USDT,294.97,18058,294.96,162,294.98,22829,294.99,8004
1753547008623,16:23:28.623,AAVE/USDT:USDT,294.97,18058,294.96,162,294.98,22829,294.99,8004
1753547009027,16:23:29.027,AAVE/USDT:USDT,294.97,18058,294.96,162,294.98,22829,294.99,8004
1753547009027,16:23:29.027,AAVE/USDT:USDT,294.97,18058,294.96,162,294.98,22829,294.99,8004
1753547009427,16:23:29.427,AAVE/USDT:USDT,294.96,162,294.95,3959,294.98,22829,294.99,8004
1753547009615,16:23:29.615,AAVE/USDT:USDT,294.9,22506,294.89,5749,294.92,35434,294.93,19411
1753547009822,16:23:29.822,AAVE/USDT:USDT,294.9,22506,294.89,5749,294.92,35434,294.93,19411
1753547010134,16:23:30.134,AAVE/USDT:USDT,294.9,22506,294.89,5749,294.92,35434,294.93,19411
1753547010318,16:23:30.318,AAVE/USDT:USDT,294.9,22506,294.89,5749,294.92,35434,294.93,27224
1753547010546,16:23:30.546,AAVE/USDT:USDT,294.9,22506,294.89,5749,294.92,35434,294.93,19411
1753547010546,16:23:30.546,AAVE/USDT:USDT,294.9,22506,294.89,5749,294.92,35434,294.93,19411
1753547011022,16:23:31.022,AAVE/USDT:USDT,294.9,22506,294.89,5749,294.92,35434,294.93,19411
1753547011022,16:23:31.022,AAVE/USDT:USDT,294.9,22506,294.89,5777,294.92,35434,294.93,19411
1753547011425,16:23:31.425,AAVE/USDT:USDT,294.9,22506,294.89,5749,294.92,35434,294.93,19411
1753547011745,16:23:31.745,AAVE/USDT:USDT,294.9,22506,294.89,5749,294.92,35434,294.93,19411
1753547011745,16:23:31.745,AAVE/USDT:USDT,294.9,22506,294.89,5749,294.92,35434,294.93,19411
1753547012222,16:23:32.222,AAVE/USDT:USDT,294.9,22506,294.89,5870,294.92,35434,294.93,19411
1753547012222,16:23:32.222,AAVE/USDT:USDT,294.9,22506,294.89,5870,294.92,35434,294.93,19411
1753547012626,16:23:32.626,AAVE/USDT:USDT,294.9,22506,294.89,5749,294.92,35434,294.93,19411
1753547012701,16:23:32.701,AAVE/USDT:USDT,294.9,16714,294.89,5749,294.92,35434,294.93,19411
1753547012945,16:23:32.945,AAVE/USDT:USDT,294.9,16714,294.89,5749,294.92,35434,294.93,19411
1753547013393,16:23:33.393,AAVE/USDT:USDT,294.9,15647,294.89,5749,294.92,35434,294.93,19411
1753547013424,16:23:33.424,AAVE/USDT:USDT,294.9,15647,294.89,5835,294.92,35434,294.93,19411
1753547013825,16:23:33.825,AAVE/USDT:USDT,294.9,15647,294.89,5749,294.92,35434,294.93,25461
1753547013825,16:23:33.825,AAVE/USDT:USDT,294.9,15647,294.89,5749,294.92,35434,294.93,25461
1753547014147,16:23:34.147,AAVE/USDT:USDT,294.9,15647,294.89,5749,294.92,35434,294.93,19411
1753547014623,16:23:34.623,AAVE/USDT:USDT,294.89,8794,294.88,1670,294.9,31691,294.91,5628
1753547014821,16:23:34.821,AAVE/USDT:USDT,294.89,8794,294.88,1670,294.9,31691,294.91,5628
1753547015015,16:23:35.015,AAVE/USDT:USDT,294.89,8794,294.88,1670,294.9,31691,294.91,7479
1753547015027,16:23:35.027,AAVE/USDT:USDT,294.89,8794,294.88,1670,294.9,31691,294.91,7479
1753547015415,16:23:35.415,AAVE/USDT:USDT,294.89,8794,294.88,1670,294.9,30241,294.91,5628
1753547015824,16:23:35.824,AAVE/USDT:USDT,294.89,8794,294.88,1670,294.9,30241,294.91,5628
1753547015824,16:23:35.824,AAVE/USDT:USDT,294.89,8794,294.88,1670,294.9,30241,294.91,5628
1753547016226,16:23:36.226,AAVE/USDT:USDT,294.89,8794,294.88,1670,294.9,30241,294.91,6382
1753547016226,16:23:36.226,AAVE/USDT:USDT,294.89,8794,294.88,1670,294.9,30241,294.91,6382
1753547016549,16:23:36.549,AAVE/USDT:USDT,294.89,8794,294.88,1670,294.9,30241,294.91,5628
1753547017024,16:23:37.024,AAVE/USDT:USDT,294.89,8794,294.88,2448,294.9,30241,294.91,5628
1753547017024,16:23:37.024,AAVE/USDT:USDT,294.89,8794,294.88,3192,294.9,30241,294.91,5628
1753547017427,16:23:37.427,AAVE/USDT:USDT,294.89,8794,294.88,2414,294.9,30241,294.91,6703
1753547017427,16:23:37.427,AAVE/USDT:USDT,294.89,8794,294.88,1670,294.9,30241,294.91,6703
1753547017748,16:23:37.748,AAVE/USDT:USDT,294.89,8794,294.88,1670,294.9,30241,294.91,5628
1753547018224,16:23:38.224,AAVE/USDT:USDT,294.89,8794,294.88,1670,294.9,30241,294.91,5628
1753547018224,16:23:38.224,AAVE/USDT:USDT,294.89,8794,294.88,1670,294.9,30241,294.91,5628
1753547018627,16:23:38.627,AAVE/USDT:USDT,294.89,8794,294.88,1670,294.9,30241,294.91,10286
1753547018627,16:23:38.627,AAVE/USDT:USDT,294.89,8794,294.88,1670,294.9,30241,294.91,10286
1753547018948,16:23:38.948,AAVE/USDT:USDT,294.89,8794,294.88,1670,294.9,30241,294.91,5628
1753547019432,16:23:39.432,AAVE/USDT:USDT,294.89,8794,294.88,1670,294.9,30241,294.91,5628
1753547019432,16:23:39.432,AAVE/USDT:USDT,294.89,8794,294.88,1670,294.9,30241,294.91,5628
1753547019827,16:23:39.827,AAVE/USDT:USDT,294.89,8794,294.88,1670,294.9,30241,294.91,5628
1753547020271,16:23:40.271,AAVE/USDT:USDT,294.89,5694,294.88,1670,294.9,30241,294.91,5628
1753547020523,16:23:40.523,AAVE/USDT:USDT,294.89,5694,294.88,1670,294.9,30241,294.91,5628
1753547020625,16:23:40.625,AAVE/USDT:USDT,294.92,10534,294.91,10115,294.93,205,294.94,19291
1753547020945,16:23:40.945,AAVE/USDT:USDT,294.92,10534,294.91,10115,294.93,205,294.94,19291
1753547021027,16:23:41.027,AAVE/USDT:USDT,294.92,10534,294.91,10115,294.93,205,294.94,19291
1753547021348,16:23:41.348,AAVE/USDT:USDT,294.92,10534,294.91,10115,294.93,205,294.94,19291
1753547021348,16:23:41.348,AAVE/USDT:USDT,294.92,10534,294.91,10115,294.93,205,294.94,19291
1753547021825,16:23:41.825,AAVE/USDT:USDT,294.92,10534,294.91,10115,294.93,205,294.94,19291
1753547021825,16:23:41.825,AAVE/USDT:USDT,294.92,10534,294.91,10115,294.93,205,294.94,19291
1753547022229,16:23:42.229,AAVE/USDT:USDT,294.92,10534,294.91,10115,294.93,205,294.94,19291
1753547022229,16:23:42.229,AAVE/USDT:USDT,294.92,10534,294.91,10115,294.93,205,294.94,19291
1753547022572,16:23:42.572,AAVE/USDT:USDT,294.92,10534,294.91,10115,294.93,59,294.94,19291
1753547023026,16:23:43.026,AAVE/USDT:USDT,294.92,10534,294.91,10115,294.93,59,294.94,19291
1753547023026,16:23:43.026,AAVE/USDT:USDT,294.92,10534,294.91,10115,294.93,59,294.94,19291
1753547023429,16:23:43.429,AAVE/USDT:USDT,294.92,10534,294.91,10115,294.93,59,294.94,27311
1753547023429,16:23:43.429,AAVE/USDT:USDT,294.92,10534,294.91,10115,294.93,59,294.94,27311
1753547023748,16:23:43.748,AAVE/USDT:USDT,294.92,10534,294.91,10115,294.93,59,294.94,19291
1753547024224,16:23:44.224,AAVE/USDT:USDT,294.92,10534,294.91,14548,294.93,59,294.94,19291
1753547024224,16:23:44.224,AAVE/USDT:USDT,294.92,10534,294.91,14548,294.93,59,294.94,19291
1753547024629,16:23:44.629,AAVE/USDT:USDT,294.92,10534,294.91,10115,294.93,59,294.94,19291
1753547024629,16:23:44.629,AAVE/USDT:USDT,294.92,10534,294.91,10115,294.93,59,294.94,19291
1753547024948,16:23:44.948,AAVE/USDT:USDT,294.92,10534,294.91,10115,294.93,59,294.94,19291
1753547025433,16:23:45.433,AAVE/USDT:USDT,294.92,10534,294.91,10115,294.93,59,294.94,19291
1753547025433,16:23:45.433,AAVE/USDT:USDT,294.92,10534,294.91,14868,294.93,59,294.94,19291
1753547025832,16:23:45.832,AAVE/USDT:USDT,294.92,10534,294.91,10115,294.93,59,294.94,27269
1753547026150,16:23:46.150,AAVE/USDT:USDT,294.92,10534,294.91,10115,294.93,59,294.94,27269
1753547026150,16:23:46.150,AAVE/USDT:USDT,294.92,10534,294.91,10115,294.93,59,294.94,19291
1753547026626,16:23:46.626,AAVE/USDT:USDT,294.92,6523,294.91,103,294.93,10495,294.94,8146
1753547026825,16:23:46.825,AAVE/USDT:USDT,294.92,6523,294.91,103,294.93,10495,294.94,8146
1753547026947,16:23:46.947,AAVE/USDT:USDT,294.92,6523,294.91,103,294.93,10495,294.94,8146
1753547027029,16:23:47.029,AAVE/USDT:USDT,294.92,6523,294.91,103,294.93,10495,294.94,8146
1753547027350,16:23:47.350,AAVE/USDT:USDT,294.92,6523,294.91,103,294.93,10495,294.94,8146
1753547027826,16:23:47.826,AAVE/USDT:USDT,294.98,12268,294.97,124,294.99,27923,295.0,32270
1753547027826,16:23:47.826,AAVE/USDT:USDT,294.98,12268,294.97,169,294.99,27923,295.0,32270
1753547028229,16:23:48.229,AAVE/USDT:USDT,294.98,12268,294.97,137,294.99,27923,295.0,32270
1753547028229,16:23:48.229,AAVE/USDT:USDT,294.98,12268,294.97,92,294.99,27923,295.0,32270
1753547028554,16:23:48.554,AAVE/USDT:USDT,294.98,12268,294.97,92,294.99,27923,295.0,32270
1753547029026,16:23:49.026,AAVE/USDT:USDT,294.98,12268,294.97,123,294.99,27923,295.0,32270
1753547029026,16:23:49.026,AAVE/USDT:USDT,294.98,12268,294.97,123,294.99,27923,295.0,32270
1753547029430,16:23:49.430,AAVE/USDT:USDT,294.98,12268,294.97,92,294.99,27923,295.0,33062
1753547029430,16:23:49.430,AAVE/USDT:USDT,294.98,12268,294.97,92,294.99,27923,295.0,33062
1753547029750,16:23:49.750,AAVE/USDT:USDT,294.98,12268,294.97,92,294.99,27923,295.0,32270
1753547030227,16:23:50.227,AAVE/USDT:USDT,294.98,12268,294.97,92,294.99,27923,295.0,32270
1753547030227,16:23:50.227,AAVE/USDT:USDT,294.98,12268,294.97,92,294.99,27923,295.0,32270
1753547030630,16:23:50.630,AAVE/USDT:USDT,294.98,12268,294.97,92,294.99,27923,295.0,32270
1753547030630,16:23:50.630,AAVE/USDT:USDT,294.98,12268,294.97,92,294.99,27923,295.0,32270
1753547030949,16:23:50.949,AAVE/USDT:USDT,294.98,12268,294.97,92,294.99,27923,295.0,32270
1753547031426,16:23:51.426,AAVE/USDT:USDT,294.98,12268,294.97,92,294.99,27923,295.0,32270
1753547031426,16:23:51.426,AAVE/USDT:USDT,294.98,12268,294.97,92,294.99,27923,295.0,32270
1753547031829,16:23:51.829,AAVE/USDT:USDT,294.98,12268,294.97,92,294.99,27923,295.0,32270
1753547032150,16:23:52.150,AAVE/USDT:USDT,294.98,12268,294.97,92,294.99,27923,295.0,32270
1753547032150,16:23:52.150,AAVE/USDT:USDT,294.98,12268,294.97,92,294.99,27923,295.0,32270
1753547032629,16:23:52.629,AAVE/USDT:USDT,294.98,12268,294.97,92,294.99,27923,295.0,32270
1753547032830,16:23:52.830,AAVE/USDT:USDT,294.98,12268,294.97,118,294.99,27923,295.0,32270
1753547032947,16:23:52.947,AAVE/USDT:USDT,294.98,12268,294.97,118,294.99,27923,295.0,32270
1753547033226,16:23:53.226,AAVE/USDT:USDT,294.98,12268,294.97,92,294.99,27923,295.0,32270
1753547033351,16:23:53.351,AAVE/USDT:USDT,294.98,12268,294.97,92,294.99,27923,295.0,32270
1753547033541,16:23:53.541,AAVE/USDT:USDT,294.95,21287,294.94,10194,294.96,1328,294.97,102
1753547033826,16:23:53.826,AAVE/USDT:USDT,294.95,21287,294.94,13048,294.96,1328,294.97,102
1753547034230,16:23:54.230,AAVE/USDT:USDT,294.95,21287,294.94,10194,294.96,1328,294.97,102
1753547034230,16:23:54.230,AAVE/USDT:USDT,294.95,21287,294.94,10194,294.96,1328,294.97,102
1753547034553,16:23:54.553,AAVE/USDT:USDT,294.95,21287,294.94,10194,294.96,1328,294.97,102
1753547035027,16:23:55.027,AAVE/USDT:USDT,294.95,21287,294.94,10194,294.96,1328,294.97,102
1753547035027,16:23:55.027,AAVE/USDT:USDT,294.95,21287,294.94,13670,294.96,1328,294.97,102
1753547035431,16:23:55.431,AAVE/USDT:USDT,294.95,21287,294.94,13670,294.96,1328,294.97,135
1753547035497,16:23:55.497,AAVE/USDT:USDT,294.95,21287,294.94,10194,294.96,261,294.97,135
1753547035750,16:23:55.750,AAVE/USDT:USDT,294.95,21287,294.94,10194,294.96,261,294.97,102
1753547036227,16:23:56.227,AAVE/USDT:USDT,294.95,21287,294.94,10194,294.96,261,294.97,102
1753547036227,16:23:56.227,AAVE/USDT:USDT,294.95,21287,294.94,10194,294.96,261,294.97,102
1753547036630,16:23:56.630,AAVE/USDT:USDT,294.95,21287,294.94,10194,294.96,261,294.97,102
1753547036706,16:23:56.706,AAVE/USDT:USDT,294.95,20887,294.94,10194,294.96,261,294.97,102
1753547036953,16:23:56.953,AAVE/USDT:USDT,294.95,20887,294.94,10194,294.96,261,294.97,102
1753547037434,16:23:57.434,AAVE/USDT:USDT,294.95,20887,294.94,14461,294.96,261,294.97,102
1753547037434,16:23:57.434,AAVE/USDT:USDT,294.95,20887,294.94,14461,294.96,261,294.97,102
1753547037830,16:23:57.830,AAVE/USDT:USDT,294.95,20887,294.94,10194,294.96,261,294.97,128
1753547038151,16:23:58.151,AAVE/USDT:USDT,294.95,20887,294.94,10194,294.96,261,294.97,102
1753547038151,16:23:58.151,AAVE/USDT:USDT,294.95,20887,294.94,10194,294.96,261,294.97,102
1753547038628,16:23:58.628,AAVE/USDT:USDT,294.95,20887,294.94,10194,294.96,261,294.97,102
1753547038828,16:23:58.828,AAVE/USDT:USDT,294.95,20887,294.94,12242,294.96,261,294.97,102
1753547039011,16:23:59.011,AAVE/USDT:USDT,294.95,20887,294.94,12242,294.96,261,294.97,102
1753547039232,16:23:59.232,AAVE/USDT:USDT,294.95,20887,294.94,10194,294.96,261,294.97,102
1753547039417,16:23:59.417,AAVE/USDT:USDT,294.95,20887,294.94,10194,294.96,261,294.97,102
1753547039542,16:23:59.542,AAVE/USDT:USDT,294.95,11623,294.94,9158,294.96,4702,294.97,93
1753547039829,16:23:59.829,AAVE/USDT:USDT,294.95,11623,294.94,9158,294.96,4702,294.97,93
1753547040233,16:24:00.233,AAVE/USDT:USDT,294.95,11623,294.94,9158,294.96,4702,294.97,93
1753547040233,16:24:00.233,AAVE/USDT:USDT,294.95,11623,294.94,9158,294.96,4702,294.97,93
1753547040554,16:24:00.554,AAVE/USDT:USDT,294.95,11623,294.94,9158,294.96,4702,294.97,93
1753547041029,16:24:01.029,AAVE/USDT:USDT,294.95,11623,294.94,9158,294.96,4702,294.97,93
1753547041029,16:24:01.029,AAVE/USDT:USDT,294.95,11623,294.94,9158,294.96,4702,294.97,93
1753547041433,16:24:01.433,AAVE/USDT:USDT,294.95,11623,294.94,9158,294.96,4702,294.97,93
1753547041433,16:24:01.433,AAVE/USDT:USDT,294.95,11623,294.94,9158,294.96,4702,294.97,93
1753547041755,16:24:01.755,AAVE/USDT:USDT,294.95,11623,294.94,9158,294.96,4702,294.97,93
1753547042230,16:24:02.230,AAVE/USDT:USDT,294.95,11623,294.94,9158,294.96,4702,294.97,93
1753547042230,16:24:02.230,AAVE/USDT:USDT,294.95,11623,294.94,9158,294.96,4702,294.97,93
1753547042634,16:24:02.634,AAVE/USDT:USDT,294.95,11623,294.94,9158,294.96,4702,294.97,93
1753547042634,16:24:02.634,AAVE/USDT:USDT,294.95,11623,294.94,9158,294.96,4702,294.97,93
1753547043013,16:24:03.013,AAVE/USDT:USDT,294.95,11623,294.94,9158,294.96,4702,294.97,93
1753547043429,16:24:03.429,AAVE/USDT:USDT,294.95,11623,294.94,13315,294.96,4702,294.97,93
1753547043429,16:24:03.429,AAVE/USDT:USDT,294.95,11623,294.94,13315,294.96,4702,294.97,93
1753547043833,16:24:03.833,AAVE/USDT:USDT,294.95,11623,294.94,9158,294.96,4702,294.97,110
1753547043833,16:24:03.833,AAVE/USDT:USDT,294.95,11623,294.94,9158,294.96,4702,294.97,110
1753547044152,16:24:04.152,AAVE/USDT:USDT,294.95,11623,294.94,9158,294.96,4702,294.97,93
1753547044630,16:24:04.630,AAVE/USDT:USDT,294.95,11623,294.94,11394,294.96,4702,294.97,93
1753547044829,16:24:04.829,AAVE/USDT:USDT,294.95,11623,294.94,11394,294.96,4702,294.97,93
1753547045034,16:24:05.034,AAVE/USDT:USDT,294.95,11623,294.94,9158,294.96,4702,294.97,93
1753547045224,16:24:05.224,AAVE/USDT:USDT,294.95,11623,294.94,9158,294.96,4702,294.97,93
1753547045352,16:24:05.352,AAVE/USDT:USDT,294.95,11623,294.94,9158,294.96,4702,294.97,93
1753547045542,16:24:05.542,AAVE/USDT:USDT,294.97,32200,294.96,10671,294.98,230,294.99,253
1753547045831,16:24:05.831,AAVE/USDT:USDT,294.97,32200,294.96,17744,294.98,230,294.99,253
1753547046235,16:24:06.235,AAVE/USDT:USDT,294.97,32200,294.96,12620,294.98,230,294.99,314
1753547046235,16:24:06.235,AAVE/USDT:USDT,294.97,32200,294.96,10671,294.98,230,294.99,314
1753547046553,16:24:06.553,AAVE/USDT:USDT,294.97,32200,294.96,10671,294.98,230,294.99,253
1753547047032,16:24:07.032,AAVE/USDT:USDT,294.97,32200,294.96,10671,294.98,230,294.99,253
1753547047032,16:24:07.032,AAVE/USDT:USDT,294.97,32200,294.96,10671,294.98,230,294.99,253
1753547047436,16:24:07.436,AAVE/USDT:USDT,294.97,32200,294.96,10671,294.98,230,294.99,253
1753547047436,16:24:07.436,AAVE/USDT:USDT,294.97,32200,294.96,10671,294.98,230,294.99,253
1753547047754,16:24:07.754,AAVE/USDT:USDT,294.97,32200,294.96,10671,294.98,230,294.99,253
1753547048231,16:24:08.231,AAVE/USDT:USDT,294.97,32200,294.96,10671,294.98,230,294.99,253
1753547048231,16:24:08.231,AAVE/USDT:USDT,294.97,32200,294.96,14278,294.98,230,294.99,253
1753547048635,16:24:08.635,AAVE/USDT:USDT,294.97,32200,294.96,14278,294.98,230,294.99,328
1753547048635,16:24:08.635,AAVE/USDT:USDT,294.97,32200,294.96,10671,294.98,230,294.99,328
1753547048954,16:24:08.954,AAVE/USDT:USDT,294.97,32200,294.96,10671,294.98,230,294.99,253
1753547049433,16:24:09.433,AAVE/USDT:USDT,294.97,32200,294.96,14442,294.98,230,294.99,253
1753547049433,16:24:09.433,AAVE/USDT:USDT,294.97,32200,294.96,14442,294.98,230,294.99,253
1753547049835,16:24:09.835,AAVE/USDT:USDT,294.97,32200,294.96,10671,294.98,230,294.99,338
1753547049835,16:24:09.835,AAVE/USDT:USDT,294.97,32200,294.96,10671,294.98,230,294.99,338
1753547050314,16:24:10.314,AAVE/USDT:USDT,294.97,32200,294.96,10671,294.98,230,294.99,253
1753547050414,16:24:10.414,AAVE/USDT:USDT,294.97,32200,294.96,10671,294.98,230,294.99,253
1753547050830,16:24:10.830,AAVE/USDT:USDT,294.97,32200,294.96,14384,294.98,230,294.99,253
1753547051013,16:24:11.013,AAVE/USDT:USDT,294.97,32200,294.96,14384,294.98,230,294.99,253
1753547051037,16:24:11.037,AAVE/USDT:USDT,294.97,32200,294.96,10671,294.98,230,294.99,253
1753547051530,16:24:11.530,AAVE/USDT:USDT,294.97,32200,294.96,10671,294.98,15791,294.99,253
1753547051544,16:24:11.544,AAVE/USDT:USDT,294.97,17795,294.96,1265,294.98,15561,294.99,180
1753547051835,16:24:11.835,AAVE/USDT:USDT,294.97,17795,294.96,1265,294.98,15561,294.99,180
1753547052238,16:24:12.238,AAVE/USDT:USDT,294.97,17795,294.96,1265,294.98,15561,294.99,222
1753547052238,16:24:12.238,AAVE/USDT:USDT,294.97,17795,294.96,1265,294.98,15561,294.99,222
1753547052618,16:24:12.618,AAVE/USDT:USDT,294.97,17795,294.96,1265,294.98,15561,294.99,180
1753547053036,16:24:13.036,AAVE/USDT:USDT,294.97,17795,294.96,1265,294.98,15561,294.99,180
1753547053036,16:24:13.036,AAVE/USDT:USDT,294.97,17795,294.96,1265,294.98,15561,294.99,180
1753547053438,16:24:13.438,AAVE/USDT:USDT,294.97,17795,294.96,1265,294.98,15561,294.99,180
1753547053438,16:24:13.438,AAVE/USDT:USDT,294.97,17795,294.96,1265,294.98,15561,294.99,180
1753547053816,16:24:13.816,AAVE/USDT:USDT,294.97,17795,294.96,1265,294.98,15561,294.99,180
1753547054236,16:24:14.236,AAVE/USDT:USDT,294.97,17795,294.96,1265,294.98,15561,294.99,180
1753547054236,16:24:14.236,AAVE/USDT:USDT,294.97,17795,294.96,1265,294.98,15561,294.99,180
1753547054640,16:24:14.640,AAVE/USDT:USDT,294.97,17795,294.96,1265,294.98,15561,294.99,267
1753547054640,16:24:14.640,AAVE/USDT:USDT,294.97,17795,294.96,1265,294.98,15561,294.99,267
1753547055017,16:24:15.017,AAVE/USDT:USDT,294.97,17795,294.96,1265,294.98,15561,294.99,180
1753547055435,16:24:15.435,AAVE/USDT:USDT,294.97,17795,294.96,1415,294.98,15561,294.99,180
1753547055435,16:24:15.435,AAVE/USDT:USDT,294.97,17795,294.96,1740,294.98,15561,294.99,180
1753547055837,16:24:15.837,AAVE/USDT:USDT,294.97,17795,294.96,1590,294.98,15561,294.99,180
1753547055923,16:24:15.923,AAVE/USDT:USDT,294.97,17795,294.96,1265,294.98,15461,294.99,180
1753547056299,16:24:16.299,AAVE/USDT:USDT,294.97,17795,294.96,1265,294.98,15461,294.99,180
1753547056330,16:24:16.330,AAVE/USDT:USDT,294.97,17795,294.96,1265,294.98,15461,294.99,180
1753547056833,16:24:16.833,AAVE/USDT:USDT,294.97,17795,294.96,1461,294.98,15461,294.99,180
1753547057014,16:24:17.014,AAVE/USDT:USDT,294.97,17795,294.96,1461,294.98,15461,294.99,180
1753547057040,16:24:17.040,AAVE/USDT:USDT,294.97,17795,294.96,1265,294.98,15461,294.99,180
1753547057530,16:24:17.530,AAVE/USDT:USDT,294.97,17795,294.96,14363,294.98,15461,294.99,180
1753547057543,16:24:17.543,AAVE/USDT:USDT,294.96,13098,294.95,4976,294.97,7115,294.98,17504
1753547058014,16:24:18.014,AAVE/USDT:USDT,294.96,13098,294.95,6892,294.97,6977,294.98,17504
1753547058215,16:24:18.215,AAVE/USDT:USDT,294.96,13098,294.95,6892,294.97,6977,294.98,17504
1753547058238,16:24:18.238,AAVE/USDT:USDT,294.96,13098,294.95,4976,294.97,6977,294.98,17504
1753547058620,16:24:18.620,AAVE/USDT:USDT,294.96,13098,294.95,4976,294.97,6977,294.98,17504
1753547058620,16:24:18.620,AAVE/USDT:USDT,294.96,13098,294.95,4976,294.97,6977,294.98,17504
1753547059036,16:24:19.036,AAVE/USDT:USDT,294.96,13098,294.95,4976,294.97,6977,294.98,17504
1753547059036,16:24:19.036,AAVE/USDT:USDT,294.96,13098,294.95,4976,294.97,6977,294.98,17504
1753547059439,16:24:19.439,AAVE/USDT:USDT,294.96,13098,294.95,4976,294.97,6977,294.98,17504
1753547059439,16:24:19.439,AAVE/USDT:USDT,294.96,13098,294.95,4976,294.97,6977,294.98,17504
1753547059821,16:24:19.821,AAVE/USDT:USDT,294.96,13098,294.95,4976,294.97,6977,294.98,17504
1753547060236,16:24:20.236,AAVE/USDT:USDT,294.96,13098,294.95,4976,294.97,6977,294.98,17504
1753547060236,16:24:20.236,AAVE/USDT:USDT,294.96,13098,294.95,7179,294.97,6977,294.98,17504
1753547060640,16:24:20.640,AAVE/USDT:USDT,294.96,13098,294.95,7179,294.97,6977,294.98,23435
1753547060640,16:24:20.640,AAVE/USDT:USDT,294.96,13098,294.95,4976,294.97,6977,294.98,23435
1753547061018,16:24:21.018,AAVE/USDT:USDT,294.96,13098,294.95,4976,294.97,6977,294.98,17504
1753547061435,16:24:21.435,AAVE/USDT:USDT,294.96,13098,294.95,4976,294.97,6977,294.98,17504
1753547061435,16:24:21.435,AAVE/USDT:USDT,294.96,13098,294.95,4976,294.97,6977,294.98,17504
1753547061839,16:24:21.839,AAVE/USDT:USDT,294.96,13098,294.95,4976,294.97,6977,294.98,17504
1753547061839,16:24:21.839,AAVE/USDT:USDT,294.96,13098,294.95,4976,294.97,6977,294.98,17504
1753547062318,16:24:22.318,AAVE/USDT:USDT,294.96,13098,294.95,4976,294.97,6977,294.98,17504
1753547062331,16:24:22.331,AAVE/USDT:USDT,294.96,13098,294.95,4976,294.97,6977,294.98,17504
1753547062836,16:24:22.836,AAVE/USDT:USDT,294.96,13098,294.95,4976,294.97,6977,294.98,17504
1753547063016,16:24:23.016,AAVE/USDT:USDT,294.96,11381,294.95,4976,294.97,6977,294.98,25203
1753547063038,16:24:23.038,AAVE/USDT:USDT,294.96,11381,294.95,4976,294.97,6977,294.98,25203
1753547063533,16:24:23.533,AAVE/USDT:USDT,294.96,11381,294.95,4976,294.97,6977,294.98,23139
1753547063547,16:24:23.547,AAVE/USDT:USDT,294.97,9619,294.96,3745,294.98,5635,294.99,173
1753547063837,16:24:23.837,AAVE/USDT:USDT,294.97,9619,294.96,3745,294.98,5635,294.99,173
1753547064241,16:24:24.241,AAVE/USDT:USDT,294.97,9619,294.96,3745,294.98,5635,294.99,217
1753547064241,16:24:24.241,AAVE/USDT:USDT,294.97,9619,294.96,3745,294.98,5635,294.99,217
1753547064623,16:24:24.623,AAVE/USDT:USDT,294.97,9619,294.96,3745,294.98,5635,294.99,173
1753547065036,16:24:25.036,AAVE/USDT:USDT,294.97,9619,294.96,4613,294.98,5635,294.99,173
1753547065036,16:24:25.036,AAVE/USDT:USDT,294.97,9619,294.96,4613,294.98,5635,294.99,173
1753547065440,16:24:25.440,AAVE/USDT:USDT,294.97,9619,294.96,3745,294.98,5635,294.99,173
1753547065440,16:24:25.440,AAVE/USDT:USDT,294.97,9619,294.96,3745,294.98,5635,294.99,173
1753547065819,16:24:25.819,AAVE/USDT:USDT,294.97,9619,294.96,3745,294.98,5635,294.99,173
1753547066236,16:24:26.236,AAVE/USDT:USDT,294.97,9619,294.96,3745,294.98,5635,294.99,173
1753547066236,16:24:26.236,AAVE/USDT:USDT,294.97,9619,294.96,3745,294.98,5635,294.99,173
1753547066640,16:24:26.640,AAVE/USDT:USDT,294.97,9619,294.96,3745,294.98,5635,294.99,300
1753547066640,16:24:26.640,AAVE/USDT:USDT,294.97,9619,294.96,3745,294.98,5635,294.99,300
1753547067021,16:24:27.021,AAVE/USDT:USDT,294.97,9619,294.96,3745,294.98,5635,294.99,173
1753547067436,16:24:27.436,AAVE/USDT:USDT,294.97,9619,294.96,3745,294.98,5635,294.99,173
1753547067436,16:24:27.436,AAVE/USDT:USDT,294.97,9619,294.96,3745,294.98,5635,294.99,173
1753547067839,16:24:27.839,AAVE/USDT:USDT,294.97,9619,294.96,3745,294.98,5635,294.99,173
1753547067839,16:24:27.839,AAVE/USDT:USDT,294.97,9619,294.96,3745,294.98,5635,294.99,173
1753547068322,16:24:28.322,AAVE/USDT:USDT,294.97,9619,294.96,3745,294.98,5635,294.99,173
1753547068341,16:24:28.341,AAVE/USDT:USDT,294.97,9619,294.96,3745,294.98,5635,294.99,173
1753547068638,16:24:28.638,AAVE/USDT:USDT,294.97,9619,294.96,3745,294.98,5635,294.99,173
1753547069019,16:24:29.019,AAVE/USDT:USDT,294.97,9619,294.96,3745,294.98,5635,294.99,173
1753547069041,16:24:29.041,AAVE/USDT:USDT,294.97,9619,294.96,3745,294.98,5635,294.99,173
1753547069535,16:24:29.535,AAVE/USDT:USDT,294.97,9619,294.96,3745,294.98,10557,294.99,173
1753547069547,16:24:29.547,AAVE/USDT:USDT,294.97,11920,294.96,2547,294.98,4922,294.99,217
1753547069837,16:24:29.837,AAVE/USDT:USDT,294.97,11920,294.96,2547,294.98,4922,294.99,217
1753547070239,16:24:30.239,AAVE/USDT:USDT,294.97,11546,294.96,2547,294.98,4922,294.99,217
1753547070239,16:24:30.239,AAVE/USDT:USDT,294.97,11546,294.96,2547,294.98,4922,294.99,217
1753547070624,16:24:30.624,AAVE/USDT:USDT,294.97,11546,294.96,2547,294.98,4922,294.99,217
1753547071037,16:24:31.037,AAVE/USDT:USDT,294.97,11546,294.96,3609,294.98,4922,294.99,217
1753547071037,16:24:31.037,AAVE/USDT:USDT,294.97,11546,294.96,3609,294.98,4922,294.99,217
1753547071441,16:24:31.441,AAVE/USDT:USDT,294.97,11546,294.96,2547,294.98,4922,294.99,323
1753547071441,16:24:31.441,AAVE/USDT:USDT,294.97,11546,294.96,2547,294.98,4922,294.99,323
1753547071822,16:24:31.822,AAVE/USDT:USDT,294.97,11546,294.96,2547,294.98,4922,294.99,217
1753547072237,16:24:32.237,AAVE/USDT:USDT,294.97,11546,294.96,2547,294.98,4922,294.99,217
1753547072292,16:24:32.292,AAVE/USDT:USDT,295.03,27182,295.02,28350,295.04,24372,295.05,56310
1753547072619,16:24:32.619,AAVE/USDT:USDT,295.03,27182,295.02,28350,295.04,24372,295.05,56310
1753547073023,16:24:33.023,AAVE/USDT:USDT,295.03,27182,295.02,28350,295.04,24372,295.05,56310
1753547073023,16:24:33.023,AAVE/USDT:USDT,295.03,27182,295.02,28350,295.04,24372,295.05,56310
1753547073437,16:24:33.437,AAVE/USDT:USDT,295.03,27182,295.02,28350,295.04,24372,295.05,56310
1753547073437,16:24:33.437,AAVE/USDT:USDT,295.03,27182,295.02,28350,295.04,24372,295.05,56310
1753547073840,16:24:33.840,AAVE/USDT:USDT,295.03,27182,295.02,28350,295.04,24372,295.05,56378
1753547073840,16:24:33.840,AAVE/USDT:USDT,295.03,27182,295.02,28350,295.04,24372,295.05,56378
1753547074327,16:24:34.327,AAVE/USDT:USDT,295.03,27182,295.02,28350,295.04,22655,295.05,56310
1753547074412,16:24:34.412,AAVE/USDT:USDT,295.03,27182,295.02,28350,295.04,22655,295.05,56310
1753547074638,16:24:34.638,AAVE/USDT:USDT,295.03,27182,295.02,28350,295.04,22655,295.05,56310
1753547075041,16:24:35.041,AAVE/USDT:USDT,295.03,27182,295.02,28350,295.04,22655,295.05,56310
1753547075041,16:24:35.041,AAVE/USDT:USDT,295.03,27182,295.02,28350,295.04,22655,295.05,56310
1753547075424,16:24:35.424,AAVE/USDT:USDT,295.03,27182,295.02,28350,295.04,22655,295.05,56310
1753547075836,16:24:35.836,AAVE/USDT:USDT,295.03,27182,295.02,28350,295.04,22655,295.05,56310
1753547075836,16:24:35.836,AAVE/USDT:USDT,295.03,27182,295.02,28350,295.04,22655,295.05,56310
1753547076241,16:24:36.241,AAVE/USDT:USDT,295.03,27182,295.02,28350,295.04,22655,295.05,56310
1753547076627,16:24:36.627,AAVE/USDT:USDT,295.03,27182,295.02,28350,295.04,22655,295.05,56310
1753547076627,16:24:36.627,AAVE/USDT:USDT,295.03,27182,295.02,28350,295.04,22655,295.05,56310
1753547077037,16:24:37.037,AAVE/USDT:USDT,295.03,27182,295.02,32764,295.04,22655,295.05,56310
1753547077037,16:24:37.037,AAVE/USDT:USDT,295.03,27182,295.02,32764,295.04,22655,295.05,56310
1753547077441,16:24:37.441,AAVE/USDT:USDT,295.03,27182,295.02,28350,295.04,22655,295.05,56310
1753547077549,16:24:37.549,AAVE/USDT:USDT,295.04,12046,295.03,11125,295.05,6814,295.06,6611
1753547078237,16:24:38.237,AAVE/USDT:USDT,295.04,12046,295.03,13172,295.05,6814,295.06,6611
1753547078237,16:24:38.237,AAVE/USDT:USDT,295.04,12046,295.03,13172,295.05,6814,295.06,6611
1753547078641,16:24:38.641,AAVE/USDT:USDT,295.04,12046,295.03,11125,295.05,6814,295.06,9095
1753547078641,16:24:38.641,AAVE/USDT:USDT,295.04,12046,295.03,11125,295.05,6814,295.06,9095
1753547079024,16:24:39.024,AAVE/USDT:USDT,295.04,12046,295.03,11125,295.05,6814,295.06,6611
1753547079437,16:24:39.437,AAVE/USDT:USDT,295.04,12046,295.03,11125,295.05,6814,295.06,6611
1753547079437,16:24:39.437,AAVE/USDT:USDT,295.04,12046,295.03,11125,295.05,6814,295.06,6611
1753547079842,16:24:39.842,AAVE/USDT:USDT,295.04,12046,295.03,11125,295.05,6814,295.06,6611
1753547079842,16:24:39.842,AAVE/USDT:USDT,295.04,12046,295.03,11125,295.05,6814,295.06,6611
1753547080327,16:24:40.327,AAVE/USDT:USDT,295.04,12046,295.03,11125,295.05,6814,295.06,6611
1753547080340,16:24:40.340,AAVE/USDT:USDT,295.04,12046,295.03,11125,295.05,6814,295.06,6611
1753547080640,16:24:40.640,AAVE/USDT:USDT,295.04,12046,295.03,11125,295.05,6814,295.06,6611
1753547081041,16:24:41.041,AAVE/USDT:USDT,295.04,12046,295.03,11125,295.05,6814,295.06,6611
1753547081041,16:24:41.041,AAVE/USDT:USDT,295.04,12046,295.03,11125,295.05,6814,295.06,6611
1753547081425,16:24:41.425,AAVE/USDT:USDT,295.04,12046,295.03,11125,295.05,6814,295.06,6611
1753547081837,16:24:41.837,AAVE/USDT:USDT,295.04,12046,295.03,11125,295.05,6814,295.06,6611
1753547081837,16:24:41.837,AAVE/USDT:USDT,295.04,12046,295.03,11125,295.05,6814,295.06,6611
1753547082240,16:24:42.240,AAVE/USDT:USDT,295.04,12046,295.03,11125,295.05,6814,295.06,6611
1753547082241,16:24:42.241,AAVE/USDT:USDT,295.04,12046,295.03,11125,295.05,6814,295.06,6611
1753547082627,16:24:42.627,AAVE/USDT:USDT,295.04,12046,295.03,11125,295.05,6814,295.06,6611
1753547083038,16:24:43.038,AAVE/USDT:USDT,295.04,12046,295.03,11125,295.05,6814,295.06,6611
1753547083038,16:24:43.038,AAVE/USDT:USDT,295.04,12046,295.03,11125,295.05,6814,295.06,6611
1753547083441,16:24:43.441,AAVE/USDT:USDT,295.04,12046,295.03,11125,295.05,6814,295.06,6611
1753547083550,16:24:43.550,AAVE/USDT:USDT,295.05,13408,295.04,5784,295.06,7692,295.07,939
1753547084237,16:24:44.237,AAVE/USDT:USDT,295.05,13408,295.04,5784,295.06,7692,295.07,939
1753547084237,16:24:44.237,AAVE/USDT:USDT,295.05,13408,295.04,5784,295.06,7692,295.07,939
1753547084640,16:24:44.640,AAVE/USDT:USDT,295.05,13408,295.04,5784,295.06,7692,295.07,939
1753547084640,16:24:44.640,AAVE/USDT:USDT,295.05,13408,295.04,5784,295.06,7692,295.07,939
1753547085026,16:24:45.026,AAVE/USDT:USDT,295.05,13408,295.04,5784,295.06,7692,295.07,939
1753547085437,16:24:45.437,AAVE/USDT:USDT,295.05,13408,295.04,5784,295.06,7692,295.07,939
1753547085437,16:24:45.437,AAVE/USDT:USDT,295.05,13408,295.04,5784,295.06,7692,295.07,939
1753547085840,16:24:45.840,AAVE/USDT:USDT,295.05,13408,295.04,5784,295.06,7573,295.07,1253
1753547085840,16:24:45.840,AAVE/USDT:USDT,295.05,13408,295.04,5784,295.06,7573,295.07,1253
1753547086326,16:24:46.326,AAVE/USDT:USDT,295.05,11762,295.04,5784,295.06,7573,295.07,939
1753547086346,16:24:46.346,AAVE/USDT:USDT,295.05,11762,295.04,5784,295.06,7573,295.07,939
1753547086639,16:24:46.639,AAVE/USDT:USDT,295.05,11762,295.04,7243,295.06,7573,295.07,939
1753547087025,16:24:47.025,AAVE/USDT:USDT,295.05,11762,295.04,7243,295.06,7573,295.07,1293
1753547087115,16:24:47.115,AAVE/USDT:USDT,295.05,11762,295.04,5784,295.06,7573,295.07,1293
1753547087513,16:24:47.513,AAVE/USDT:USDT,295.05,11762,295.04,5784,295.06,7573,295.07,939
1753547087838,16:24:47.838,AAVE/USDT:USDT,295.05,11762,295.04,5784,295.06,7573,295.07,939
1753547088241,16:24:48.241,AAVE/USDT:USDT,295.05,11762,295.04,5784,295.06,7573,295.07,939
1753547088241,16:24:48.241,AAVE/USDT:USDT,295.05,11762,295.04,5784,295.06,7573,295.07,939
1753547088627,16:24:48.627,AAVE/USDT:USDT,295.05,11762,295.04,5784,295.06,7573,295.07,939
1753547089037,16:24:49.037,AAVE/USDT:USDT,295.05,11762,295.04,5784,295.06,7573,295.07,939
1753547089037,16:24:49.037,AAVE/USDT:USDT,295.05,11762,295.04,5784,295.06,7573,295.07,939
1753547089441,16:24:49.441,AAVE/USDT:USDT,295.05,11762,295.04,5784,295.06,7573,295.07,939
1753547089551,16:24:49.551,AAVE/USDT:USDT,295.07,58599,295.06,103,295.08,13671,295.09,7320
1753547090237,16:24:50.237,AAVE/USDT:USDT,295.07,58599,295.06,103,295.08,13671,295.09,7320
1753547090237,16:24:50.237,AAVE/USDT:USDT,295.07,58599,295.06,103,295.08,13671,295.09,7320
1753547090642,16:24:50.642,AAVE/USDT:USDT,295.07,58599,295.06,103,295.08,13671,295.09,10824
1753547090642,16:24:50.642,AAVE/USDT:USDT,295.07,58599,295.06,103,295.08,13671,295.09,10824
1753547091026,16:24:51.026,AAVE/USDT:USDT,295.07,58599,295.06,103,295.08,13671,295.09,7320
1753547091424,16:24:51.424,AAVE/USDT:USDT,295.07,58599,295.06,103,295.08,13671,295.09,7320
1753547091439,16:24:51.439,AAVE/USDT:USDT,295.07,58599,295.06,103,295.08,13671,295.09,7320
1753547091825,16:24:51.825,AAVE/USDT:USDT,295.07,58599,295.06,103,295.08,13671,295.09,9107
1753547091841,16:24:51.841,AAVE/USDT:USDT,295.07,58599,295.06,103,295.08,13671,295.09,9107
1753547092228,16:24:52.228,AAVE/USDT:USDT,295.07,58599,295.06,103,295.08,13671,295.09,7320
1753547092228,16:24:52.228,AAVE/USDT:USDT,295.07,58599,295.06,103,295.08,13671,295.09,7320
1753547092716,16:24:52.716,AAVE/USDT:USDT,295.07,58599,295.06,103,295.08,13671,295.09,7320
1753547092867,16:24:52.867,AAVE/USDT:USDT,295.07,58599,295.06,103,295.08,13671,295.09,7320
1753547093117,16:24:53.117,AAVE/USDT:USDT,295.07,58599,295.06,103,295.08,13671,295.09,7320
1753547093117,16:24:53.117,AAVE/USDT:USDT,295.07,58599,295.06,103,295.08,13671,295.09,7320
1753547093426,16:24:53.426,AAVE/USDT:USDT,295.07,58599,295.06,103,295.08,13671,295.09,7320
1753547093912,16:24:53.912,AAVE/USDT:USDT,295.07,58599,295.06,103,295.08,13671,295.09,7320
1753547093912,16:24:53.912,AAVE/USDT:USDT,295.07,58599,295.06,103,295.08,13671,295.09,7320
1753547094317,16:24:54.317,AAVE/USDT:USDT,295.07,58599,295.06,103,295.08,13671,295.09,7320
1753547094317,16:24:54.317,AAVE/USDT:USDT,295.07,58599,295.06,103,295.08,13671,295.09,7320
1753547094626,16:24:54.626,AAVE/USDT:USDT,295.07,58599,295.06,103,295.08,13671,295.09,7320
1753547095113,16:24:55.113,AAVE/USDT:USDT,295.07,58599,295.06,138,295.08,13671,295.09,7320
1753547095113,16:24:55.113,AAVE/USDT:USDT,295.07,58599,295.06,138,295.08,13671,295.09,7320
1753547095519,16:24:55.519,AAVE/USDT:USDT,295.07,58599,295.06,103,295.08,13671,295.09,9305
1753547095553,16:24:55.553,AAVE/USDT:USDT,295.09,16015,295.08,15943,295.1,5465,295.11,107
1753547096314,16:24:56.314,AAVE/USDT:USDT,295.09,16015,295.08,15943,295.1,5465,295.11,107
1753547096314,16:24:56.314,AAVE/USDT:USDT,295.09,16015,295.08,20142,295.1,5465,295.11,107
1753547096717,16:24:56.717,AAVE/USDT:USDT,295.09,16015,295.08,20142,295.1,5465,295.11,107
1753547096717,16:24:56.717,AAVE/USDT:USDT,295.09,16015,295.08,15943,295.1,5465,295.11,107
1753547097028,16:24:57.028,AAVE/USDT:USDT,295.09,16015,295.08,15943,295.1,5465,295.11,107
1753547097429,16:24:57.429,AAVE/USDT:USDT,295.09,16015,295.08,15943,295.1,5465,295.11,107
1753547097514,16:24:57.514,AAVE/USDT:USDT,295.09,16015,295.08,21580,295.1,5465,295.11,107
1753547097919,16:24:57.919,AAVE/USDT:USDT,295.09,16015,295.08,15943,295.1,5465,295.11,107
1753547097919,16:24:57.919,AAVE/USDT:USDT,295.09,16015,295.08,15943,295.1,5465,295.11,107
1753547098229,16:24:58.229,AAVE/USDT:USDT,295.09,16015,295.08,15943,295.1,5465,295.11,107
1753547098715,16:24:58.715,AAVE/USDT:USDT,295.09,16015,295.08,15943,295.1,5465,295.11,107
1753547098871,16:24:58.871,AAVE/USDT:USDT,295.09,16015,295.08,15943,295.1,5465,295.11,107
1753547099118,16:24:59.118,AAVE/USDT:USDT,295.09,16015,295.08,15943,295.1,5465,295.11,107
1753547099118,16:24:59.118,AAVE/USDT:USDT,295.09,16015,295.08,15943,295.1,5465,295.11,107
1753547099429,16:24:59.429,AAVE/USDT:USDT,295.09,16015,295.08,15943,295.1,5465,295.11,107
1753547099915,16:24:59.915,AAVE/USDT:USDT,295.09,16015,295.08,15943,295.1,5465,295.11,107
1753547099915,16:24:59.915,AAVE/USDT:USDT,295.09,16015,295.08,15943,295.1,5465,295.11,107
1753547100318,16:25:00.318,AAVE/USDT:USDT,295.09,16015,295.08,15943,295.1,5465,295.11,134
1753547100318,16:25:00.318,AAVE/USDT:USDT,295.09,16015,295.08,15943,295.1,5465,295.11,134
1753547100629,16:25:00.629,AAVE/USDT:USDT,295.09,16015,295.08,15943,295.1,5465,295.11,107
1753547101114,16:25:01.114,AAVE/USDT:USDT,295.09,16015,295.08,15943,295.1,5465,295.11,107
1753547101114,16:25:01.114,AAVE/USDT:USDT,295.09,16015,295.08,15943,295.1,5465,295.11,107
1753547101518,16:25:01.518,AAVE/USDT:USDT,295.09,16015,295.08,15943,295.1,5465,295.11,107
1753547101554,16:25:01.554,AAVE/USDT:USDT,295.08,7452,295.07,8739,295.09,13468,295.1,886
1753547102316,16:25:02.316,AAVE/USDT:USDT,295.08,7452,295.07,9836,295.09,13468,295.1,886
1753547102316,16:25:02.316,AAVE/USDT:USDT,295.08,7452,295.07,9836,295.09,13468,295.1,886
1753547102719,16:25:02.719,AAVE/USDT:USDT,295.08,7452,295.07,8739,295.09,13468,295.1,1193
1753547102720,16:25:02.720,AAVE/USDT:USDT,295.08,7452,295.07,8739,295.09,13468,295.1,1193
1753547103030,16:25:03.030,AAVE/USDT:USDT,295.08,7452,295.07,8739,295.09,13468,295.1,886
1753547103435,16:25:03.435,AAVE/USDT:USDT,295.08,7452,295.07,8739,295.09,13468,295.1,886
1753547103518,16:25:03.518,AAVE/USDT:USDT,295.08,7452,295.07,12411,295.09,13468,295.1,886
1753547103919,16:25:03.919,AAVE/USDT:USDT,295.08,7452,295.07,10750,295.09,13468,295.1,886
1753547103919,16:25:03.919,AAVE/USDT:USDT,295.08,7452,295.07,8739,295.09,13468,295.1,886
1753547104230,16:25:04.230,AAVE/USDT:USDT,295.08,7452,295.07,8739,295.09,13468,295.1,886
1753547104628,16:25:04.628,AAVE/USDT:USDT,295.08,7452,295.07,8739,295.09,12468,295.1,886
1753547104716,16:25:04.716,AAVE/USDT:USDT,295.08,7452,295.07,8739,295.09,12468,295.1,886
1753547105027,16:25:05.027,AAVE/USDT:USDT,295.08,7452,295.07,8739,295.09,12468,295.1,1585
1753547105297,16:25:05.297,AAVE/USDT:USDT,295.08,7452,295.07,8739,295.09,12468,295.1,1585
1753547105311,16:25:05.311,AAVE/USDT:USDT,295.02,9283,295.01,61559,295.03,61785,295.04,14813
1753547105554,16:25:05.554,AAVE/USDT:USDT,295.02,9283,295.01,61559,295.03,61785,295.04,14813
1753547105917,16:25:05.917,AAVE/USDT:USDT,295.02,9283,295.01,61559,295.03,61785,295.04,14813
1753547106227,16:25:06.227,AAVE/USDT:USDT,294.96,16252,294.95,12769,294.97,57941,294.98,20733
1753547106420,16:25:06.420,AAVE/USDT:USDT,294.96,16252,294.95,12769,294.97,57941,294.98,20733
1753547106630,16:25:06.630,AAVE/USDT:USDT,294.96,16252,294.95,12769,294.97,57941,294.98,20733
1753547107122,16:25:07.122,AAVE/USDT:USDT,294.96,16252,294.95,12769,294.97,57941,294.98,20733
1753547107122,16:25:07.122,AAVE/USDT:USDT,294.96,16252,294.95,12769,294.97,57941,294.98,20733
1753547107528,16:25:07.528,AAVE/USDT:USDT,294.96,16252,294.95,12769,294.97,57941,294.98,26981
1753547107528,16:25:07.528,AAVE/USDT:USDT,294.96,16252,294.95,12769,294.97,57941,294.98,26981
1753547107831,16:25:07.831,AAVE/USDT:USDT,294.96,16252,294.95,12769,294.97,57941,294.98,20733
1753547108290,16:25:08.290,AAVE/USDT:USDT,294.96,16124,294.95,12769,294.97,57941,294.98,20733
1753547108322,16:25:08.322,AAVE/USDT:USDT,294.96,16124,294.95,12943,294.97,57941,294.98,20733
1753547108726,16:25:08.726,AAVE/USDT:USDT,294.96,16124,294.95,12825,294.97,57941,294.98,27461
1753547108761,16:25:08.761,AAVE/USDT:USDT,294.96,16124,294.95,12769,294.97,57941,294.98,27461
1753547109188,16:25:09.188,AAVE/USDT:USDT,294.96,16124,294.95,12769,294.97,57941,294.98,20733
1753547109425,16:25:09.425,AAVE/USDT:USDT,294.96,16124,294.95,12769,294.97,57941,294.98,20733
1753547109523,16:25:09.523,AAVE/USDT:USDT,294.96,16124,294.95,12769,294.97,57941,294.98,20733
1753547109825,16:25:09.825,AAVE/USDT:USDT,294.96,16124,294.95,12769,294.97,57941,294.98,20733
1753547109926,16:25:09.926,AAVE/USDT:USDT,294.96,16124,294.95,12769,294.97,57941,294.98,20733
1753547110231,16:25:10.231,AAVE/USDT:USDT,294.96,16124,294.95,12769,294.97,57941,294.98,20733
1753547110231,16:25:10.231,AAVE/USDT:USDT,294.96,16124,294.95,12769,294.97,57941,294.98,20733
1753547110659,16:25:10.659,AAVE/USDT:USDT,294.96,15711,294.95,12769,294.97,57941,294.98,20733
1753547110869,16:25:10.869,AAVE/USDT:USDT,294.96,15711,294.95,12769,294.97,57941,294.98,20733
1753547111028,16:25:11.028,AAVE/USDT:USDT,294.96,15711,294.95,12769,294.97,57941,294.98,20733
1753547111130,16:25:11.130,AAVE/USDT:USDT,294.96,15711,294.95,12769,294.97,57941,294.98,20733
1753547111544,16:25:11.544,AAVE/USDT:USDT,294.96,15711,294.95,12769,294.97,57941,294.98,20733
1753547111671,16:25:11.671,AAVE/USDT:USDT,294.91,9013,294.9,1681,294.92,12300,294.93,8978
1753547111923,16:25:11.923,AAVE/USDT:USDT,294.91,9013,294.9,1681,294.92,12300,294.93,8978
1753547112327,16:25:12.327,AAVE/USDT:USDT,294.91,9013,294.9,1681,294.92,12300,294.93,8978
1753547112631,16:25:12.631,AAVE/USDT:USDT,294.91,9013,294.9,1681,294.92,12300,294.93,8978
1753547112631,16:25:12.631,AAVE/USDT:USDT,294.91,9013,294.9,1681,294.92,12300,294.93,8978
1753547113123,16:25:13.123,AAVE/USDT:USDT,294.91,9013,294.9,1681,294.92,12300,294.93,8978
1753547113123,16:25:13.123,AAVE/USDT:USDT,294.91,9013,294.9,1681,294.92,12300,294.93,8978
1753547113528,16:25:13.528,AAVE/USDT:USDT,294.91,9013,294.9,1681,294.92,12300,294.93,8978
1753547113528,16:25:13.528,AAVE/USDT:USDT,294.91,9013,294.9,1681,294.92,12300,294.93,8978
1753547113831,16:25:13.831,AAVE/USDT:USDT,294.91,9013,294.9,1681,294.92,12300,294.93,8978
1753547114322,16:25:14.322,AAVE/USDT:USDT,294.91,9013,294.9,2439,294.92,12300,294.93,8978
1753547114322,16:25:14.322,AAVE/USDT:USDT,294.91,9013,294.9,2857,294.92,12300,294.93,8978
1753547114630,16:25:14.630,AAVE/USDT:USDT,294.85,12518,294.84,5739,294.86,34711,294.87,24674
1753547115031,16:25:15.031,AAVE/USDT:USDT,294.85,12518,294.84,5739,294.86,34711,294.87,16805
1753547115031,16:25:15.031,AAVE/USDT:USDT,294.85,12518,294.84,5739,294.86,34711,294.87,16805
1753547115530,16:25:15.530,AAVE/USDT:USDT,294.85,12518,294.84,5739,294.86,34711,294.87,16805
1753547115530,16:25:15.530,AAVE/USDT:USDT,294.85,12518,294.84,5739,294.86,34711,294.87,16805
1753547115927,16:25:15.927,AAVE/USDT:USDT,294.85,12518,294.84,5739,294.86,34711,294.87,21675
1753547116231,16:25:16.231,AAVE/USDT:USDT,294.85,12518,294.84,5739,294.86,34711,294.87,21675
1753547116231,16:25:16.231,AAVE/USDT:USDT,294.85,12518,294.84,5739,294.86,34711,294.87,16805
1753547116724,16:25:16.724,AAVE/USDT:USDT,294.85,12518,294.84,6282,294.86,34711,294.87,16805
1753547116886,16:25:16.886,AAVE/USDT:USDT,294.85,12518,294.84,6282,294.86,34711,294.87,16805
1753547117129,16:25:17.129,AAVE/USDT:USDT,294.85,12518,294.84,5739,294.86,34711,294.87,16805
1753547117129,16:25:17.129,AAVE/USDT:USDT,294.85,12518,294.84,5739,294.86,34711,294.87,16805
1753547117498,16:25:17.498,AAVE/USDT:USDT,294.85,12134,294.84,5739,294.86,34711,294.87,16805
1753547117927,16:25:17.927,AAVE/USDT:USDT,294.85,12134,294.84,5739,294.86,34711,294.87,16805
1753547117927,16:25:17.927,AAVE/USDT:USDT,294.85,12134,294.84,5739,294.86,34711,294.87,16805
1753547118328,16:25:18.328,AAVE/USDT:USDT,294.85,11664,294.84,5739,294.86,34711,294.87,19696
1753547118328,16:25:18.328,AAVE/USDT:USDT,294.85,11664,294.84,5739,294.86,34711,294.87,19696
1753547118631,16:25:18.631,AAVE/USDT:USDT,294.85,11664,294.84,5739,294.86,34711,294.87,16805
1753547119124,16:25:19.124,AAVE/USDT:USDT,294.85,11664,294.84,6573,294.86,34711,294.87,16805
1753547119238,16:25:19.238,AAVE/USDT:USDT,294.85,2384,294.84,6573,294.86,34711,294.87,16805
1753547119529,16:25:19.529,AAVE/USDT:USDT,294.85,2384,294.84,5739,294.86,34711,294.87,16805
1753547119529,16:25:19.529,AAVE/USDT:USDT,294.85,2384,294.84,5739,294.86,34711,294.87,16805
1753547119832,16:25:19.832,AAVE/USDT:USDT,294.85,2299,294.84,5739,294.86,34711,294.87,16805
1753547120325,16:25:20.325,AAVE/USDT:USDT,294.85,2299,294.84,5969,294.86,34711,294.87,16805
1753547120517,16:25:20.517,AAVE/USDT:USDT,294.85,2299,294.84,6302,294.86,34711,294.87,16805
1753547120633,16:25:20.633,AAVE/USDT:USDT,294.84,10522,294.83,1441,294.85,12557,294.86,8157
1753547121033,16:25:21.033,AAVE/USDT:USDT,294.84,10522,294.83,1441,294.85,12557,294.86,7286
1753547121033,16:25:21.033,AAVE/USDT:USDT,294.84,10522,294.83,1441,294.85,12557,294.86,7286
1753547121525,16:25:21.525,AAVE/USDT:USDT,294.84,10522,294.83,1441,294.85,12557,294.86,7286
1753547121525,16:25:21.525,AAVE/USDT:USDT,294.84,10522,294.83,1441,294.85,12557,294.86,7286
1753547121928,16:25:21.928,AAVE/USDT:USDT,294.84,10522,294.83,1441,294.85,12557,294.86,9938
1753547121928,16:25:21.928,AAVE/USDT:USDT,294.84,10522,294.83,1441,294.85,12557,294.86,9938
1753547122233,16:25:22.233,AAVE/USDT:USDT,294.84,10522,294.83,1441,294.85,12557,294.86,7286
1753547122725,16:25:22.725,AAVE/USDT:USDT,294.84,10522,294.83,1911,294.85,12557,294.86,7286
1753547122887,16:25:22.887,AAVE/USDT:USDT,294.84,10522,294.83,1911,294.85,12557,294.86,7286
1753547123129,16:25:23.129,AAVE/USDT:USDT,294.84,10522,294.83,1441,294.85,12557,294.86,7286
1753547123129,16:25:23.129,AAVE/USDT:USDT,294.84,10522,294.83,1441,294.85,12557,294.86,7286
1753547123433,16:25:23.433,AAVE/USDT:USDT,294.84,10522,294.83,1441,294.85,12557,294.86,7286
1753547123926,16:25:23.926,AAVE/USDT:USDT,294.84,10522,294.83,1441,294.85,12557,294.86,7286
1753547123926,16:25:23.926,AAVE/USDT:USDT,294.84,10522,294.83,2136,294.85,12557,294.86,7286
1753547124330,16:25:24.330,AAVE/USDT:USDT,294.84,10522,294.83,2136,294.85,12557,294.86,7286
1753547124330,16:25:24.330,AAVE/USDT:USDT,294.84,10522,294.83,1441,294.85,12557,294.86,7286
1753547124634,16:25:24.634,AAVE/USDT:USDT,294.84,10522,294.83,1441,294.85,12557,294.86,7286
1753547125127,16:25:25.127,AAVE/USDT:USDT,294.84,10522,294.83,1441,294.85,12557,294.86,7286
1753547125127,16:25:25.127,AAVE/USDT:USDT,294.84,10522,294.83,1441,294.85,12557,294.86,7286
1753547125530,16:25:25.530,AAVE/USDT:USDT,294.84,10522,294.83,1441,294.85,12557,294.86,7286
1753547125530,16:25:25.530,AAVE/USDT:USDT,294.84,10522,294.83,1441,294.85,12557,294.86,7286
1753547125832,16:25:25.832,AAVE/USDT:USDT,294.84,10522,294.83,1441,294.85,12557,294.86,7286
1753547126327,16:25:26.327,AAVE/USDT:USDT,294.84,10522,294.83,1441,294.85,12557,294.86,7286
1753547126524,16:25:26.524,AAVE/USDT:USDT,294.84,10522,294.83,1790,294.85,12557,294.86,7286
1753547126630,16:25:26.630,AAVE/USDT:USDT,294.84,14392,294.83,2090,294.85,7641,294.86,3727
1753547127033,16:25:27.033,AAVE/USDT:USDT,294.84,14392,294.83,2090,294.85,7641,294.86,3285
1753547127033,16:25:27.033,AAVE/USDT:USDT,294.84,14392,294.83,2090,294.85,7641,294.86,3285
1753547127533,16:25:27.533,AAVE/USDT:USDT,294.84,14392,294.83,2090,294.85,7641,294.86,3285
1753547127533,16:25:27.533,AAVE/USDT:USDT,294.84,14392,294.83,2453,294.85,7641,294.86,3285
1753547127999,16:25:27.999,AAVE/USDT:USDT,294.84,14392,294.83,2090,294.85,7641,294.86,4916
1753547128132,16:25:28.132,AAVE/USDT:USDT,294.96,6170,294.95,2526,294.97,9015,294.98,32661
1753547128727,16:25:28.727,AAVE/USDT:USDT,294.96,6170,294.95,2526,294.97,9015,294.98,32661
1753547128889,16:25:28.889,AAVE/USDT:USDT,294.96,6170,294.95,2526,294.97,9015,294.98,32661
1753547129176,16:25:29.176,AAVE/USDT:USDT,294.96,6170,294.95,2526,294.97,9015,294.98,32904
1753547129433,16:25:29.433,AAVE/USDT:USDT,294.96,6170,294.95,2526,294.97,9015,294.98,32904
1753547129433,16:25:29.433,AAVE/USDT:USDT,294.96,6170,294.95,2526,294.97,9015,294.98,32661
1753547129706,16:25:29.706,AAVE/USDT:USDT,294.88,48905,294.87,11249,294.92,20189,294.93,27732
1753547129927,16:25:29.927,AAVE/USDT:USDT,294.88,48905,294.87,11249,294.92,20189,294.93,27732
1753547130331,16:25:30.331,AAVE/USDT:USDT,294.88,48905,294.87,11249,294.92,20189,294.93,31814
1753547130331,16:25:30.331,AAVE/USDT:USDT,294.88,48905,294.87,11249,294.92,20189,294.93,31814
1753547130638,16:25:30.638,AAVE/USDT:USDT,294.88,48905,294.87,11249,294.92,20189,294.93,27732
1753547131127,16:25:31.127,AAVE/USDT:USDT,294.88,48905,294.87,11249,294.92,20189,294.93,27732
1753547131127,16:25:31.127,AAVE/USDT:USDT,294.88,48905,294.87,11249,294.92,20189,294.93,27732
1753547131531,16:25:31.531,AAVE/USDT:USDT,294.88,48905,294.87,11249,294.92,20189,294.93,27732
1753547131531,16:25:31.531,AAVE/USDT:USDT,294.88,48905,294.87,11249,294.92,20189,294.93,27732
1753547131835,16:25:31.835,AAVE/USDT:USDT,294.88,48905,294.87,11249,294.92,20189,294.93,27732
1753547132328,16:25:32.328,AAVE/USDT:USDT,294.88,48905,294.87,11249,294.92,20189,294.93,27732
1753547132525,16:25:32.525,AAVE/USDT:USDT,294.88,48905,294.87,11249,294.92,20189,294.93,27732
1753547132730,16:25:32.730,AAVE/USDT:USDT,294.88,48905,294.87,11249,294.92,20189,294.93,27732
1753547132730,16:25:32.730,AAVE/USDT:USDT,294.88,48905,294.87,11249,294.92,20189,294.93,27732
1753547133035,16:25:33.035,AAVE/USDT:USDT,294.88,48905,294.87,11249,294.92,20189,294.93,27732
1753547133528,16:25:33.528,AAVE/USDT:USDT,294.88,48905,294.87,11249,294.92,20189,294.93,27732
1753547133528,16:25:33.528,AAVE/USDT:USDT,294.88,48905,294.87,11263,294.92,20189,294.93,27732
1753547133934,16:25:33.934,AAVE/USDT:USDT,294.88,48905,294.87,11263,294.92,20189,294.93,27732
1753547133934,16:25:33.934,AAVE/USDT:USDT,294.88,48905,294.87,11249,294.92,20189,294.93,27732
1753547134275,16:25:34.275,AAVE/USDT:USDT,294.88,48905,294.87,11249,294.92,19189,294.93,27732
1753547134727,16:25:34.727,AAVE/USDT:USDT,294.88,48905,294.87,11283,294.92,19189,294.93,27732
1753547134894,16:25:34.894,AAVE/USDT:USDT,294.88,48905,294.87,11283,294.92,19189,294.93,27732
1753547135130,16:25:35.130,AAVE/USDT:USDT,294.88,48905,294.87,11249,294.92,19189,294.93,27732
1753547135130,16:25:35.130,AAVE/USDT:USDT,294.88,48905,294.87,11249,294.92,19189,294.93,27732
1753547135547,16:25:35.547,AAVE/USDT:USDT,294.88,48905,294.87,11249,294.89,11768,294.92,19189
1753547135616,16:25:35.616,AAVE/USDT:USDT,294.88,14951,294.87,165,294.89,11768,294.9,10666
1753547135928,16:25:35.928,AAVE/USDT:USDT,294.88,14951,294.87,165,294.89,11768,294.9,10666
1753547136331,16:25:36.331,AAVE/USDT:USDT,294.88,14951,294.87,165,294.89,11768,294.9,13719
1753547136331,16:25:36.331,AAVE/USDT:USDT,294.88,14951,294.87,165,294.89,11768,294.9,13719
1753547136636,16:25:36.636,AAVE/USDT:USDT,294.88,14951,294.87,165,294.89,11768,294.9,10666
1753547137127,16:25:37.127,AAVE/USDT:USDT,294.88,14951,294.87,165,294.89,11768,294.9,10666
1753547137128,16:25:37.128,AAVE/USDT:USDT,294.88,14951,294.87,219,294.89,11768,294.9,10666
1753547137531,16:25:37.531,AAVE/USDT:USDT,294.88,14951,294.87,219,294.89,11768,294.9,12454
1753547137531,16:25:37.531,AAVE/USDT:USDT,294.88,14951,294.87,165,294.89,11768,294.9,12454
1753547137836,16:25:37.836,AAVE/USDT:USDT,294.88,14951,294.87,165,294.89,11768,294.9,10666
1753547138328,16:25:38.328,AAVE/USDT:USDT,294.88,14951,294.87,165,294.89,11768,294.9,10666
1753547138531,16:25:38.531,AAVE/USDT:USDT,294.88,14951,294.87,230,294.89,11768,294.9,10666
1753547138633,16:25:38.633,AAVE/USDT:USDT,294.88,14951,294.87,230,294.89,11768,294.9,11766
1753547138731,16:25:38.731,AAVE/USDT:USDT,294.88,14951,294.87,165,294.89,11768,294.9,11766
1753547139036,16:25:39.036,AAVE/USDT:USDT,294.88,14951,294.87,165,294.89,11768,294.9,10666
1753547139331,16:25:39.331,AAVE/USDT:USDT,294.82,14476,294.81,12437,294.83,56696,294.84,18942
1753547139532,16:25:39.532,AAVE/USDT:USDT,294.82,14476,294.81,12437,294.83,56696,294.84,18942
1753547139932,16:25:39.932,AAVE/USDT:USDT,294.82,14476,294.81,12437,294.83,56696,294.84,27731
1753547140236,16:25:40.236,AAVE/USDT:USDT,294.82,14476,294.81,12437,294.83,56696,294.84,23418
1753547140236,16:25:40.236,AAVE/USDT:USDT,294.82,14476,294.81,12437,294.83,56696,294.84,18942
1753547140746,16:25:40.746,AAVE/USDT:USDT,294.82,14476,294.81,12437,294.83,56696,294.84,18942
1753547140898,16:25:40.898,AAVE/USDT:USDT,294.82,14476,294.81,12437,294.83,56696,294.84,18942
1753547141148,16:25:41.148,AAVE/USDT:USDT,294.82,14476,294.81,12437,294.83,56696,294.84,18942
1753547141149,16:25:41.149,AAVE/USDT:USDT,294.82,14476,294.81,12437,294.83,56696,294.84,18942
1753547141436,16:25:41.436,AAVE/USDT:USDT,294.82,14476,294.81,12437,294.83,56696,294.84,18942
1753547141928,16:25:41.928,AAVE/USDT:USDT,294.82,14476,294.81,12437,294.83,56696,294.84,18942
1753547141928,16:25:41.928,AAVE/USDT:USDT,294.82,14476,294.81,12437,294.83,56696,294.84,18942
1753547142331,16:25:42.331,AAVE/USDT:USDT,294.82,14476,294.81,12437,294.83,56696,294.84,18942
1753547142456,16:25:42.456,AAVE/USDT:USDT,294.82,14476,294.81,12437,294.83,56386,294.84,18942
1753547142639,16:25:42.639,AAVE/USDT:USDT,294.82,14476,294.81,12437,294.83,56386,294.84,18942
1753547143128,16:25:43.128,AAVE/USDT:USDT,294.82,14476,294.81,12437,294.83,56386,294.84,18942
1753547143128,16:25:43.128,AAVE/USDT:USDT,294.82,14476,294.81,12529,294.83,56386,294.84,18942
1753547143532,16:25:43.532,AAVE/USDT:USDT,294.82,14476,294.81,12529,294.83,56386,294.84,29110
1753547143532,16:25:43.532,AAVE/USDT:USDT,294.82,14476,294.81,12437,294.83,56386,294.84,29110
1753547143837,16:25:43.837,AAVE/USDT:USDT,294.82,14476,294.81,12437,294.83,56386,294.84,18942
1753547144328,16:25:44.328,AAVE/USDT:USDT,294.82,14476,294.81,12437,294.83,56386,294.84,18942
1753547144523,16:25:44.523,AAVE/USDT:USDT,294.82,14476,294.81,12513,294.83,56386,294.84,18942
1753547144635,16:25:44.635,AAVE/USDT:USDT,294.77,638,294.76,208,294.78,11164,294.79,8916
1753547145037,16:25:45.037,AAVE/USDT:USDT,294.77,638,294.76,208,294.78,11164,294.79,8916
1753547145037,16:25:45.037,AAVE/USDT:USDT,294.77,638,294.76,208,294.78,11164,294.79,8916
1753547145531,16:25:45.531,AAVE/USDT:USDT,294.77,638,294.76,208,294.78,11164,294.79,8916
1753547145531,16:25:45.531,AAVE/USDT:USDT,294.77,638,294.76,208,294.78,11164,294.79,8916
1753547145932,16:25:45.932,AAVE/USDT:USDT,294.77,638,294.76,208,294.78,11164,294.79,8916
1753547146239,16:25:46.239,AAVE/USDT:USDT,294.77,638,294.76,208,294.78,11164,294.79,8916
1753547146239,16:25:46.239,AAVE/USDT:USDT,294.77,638,294.76,208,294.78,11164,294.79,8916
1753547146729,16:25:46.729,AAVE/USDT:USDT,294.77,638,294.76,208,294.78,11164,294.79,8916
1753547146900,16:25:46.900,AAVE/USDT:USDT,294.77,638,294.76,208,294.78,11164,294.79,8916
1753547147131,16:25:47.131,AAVE/USDT:USDT,294.77,638,294.76,208,294.78,11164,294.79,8916
1753547147201,16:25:47.201,AAVE/USDT:USDT,294.71,30687,294.7,26922,294.72,797,294.73,20345
1753547147936,16:25:47.936,AAVE/USDT:USDT,294.71,30687,294.7,26922,294.72,797,294.73,20345
1753547147936,16:25:47.936,AAVE/USDT:USDT,294.71,30687,294.7,26922,294.72,797,294.73,20345
1753547148331,16:25:48.331,AAVE/USDT:USDT,294.71,30687,294.7,26922,294.72,797,294.73,20345
1753547148639,16:25:48.639,AAVE/USDT:USDT,294.71,30687,294.7,26922,294.72,797,294.73,20345
1753547148639,16:25:48.639,AAVE/USDT:USDT,294.71,30687,294.7,26922,294.72,797,294.73,20345
1753547149128,16:25:49.128,AAVE/USDT:USDT,294.71,30687,294.7,26922,294.72,797,294.73,20345
1753547149129,16:25:49.129,AAVE/USDT:USDT,294.71,30687,294.7,27017,294.72,797,294.73,20345
1753547149533,16:25:49.533,AAVE/USDT:USDT,294.71,30687,294.7,27017,294.72,797,294.73,20345
1753547149533,16:25:49.533,AAVE/USDT:USDT,294.71,30687,294.7,26922,294.72,797,294.73,20345
1753547149841,16:25:49.841,AAVE/USDT:USDT,294.71,30687,294.7,26922,294.72,797,294.73,20345
1753547150332,16:25:50.332,AAVE/USDT:USDT,294.71,30687,294.7,27081,294.72,797,294.73,20345
1753547150530,16:25:50.530,AAVE/USDT:USDT,294.71,30687,294.7,27081,294.72,797,294.73,20345
1753547150732,16:25:50.732,AAVE/USDT:USDT,294.71,30687,294.7,26922,294.72,797,294.73,27458
1753547151040,16:25:51.040,AAVE/USDT:USDT,294.71,30687,294.7,26922,294.72,797,294.73,27458
1753547151040,16:25:51.040,AAVE/USDT:USDT,294.71,30687,294.7,26922,294.72,797,294.73,20345
1753547151533,16:25:51.533,AAVE/USDT:USDT,294.71,30687,294.7,26922,294.72,797,294.73,20345
1753547151533,16:25:51.533,AAVE/USDT:USDT,294.71,30687,294.7,26922,294.72,797,294.73,20345
1753547151936,16:25:51.936,AAVE/USDT:USDT,294.71,30687,294.7,26922,294.72,797,294.73,20345
1753547152239,16:25:52.239,AAVE/USDT:USDT,294.71,30687,294.7,26922,294.72,797,294.73,20345
1753547152239,16:25:52.239,AAVE/USDT:USDT,294.71,30687,294.7,26922,294.72,797,294.73,20345
1753547152733,16:25:52.733,AAVE/USDT:USDT,294.69,714,294.68,164,294.7,30382,294.71,14095
1753547152733,16:25:52.733,AAVE/USDT:USDT,294.69,714,294.68,164,294.7,30382,294.71,14095
1753547153141,16:25:53.141,AAVE/USDT:USDT,294.69,714,294.68,164,294.7,30382,294.71,14095
1753547153141,16:25:53.141,AAVE/USDT:USDT,294.69,714,294.68,164,294.7,30382,294.71,14095
1753547153440,16:25:53.440,AAVE/USDT:USDT,294.69,714,294.68,164,294.7,30382,294.71,14095
1753547153933,16:25:53.933,AAVE/USDT:USDT,294.69,714,294.68,214,294.7,30382,294.71,14095
1753547153933,16:25:53.933,AAVE/USDT:USDT,294.69,714,294.68,214,294.7,30382,294.71,14095
1753547154336,16:25:54.336,AAVE/USDT:USDT,294.69,714,294.68,164,294.7,30382,294.71,14095
1753547154336,16:25:54.336,AAVE/USDT:USDT,294.69,714,294.68,164,294.7,30382,294.71,14095
1753547154644,16:25:54.644,AAVE/USDT:USDT,294.69,714,294.68,164,294.7,30382,294.71,14095
1753547155132,16:25:55.132,AAVE/USDT:USDT,294.69,714,294.68,164,294.7,30382,294.71,14095
1753547155132,16:25:55.132,AAVE/USDT:USDT,294.69,714,294.68,164,294.7,30382,294.71,14095
1753547155536,16:25:55.536,AAVE/USDT:USDT,294.69,714,294.68,164,294.7,30382,294.71,14095
1753547155536,16:25:55.536,AAVE/USDT:USDT,294.69,714,294.68,164,294.7,30382,294.71,14095
1753547155840,16:25:55.840,AAVE/USDT:USDT,294.69,714,294.68,164,294.7,30382,294.71,14095
1753547156333,16:25:56.333,AAVE/USDT:USDT,294.69,714,294.68,164,294.7,30382,294.71,14095
1753547156534,16:25:56.534,AAVE/USDT:USDT,294.69,714,294.68,164,294.7,30382,294.71,14095
1753547156638,16:25:56.638,AAVE/USDT:USDT,294.69,714,294.68,164,294.7,30382,294.71,14095
1753547156736,16:25:56.736,AAVE/USDT:USDT,294.69,714,294.68,164,294.7,30382,294.71,14095
1753547157039,16:25:57.039,AAVE/USDT:USDT,294.69,714,294.68,164,294.7,30382,294.71,14095
1753547157537,16:25:57.537,AAVE/USDT:USDT,294.69,714,294.68,164,294.7,30382,294.71,14095
1753547157537,16:25:57.537,AAVE/USDT:USDT,294.69,714,294.68,164,294.7,30382,294.71,14095
1753547157940,16:25:57.940,AAVE/USDT:USDT,294.69,714,294.68,164,294.7,30382,294.71,14095
1753547157940,16:25:57.940,AAVE/USDT:USDT,294.69,714,294.68,164,294.7,30382,294.71,14095
1753547158241,16:25:58.241,AAVE/USDT:USDT,294.69,714,294.68,164,294.7,30382,294.71,14095
1753547158732,16:25:58.732,AAVE/USDT:USDT,294.72,28274,294.71,41902,294.73,183,294.74,193
1753547158732,16:25:58.732,AAVE/USDT:USDT,294.72,28274,294.71,41902,294.73,183,294.74,193
1753547159137,16:25:59.137,AAVE/USDT:USDT,294.72,18520,294.71,41902,294.73,183,294.74,193
1753547159137,16:25:59.137,AAVE/USDT:USDT,294.72,18520,294.71,41902,294.73,183,294.74,193
1753547159441,16:25:59.441,AAVE/USDT:USDT,294.72,18520,294.71,41902,294.73,183,294.74,193
1753547159935,16:25:59.935,AAVE/USDT:USDT,294.72,18520,294.71,46300,294.73,183,294.74,193
1753547159935,16:25:59.935,AAVE/USDT:USDT,294.72,18520,294.71,57116,294.73,183,294.74,193
1753547160340,16:26:00.340,AAVE/USDT:USDT,294.72,18520,294.71,52718,294.73,183,294.74,193
1753547160340,16:26:00.340,AAVE/USDT:USDT,294.72,18520,294.71,41902,294.73,183,294.74,193
1753547160639,16:26:00.639,AAVE/USDT:USDT,294.72,18520,294.71,41902,294.73,183,294.74,193
1753547161136,16:26:01.136,AAVE/USDT:USDT,294.78,27407,294.77,20694,294.79,5469,294.8,7677
1753547161136,16:26:01.136,AAVE/USDT:USDT,294.78,27407,294.77,20694,294.79,5469,294.8,7677
1753547161539,16:26:01.539,AAVE/USDT:USDT,294.78,27407,294.77,20694,294.79,5469,294.8,7677
1753547161712,16:26:01.712,AAVE/USDT:USDT,294.78,27407,294.77,20694,294.79,5469,294.8,7677
1753547161841,16:26:01.841,AAVE/USDT:USDT,294.78,27407,294.77,20694,294.79,5469,294.8,7677
1753547162335,16:26:02.335,AAVE/USDT:USDT,294.78,27407,294.77,20694,294.79,5469,294.8,7677
1753547162497,16:26:02.497,AAVE/USDT:USDT,294.84,44675,294.83,27914,294.85,97933,294.86,72604
1753547162641,16:26:02.641,AAVE/USDT:USDT,294.84,44675,294.83,27914,294.85,97933,294.86,72604
1753547163040,16:26:03.040,AAVE/USDT:USDT,294.84,44675,294.83,27914,294.85,97933,294.86,72604
1753547163535,16:26:03.535,AAVE/USDT:USDT,294.84,44675,294.83,35150,294.85,97933,294.86,72604
1753547163535,16:26:03.535,AAVE/USDT:USDT,294.84,44675,294.83,35150,294.85,97933,294.86,72604
1753547163936,16:26:03.936,AAVE/USDT:USDT,294.84,44675,294.83,35150,294.85,97933,294.86,72713
1753547163938,16:26:03.938,AAVE/USDT:USDT,294.84,44675,294.83,27914,294.85,97933,294.86,72713
1753547164242,16:26:04.242,AAVE/USDT:USDT,294.84,44675,294.83,27914,294.85,97933,294.86,72604
1753547164737,16:26:04.737,AAVE/USDT:USDT,294.84,44675,294.83,27914,294.85,97933,294.86,72604
1753547164812,16:26:04.812,AAVE/USDT:USDT,294.78,27407,294.77,20694,294.79,22581,294.8,2237
1753547165037,16:26:05.037,AAVE/USDT:USDT,294.78,27407,294.77,20694,294.79,22581,294.8,2237
1753547165440,16:26:05.440,AAVE/USDT:USDT,294.78,27407,294.77,20694,294.79,22581,294.8,2237
1753547165440,16:26:05.440,AAVE/USDT:USDT,294.78,27407,294.77,20694,294.79,22581,294.8,2237
1753547165935,16:26:05.935,AAVE/USDT:USDT,294.78,27407,294.77,20694,294.79,22581,294.8,2237
1753547165935,16:26:05.935,AAVE/USDT:USDT,294.78,27407,294.77,20694,294.79,22581,294.8,2237
1753547166337,16:26:06.337,AAVE/USDT:USDT,294.78,27407,294.77,20694,294.79,22581,294.8,2237
1753547166337,16:26:06.337,AAVE/USDT:USDT,294.78,27407,294.77,20694,294.79,22581,294.8,2237
1753547166641,16:26:06.641,AAVE/USDT:USDT,294.78,27407,294.77,20694,294.79,22581,294.8,2237
1753547167136,16:26:07.136,AAVE/USDT:USDT,294.78,27407,294.77,20694,294.79,22581,294.8,2237
1753547167136,16:26:07.136,AAVE/USDT:USDT,294.78,27407,294.77,21043,294.79,22581,294.8,2237
1753547167539,16:26:07.539,AAVE/USDT:USDT,294.78,27407,294.77,21043,294.79,22581,294.8,2237
1753547167629,16:26:07.629,AAVE/USDT:USDT,294.78,27407,294.77,20694,294.79,22581,294.8,2237
1753547167936,16:26:07.936,AAVE/USDT:USDT,294.78,27610,294.77,20694,294.79,22581,294.8,2237
1753547168336,16:26:08.336,AAVE/USDT:USDT,294.78,27610,294.77,21108,294.79,22581,294.8,2237
1753547168336,16:26:08.336,AAVE/USDT:USDT,294.78,27610,294.77,21108,294.79,22581,294.8,2237
1753547168740,16:26:08.740,AAVE/USDT:USDT,294.78,27610,294.77,20694,294.79,22581,294.8,2237
1753547168740,16:26:08.740,AAVE/USDT:USDT,294.78,27610,294.77,20694,294.79,22581,294.8,2237
1753547169041,16:26:09.041,AAVE/USDT:USDT,294.78,27610,294.77,20694,294.79,22581,294.8,2237
1753547169536,16:26:09.536,AAVE/USDT:USDT,294.78,27610,294.77,20694,294.79,22581,294.8,2237
1753547169536,16:26:09.536,AAVE/USDT:USDT,294.78,27610,294.77,20966,294.79,22581,294.8,2237
1753547169941,16:26:09.941,AAVE/USDT:USDT,294.78,27610,294.77,20966,294.79,22581,294.8,2237
1753547169941,16:26:09.941,AAVE/USDT:USDT,294.78,27610,294.77,20694,294.79,22581,294.8,2237
1753547170246,16:26:10.246,AAVE/USDT:USDT,294.78,27610,294.77,20694,294.79,22581,294.8,2237
1753547170741,16:26:10.741,AAVE/USDT:USDT,294.78,11658,294.77,3655,294.79,5193,294.8,970
1753547170741,16:26:10.741,AAVE/USDT:USDT,294.78,11658,294.77,4912,294.79,5193,294.8,970
1753547171139,16:26:11.139,AAVE/USDT:USDT,294.78,11658,294.77,3655,294.79,5193,294.8,1194
1753547171444,16:26:11.444,AAVE/USDT:USDT,294.78,11658,294.77,3655,294.79,5193,294.8,970
1753547171444,16:26:11.444,AAVE/USDT:USDT,294.78,11658,294.77,3655,294.79,5193,294.8,970
1753547171936,16:26:11.936,AAVE/USDT:USDT,294.78,11658,294.77,3655,294.79,5193,294.8,970
1753547171984,16:26:11.984,AAVE/USDT:USDT,294.78,11658,294.77,3655,294.79,1255,294.8,970
1753547172340,16:26:12.340,AAVE/USDT:USDT,294.78,11658,294.77,3655,294.79,1255,294.8,1408
1753547172340,16:26:12.340,AAVE/USDT:USDT,294.78,11658,294.77,3655,294.79,1255,294.8,1408
1753547172642,16:26:12.642,AAVE/USDT:USDT,294.78,11658,294.77,3655,294.79,1255,294.8,970
1753547173137,16:26:13.137,AAVE/USDT:USDT,294.78,11658,294.77,4220,294.79,1255,294.8,970
1753547173137,16:26:13.137,AAVE/USDT:USDT,294.78,11658,294.77,5851,294.79,1255,294.8,970
1753547173540,16:26:13.540,AAVE/USDT:USDT,294.78,11658,294.77,5286,294.79,1255,294.8,970
1753547173634,16:26:13.634,AAVE/USDT:USDT,294.78,11658,294.77,3655,294.79,1255,294.8,970
1753547173843,16:26:13.843,AAVE/USDT:USDT,294.78,11658,294.77,3655,294.79,1255,294.8,970
1753547174337,16:26:14.337,AAVE/USDT:USDT,294.78,11658,294.77,4733,294.79,1255,294.8,970
1753547174337,16:26:14.337,AAVE/USDT:USDT,294.78,11658,294.77,4733,294.79,1255,294.8,970
1753547174742,16:26:14.742,AAVE/USDT:USDT,294.78,11658,294.77,3655,294.79,1255,294.8,970
1753547174743,16:26:14.743,AAVE/USDT:USDT,294.78,11658,294.77,3655,294.79,1255,294.8,970
1753547175043,16:26:15.043,AAVE/USDT:USDT,294.78,11658,294.77,3655,294.79,1255,294.8,970
1753547175537,16:26:15.537,AAVE/USDT:USDT,294.78,11658,294.77,3655,294.79,1255,294.8,970
1753547175538,16:26:15.538,AAVE/USDT:USDT,294.78,11658,294.77,3655,294.79,1255,294.8,970
1753547175940,16:26:15.940,AAVE/USDT:USDT,294.78,11658,294.77,3655,294.81,617,294.82,7441
1753547175940,16:26:15.940,AAVE/USDT:USDT,294.78,11658,294.77,3655,294.81,617,294.82,7441
1753547176242,16:26:16.242,AAVE/USDT:USDT,294.78,11658,294.77,3655,294.81,140,294.82,7441
1753547176739,16:26:16.739,AAVE/USDT:USDT,294.81,27128,294.8,5111,294.82,577,294.83,6469
1753547176739,16:26:16.739,AAVE/USDT:USDT,294.81,27128,294.8,5111,294.82,577,294.83,6469
1753547177141,16:26:17.141,AAVE/USDT:USDT,294.81,27128,294.8,5111,294.82,577,294.83,10425
1753547177141,16:26:17.141,AAVE/USDT:USDT,294.81,27128,294.8,5111,294.82,577,294.83,10425
1753547177447,16:26:17.447,AAVE/USDT:USDT,294.81,27128,294.8,5111,294.82,577,294.83,6469
1753547177938,16:26:17.938,AAVE/USDT:USDT,294.81,27128,294.8,5111,294.82,577,294.83,6469
1753547177938,16:26:17.938,AAVE/USDT:USDT,294.81,27128,294.8,5111,294.82,577,294.83,6469
1753547178341,16:26:18.341,AAVE/USDT:USDT,294.81,27128,294.8,5111,294.82,577,294.83,7751
1753547178341,16:26:18.341,AAVE/USDT:USDT,294.81,27128,294.8,5111,294.82,577,294.83,7751
1753547178642,16:26:18.642,AAVE/USDT:USDT,294.81,27128,294.8,5111,294.82,577,294.83,6469
1753547179138,16:26:19.138,AAVE/USDT:USDT,294.81,27128,294.8,5111,294.82,577,294.83,6469
1753547179138,16:26:19.138,AAVE/USDT:USDT,294.81,27128,294.8,5111,294.82,577,294.83,6469
1753547179541,16:26:19.541,AAVE/USDT:USDT,294.81,27128,294.8,5111,294.82,577,294.83,6469
1753547179635,16:26:19.635,AAVE/USDT:USDT,294.81,27128,294.8,5111,294.82,577,294.83,6469
1753547179841,16:26:19.841,AAVE/USDT:USDT,294.81,27128,294.8,5111,294.82,577,294.83,6469
1753547180339,16:26:20.339,AAVE/USDT:USDT,294.81,27128,294.8,5111,294.82,577,294.83,6469
1753547180339,16:26:20.339,AAVE/USDT:USDT,294.81,27128,294.8,5111,294.82,577,294.83,6469
1753547180742,16:26:20.742,AAVE/USDT:USDT,294.81,27128,294.8,5111,294.82,577,294.83,6469
1753547180742,16:26:20.742,AAVE/USDT:USDT,294.81,27128,294.8,5111,294.82,577,294.83,6469
1753547181042,16:26:21.042,AAVE/USDT:USDT,294.81,27128,294.8,5111,294.82,577,294.83,6469
1753547181537,16:26:21.537,AAVE/USDT:USDT,294.81,27128,294.8,5111,294.82,577,294.83,6469
1753547181537,16:26:21.537,AAVE/USDT:USDT,294.81,27128,294.8,5111,294.82,577,294.83,6469
1753547181941,16:26:21.941,AAVE/USDT:USDT,294.81,27128,294.8,5111,294.82,577,294.83,7496
1753547181941,16:26:21.941,AAVE/USDT:USDT,294.81,27128,294.8,5111,294.82,577,294.83,7496
