timestamp,time,exchange,symbol,bid1_price,bid1_volume,bid2_price,bid2_volume,ask1_price,ask1_volume,ask2_price,ask2_volume
1753591853095,04:50:53.095,blofin,A/USDT:USDT,0.57555,372.0,0.57551,262.0,0.57564,369.0,0.57566,240.0
1753591854095,04:50:54.095,blofin,A/USDT:USDT,0.57555,374.0,0.57553,222.0,0.57564,3.0,0.57565,367.0
1753591855095,04:50:55.095,blofin,A/USDT:USDT,0.57555,372.0,0.5755,119.0,0.57564,367.0,0.57565,4.0
1753591856096,04:50:56.096,blofin,A/USDT:USDT,0.57556,295.0,0.57552,272.0,0.57564,372.0,0.57566,240.0
1753591857097,04:50:57.097,blofin,A/USDT:USDT,0.57556,116.0,0.57555,513.0,0.57564,320.0,0.57565,2712.0
1753591858099,04:50:58.099,blofin,A/USDT:USDT,0.57556,164.0,0.57554,543.0,0.57561,10.0,0.57563,1045.0
1753591859098,04:50:59.098,blofin,A/USDT:USDT,0.57559,36.0,0.57556,93.0,0.57561,12.0,0.57563,1061.0
1753591859649,04:50:59.649,blofin,A/USDT:USDT,0.57559,36.0,0.57556,93.0,0.57561,11.0,0.57563,1061.0
1753591960294,04:52:40.294,blofin,A/USDT:USDT,0.5758,53.0,0.57578,185.0,0.57561,13.0,0.57565,1639.0
1753591961295,04:52:41.295,blofin,A/USDT:USDT,0.57579,929.0,0.57577,112.0,0.57561,13.0,0.57565,1639.0
1753591962298,04:52:42.298,blofin,A/USDT:USDT,0.57584,3667.0,0.5758,584.0,0.57561,13.0,0.57565,1639.0
1753591963298,04:52:43.298,blofin,A/USDT:USDT,0.57584,3665.0,0.57579,64.0,0.57561,13.0,0.57565,1639.0
1753591964300,04:52:44.300,blofin,A/USDT:USDT,0.57584,3665.0,0.57582,437.0,0.57561,13.0,0.57565,1639.0
1753591965300,04:52:45.300,blofin,A/USDT:USDT,0.57584,3672.0,0.5758,143.0,0.57561,13.0,0.57565,1639.0
1753591966302,04:52:46.302,blofin,A/USDT:USDT,0.57584,3669.0,0.57579,719.0,0.57561,13.0,0.57565,1639.0
1753591967303,04:52:47.303,blofin,A/USDT:USDT,0.57584,3669.0,0.57578,455.0,0.57561,13.0,0.57565,1639.0
1753591968304,04:52:48.304,blofin,A/USDT:USDT,0.57584,3661.0,0.57579,257.0,0.57561,13.0,0.57565,1639.0
1753592055948,04:54:15.948,blofin,A/USDT:USDT,0.57593,337.0,0.57592,266.0,0.57561,13.0,0.57565,1639.0
1753592056947,04:54:16.947,blofin,A/USDT:USDT,0.57593,336.0,0.57588,1272.0,0.57561,13.0,0.57565,1639.0
1753592058251,04:54:18.251,blofin,A/USDT:USDT,0.57593,538.0,0.5759,672.0,0.57561,13.0,0.57565,1639.0
1753592059252,04:54:19.252,blofin,A/USDT:USDT,0.57593,940.0,0.5759,1840.0,0.57561,13.0,0.57565,1639.0
1753592060254,04:54:20.254,blofin,A/USDT:USDT,0.57593,898.0,0.57591,1367.0,0.57561,13.0,0.57565,1639.0
1753592061253,04:54:21.253,blofin,A/USDT:USDT,0.57593,898.0,0.57591,1367.0,0.57561,13.0,0.57565,1639.0
1753592062256,04:54:22.256,blofin,A/USDT:USDT,0.57593,705.0,0.57588,1590.0,0.57561,13.0,0.57565,1639.0
1753592063254,04:54:23.254,blofin,A/USDT:USDT,0.57593,643.0,0.57591,804.0,0.57561,13.0,0.57565,1639.0
1753592064254,04:54:24.254,blofin,A/USDT:USDT,0.57593,643.0,0.5759,661.0,0.57561,13.0,0.57565,1639.0
1753592151326,04:55:51.326,blofin,A/USDT:USDT,0.57593,643.0,0.5759,661.0,0.57558,24.0,0.5756,238.0
1753592152328,04:55:52.328,blofin,A/USDT:USDT,0.57593,643.0,0.5759,661.0,0.57547,2.0,0.57548,1335.0
1753592153328,04:55:53.328,blofin,A/USDT:USDT,0.57593,643.0,0.5759,661.0,0.57547,1194.0,0.57548,4.0
1753592154329,04:55:54.329,blofin,A/USDT:USDT,0.57593,643.0,0.5759,661.0,0.57547,1194.0,0.57548,4.0
1753592155085,04:55:55.085,blofin,A/USDT:USDT,0.57593,643.0,0.5759,661.0,0.57547,1193.0,0.57548,4.0
1753592156088,04:55:56.088,blofin,A/USDT:USDT,0.57593,643.0,0.5759,661.0,0.57547,1249.0,0.57548,274.0
1753592157090,04:55:57.090,blofin,A/USDT:USDT,0.57593,643.0,0.5759,661.0,0.57548,4.0,0.57549,47.0
1753592158090,04:55:58.090,blofin,A/USDT:USDT,0.57593,643.0,0.5759,661.0,0.57548,4.0,0.57551,1.0
1753592158591,04:55:58.591,blofin,A/USDT:USDT,0.57593,643.0,0.5759,661.0,0.57548,4.0,0.57552,58.0
1753592245405,04:57:25.405,blofin,A/USDT:USDT,0.57593,643.0,0.5759,661.0,0.57548,4.0,0.57552,58.0
1753592246408,04:57:26.408,blofin,A/USDT:USDT,0.57593,643.0,0.5759,661.0,0.57548,4.0,0.57552,58.0
1753592247411,04:57:27.411,blofin,A/USDT:USDT,0.57593,643.0,0.5759,661.0,0.57548,4.0,0.57552,58.0
1753592248414,04:57:28.414,blofin,A/USDT:USDT,0.57593,643.0,0.5759,661.0,0.57548,4.0,0.57552,58.0
1753592249410,04:57:29.410,blofin,A/USDT:USDT,0.57593,643.0,0.5759,661.0,0.57548,4.0,0.57552,58.0
1753592250411,04:57:30.411,blofin,A/USDT:USDT,0.57593,643.0,0.5759,661.0,0.57548,4.0,0.57552,58.0
1753592251411,04:57:31.411,blofin,A/USDT:USDT,0.57593,643.0,0.5759,661.0,0.57548,4.0,0.57552,58.0
1753592252413,04:57:32.413,blofin,A/USDT:USDT,0.57593,643.0,0.5759,661.0,0.57548,4.0,0.57552,58.0
1753592253234,04:57:33.234,blofin,A/USDT:USDT,0.57593,643.0,0.5759,661.0,0.57548,4.0,0.57552,58.0
1753592254236,04:57:34.236,blofin,A/USDT:USDT,0.57593,643.0,0.5759,661.0,0.57548,4.0,0.57552,58.0
1753592255236,04:57:35.236,blofin,A/USDT:USDT,0.57593,643.0,0.5759,661.0,0.57548,4.0,0.57552,58.0
1753592256237,04:57:36.237,blofin,A/USDT:USDT,0.57593,643.0,0.5759,661.0,0.57548,4.0,0.57552,58.0
1753592256740,04:57:36.740,blofin,A/USDT:USDT,0.57593,643.0,0.5759,661.0,0.57548,4.0,0.57552,58.0
1753592367447,04:59:27.447,blofin,A/USDT:USDT,0.57593,643.0,0.5759,661.0,0.57548,4.0,0.57552,58.0
1753592368448,04:59:28.448,blofin,A/USDT:USDT,0.57593,643.0,0.5759,661.0,0.57548,4.0,0.57552,58.0
1753592369450,04:59:29.450,blofin,A/USDT:USDT,0.57593,643.0,0.5759,661.0,0.57548,4.0,0.57552,58.0
1753592370450,04:59:30.450,blofin,A/USDT:USDT,0.57593,643.0,0.5759,661.0,0.57548,4.0,0.57552,58.0
1753592370950,04:59:30.950,blofin,A/USDT:USDT,0.57593,643.0,0.5759,661.0,0.57548,4.0,0.57552,58.0
1753592372450,04:59:32.450,blofin,A/USDT:USDT,0.57593,643.0,0.5759,661.0,0.57548,4.0,0.57552,58.0
1753592372956,04:59:32.956,blofin,A/USDT:USDT,0.57593,643.0,0.5759,661.0,0.57548,4.0,0.57552,58.0
1753592374169,04:59:34.169,blofin,A/USDT:USDT,0.57593,643.0,0.5759,661.0,0.57548,4.0,0.57552,58.0
1753592374955,04:59:34.955,blofin,A/USDT:USDT,0.57593,643.0,0.5759,661.0,0.57548,4.0,0.57552,58.0
1753592375956,04:59:35.956,blofin,A/USDT:USDT,0.57593,643.0,0.5759,661.0,0.57548,4.0,0.57552,58.0
1753592376955,04:59:36.955,blofin,A/USDT:USDT,0.57593,643.0,0.5759,661.0,0.57548,4.0,0.57552,58.0
1753592377956,04:59:37.956,blofin,A/USDT:USDT,0.57593,643.0,0.5759,661.0,0.57548,4.0,0.57552,58.0
1753592483623,05:01:23.623,blofin,A/USDT:USDT,0.57604,187.0,0.57599,541.0,0.57548,4.0,0.57552,58.0
1753592484180,05:01:24.180,blofin,A/USDT:USDT,0.57604,185.0,0.57599,541.0,0.57548,4.0,0.57552,58.0
1753592485183,05:01:25.183,blofin,A/USDT:USDT,0.57604,194.0,0.57601,201.0,0.57548,4.0,0.57552,58.0
1753592486184,05:01:26.184,blofin,A/USDT:USDT,0.57604,389.0,0.57601,1072.0,0.57548,4.0,0.57552,58.0
1753592488188,05:01:28.188,blofin,A/USDT:USDT,0.57604,391.0,0.57601,728.0,0.57548,4.0,0.57552,58.0
1753592489189,05:01:29.189,blofin,A/USDT:USDT,0.57604,391.0,0.57601,579.0,0.57548,4.0,0.57552,58.0
1753592490190,05:01:30.190,blofin,A/USDT:USDT,0.57604,388.0,0.576,491.0,0.57548,4.0,0.57552,58.0
1753592491190,05:01:31.190,blofin,A/USDT:USDT,0.57604,982.0,0.57601,464.0,0.57548,4.0,0.57552,58.0
1753592492191,05:01:32.191,blofin,A/USDT:USDT,0.57604,985.0,0.57601,497.0,0.57548,4.0,0.57552,58.0
1753592568816,05:02:48.816,blofin,A/USDT:USDT,0.57604,985.0,0.57601,497.0,0.57548,4.0,0.57552,58.0
1753592569818,05:02:49.818,blofin,A/USDT:USDT,0.57604,985.0,0.57601,497.0,0.57548,4.0,0.57552,58.0
1753592570820,05:02:50.820,blofin,A/USDT:USDT,0.57604,985.0,0.57601,497.0,0.57548,4.0,0.57552,58.0
1753592571820,05:02:51.820,blofin,A/USDT:USDT,0.57604,985.0,0.57601,497.0,0.57548,4.0,0.57552,58.0
1753592572823,05:02:52.823,blofin,A/USDT:USDT,0.57604,985.0,0.57601,497.0,0.57548,4.0,0.57552,58.0
1753592574326,05:02:54.326,blofin,A/USDT:USDT,0.57604,985.0,0.57601,497.0,0.57548,4.0,0.57552,58.0
1753592575327,05:02:55.327,blofin,A/USDT:USDT,0.57604,985.0,0.57601,497.0,0.57548,4.0,0.57552,58.0
1753592576328,05:02:56.328,blofin,A/USDT:USDT,0.57604,985.0,0.57601,497.0,0.57548,4.0,0.57552,58.0
1753592577329,05:02:57.329,blofin,A/USDT:USDT,0.57604,985.0,0.57601,497.0,0.57548,4.0,0.57552,58.0
1753592578330,05:02:58.330,blofin,A/USDT:USDT,0.57604,985.0,0.57601,497.0,0.57548,4.0,0.57552,58.0
1753592579332,05:02:59.332,blofin,A/USDT:USDT,0.57604,985.0,0.57601,497.0,0.57548,4.0,0.57552,58.0
1753592580335,05:03:00.335,blofin,A/USDT:USDT,0.57604,985.0,0.57601,497.0,0.57548,4.0,0.57552,58.0
1753592683987,05:04:43.987,blofin,A/USDT:USDT,0.57604,985.0,0.57601,497.0,0.57548,4.0,0.57552,58.0
1753592684987,05:04:44.987,blofin,A/USDT:USDT,0.57604,985.0,0.57601,497.0,0.57548,4.0,0.57552,58.0
1753592685990,05:04:45.990,blofin,A/USDT:USDT,0.57604,985.0,0.57601,497.0,0.57548,4.0,0.57552,58.0
1753592686990,05:04:46.990,blofin,A/USDT:USDT,0.57604,985.0,0.57601,497.0,0.57548,4.0,0.57552,58.0
1753592687993,05:04:47.993,blofin,A/USDT:USDT,0.57604,985.0,0.57601,497.0,0.57548,4.0,0.57552,58.0
1753592688994,05:04:48.994,blofin,A/USDT:USDT,0.57604,985.0,0.57601,497.0,0.57548,4.0,0.57552,58.0
1753592689996,05:04:49.996,blofin,A/USDT:USDT,0.57604,985.0,0.57601,497.0,0.57548,4.0,0.57552,58.0
1753592690997,05:04:50.997,blofin,A/USDT:USDT,0.57604,985.0,0.57601,497.0,0.57548,4.0,0.57552,58.0
1753592691999,05:04:51.999,blofin,A/USDT:USDT,0.57604,985.0,0.57601,497.0,0.57548,4.0,0.57552,58.0
1753592692800,05:04:52.800,blofin,A/USDT:USDT,0.57604,985.0,0.57601,497.0,0.57548,4.0,0.57552,58.0
1753592693801,05:04:53.801,blofin,A/USDT:USDT,0.57604,985.0,0.57601,497.0,0.57548,4.0,0.57552,58.0
1753592694962,05:04:54.962,blofin,A/USDT:USDT,0.57604,985.0,0.57601,497.0,0.57548,4.0,0.57552,58.0
1753592797885,05:06:37.885,blofin,A/USDT:USDT,0.57604,985.0,0.57601,497.0,0.57548,4.0,0.57552,58.0
1753592798890,05:06:38.890,blofin,A/USDT:USDT,0.57604,985.0,0.57601,497.0,0.57548,4.0,0.57552,58.0
1753592799890,05:06:39.890,blofin,A/USDT:USDT,0.57604,985.0,0.57601,497.0,0.57548,4.0,0.57552,58.0
1753592800889,05:06:40.889,blofin,A/USDT:USDT,0.57604,985.0,0.57601,497.0,0.57548,4.0,0.57552,58.0
1753592801890,05:06:41.890,blofin,A/USDT:USDT,0.57604,985.0,0.57601,497.0,0.57548,4.0,0.57552,58.0
1753592802665,05:06:42.665,blofin,A/USDT:USDT,0.57604,985.0,0.57601,497.0,0.57548,4.0,0.57552,58.0
1753592803667,05:06:43.667,blofin,A/USDT:USDT,0.57604,985.0,0.57601,497.0,0.57548,4.0,0.57552,58.0
1753592805670,05:06:45.670,blofin,A/USDT:USDT,0.57604,985.0,0.57601,497.0,0.57548,4.0,0.57552,58.0
1753592806671,05:06:46.671,blofin,A/USDT:USDT,0.57604,985.0,0.57601,497.0,0.57548,4.0,0.57552,58.0
1753592807671,05:06:47.671,blofin,A/USDT:USDT,0.57604,985.0,0.57601,497.0,0.57548,4.0,0.57552,58.0
1753592808672,05:06:48.672,blofin,A/USDT:USDT,0.57604,985.0,0.57601,497.0,0.57548,4.0,0.57552,58.0
1753592809675,05:06:49.675,blofin,A/USDT:USDT,0.57604,985.0,0.57601,497.0,0.57548,4.0,0.57552,58.0
1753592810177,05:06:50.177,blofin,A/USDT:USDT,0.57604,985.0,0.57601,497.0,0.57548,4.0,0.57552,58.0
1753592811179,05:06:51.179,blofin,A/USDT:USDT,0.57604,985.0,0.57601,497.0,0.57548,4.0,0.57552,58.0
1753592939520,05:08:59.520,blofin,A/USDT:USDT,0.57604,985.0,0.57601,497.0,0.57544,8.0,0.57546,37.0
1753592940363,05:09:00.363,blofin,A/USDT:USDT,0.57604,985.0,0.57601,497.0,0.57542,281.0,0.57544,713.0
1753592941364,05:09:01.364,blofin,A/USDT:USDT,0.57604,985.0,0.57601,497.0,0.57542,281.0,0.57544,437.0
1753592942550,05:09:02.550,blofin,A/USDT:USDT,0.57604,985.0,0.57601,497.0,0.57545,43.0,0.57548,252.0
1753592943367,05:09:03.367,blofin,A/USDT:USDT,0.57604,985.0,0.57601,497.0,0.57545,43.0,0.57549,36.0
1753592944370,05:09:04.370,blofin,A/USDT:USDT,0.57604,985.0,0.57601,497.0,0.57546,43.0,0.57549,25.0
1753592945371,05:09:05.371,blofin,A/USDT:USDT,0.57604,985.0,0.57601,497.0,0.57546,115.0,0.57549,144.0
1753592946374,05:09:06.374,blofin,A/USDT:USDT,0.57604,985.0,0.57601,497.0,0.57545,41.0,0.5755,199.0
1753592947373,05:09:07.373,blofin,A/USDT:USDT,0.57604,985.0,0.57601,497.0,0.57545,48.0,0.57548,20.0
1753593038512,05:10:38.512,blofin,A/USDT:USDT,0.57604,985.0,0.57601,497.0,0.57545,49.0,0.5755,80.0
1753593039512,05:10:39.512,blofin,A/USDT:USDT,0.57604,985.0,0.57601,497.0,0.57545,49.0,0.5755,80.0
1753593040519,05:10:40.519,blofin,A/USDT:USDT,0.57604,985.0,0.57601,497.0,0.57545,49.0,0.5755,80.0
1753593041621,05:10:41.621,blofin,A/USDT:USDT,0.57604,985.0,0.57601,497.0,0.57545,49.0,0.5755,80.0
1753593042520,05:10:42.520,blofin,A/USDT:USDT,0.57604,985.0,0.57601,497.0,0.57545,49.0,0.5755,80.0
1753593043521,05:10:43.521,blofin,A/USDT:USDT,0.57604,985.0,0.57601,497.0,0.57545,49.0,0.5755,80.0
1753593045022,05:10:45.022,blofin,A/USDT:USDT,0.57604,985.0,0.57601,497.0,0.57545,49.0,0.5755,80.0
1753593046084,05:10:46.084,blofin,A/USDT:USDT,0.57604,985.0,0.57601,497.0,0.57545,49.0,0.5755,80.0
1753593132150,05:12:12.150,blofin,A/USDT:USDT,0.57604,985.0,0.57601,497.0,0.57545,49.0,0.5755,80.0
1753593133151,05:12:13.151,blofin,A/USDT:USDT,0.57604,985.0,0.57601,497.0,0.57545,49.0,0.5755,80.0
1753593134151,05:12:14.151,blofin,A/USDT:USDT,0.57604,985.0,0.57601,497.0,0.57545,49.0,0.5755,80.0
1753593135154,05:12:15.154,blofin,A/USDT:USDT,0.57604,985.0,0.57601,497.0,0.57545,49.0,0.5755,80.0
1753593136152,05:12:16.152,blofin,A/USDT:USDT,0.57604,985.0,0.57601,497.0,0.57545,49.0,0.5755,80.0
1753593137154,05:12:17.154,blofin,A/USDT:USDT,0.57604,985.0,0.57601,497.0,0.57545,49.0,0.5755,80.0
1753593138153,05:12:18.153,blofin,A/USDT:USDT,0.57604,985.0,0.57601,497.0,0.57545,49.0,0.5755,80.0
1753593139154,05:12:19.154,blofin,A/USDT:USDT,0.57604,985.0,0.57601,497.0,0.57545,49.0,0.5755,80.0
1753593140155,05:12:20.155,blofin,A/USDT:USDT,0.57604,985.0,0.57601,497.0,0.57545,49.0,0.5755,80.0
1753593141161,05:12:21.161,blofin,A/USDT:USDT,0.57604,985.0,0.57601,497.0,0.57545,49.0,0.5755,80.0
1753593228824,05:13:48.824,blofin,A/USDT:USDT,0.57604,985.0,0.57601,497.0,0.57545,49.0,0.5755,80.0
1753593229324,05:13:49.324,blofin,A/USDT:USDT,0.57604,985.0,0.57601,497.0,0.57545,49.0,0.5755,80.0
1753593230827,05:13:50.827,blofin,A/USDT:USDT,0.57604,985.0,0.57601,497.0,0.57545,49.0,0.5755,80.0
1753593231328,05:13:51.328,blofin,A/USDT:USDT,0.57604,985.0,0.57601,497.0,0.57545,49.0,0.5755,80.0
1753593232332,05:13:52.332,blofin,A/USDT:USDT,0.57604,985.0,0.57601,497.0,0.57545,49.0,0.5755,80.0
1753593233331,05:13:53.331,blofin,A/USDT:USDT,0.57604,985.0,0.57601,497.0,0.57545,49.0,0.5755,80.0
1753593234337,05:13:54.337,blofin,A/USDT:USDT,0.57604,985.0,0.57601,497.0,0.57545,49.0,0.5755,80.0
1753593235333,05:13:55.333,blofin,A/USDT:USDT,0.57604,985.0,0.57601,497.0,0.57545,49.0,0.5755,80.0
1753593236336,05:13:56.336,blofin,A/USDT:USDT,0.57604,985.0,0.57601,497.0,0.57545,49.0,0.5755,80.0
1753593237338,05:13:57.338,blofin,A/USDT:USDT,0.57604,985.0,0.57601,497.0,0.57545,49.0,0.5755,80.0
1753593238340,05:13:58.340,blofin,A/USDT:USDT,0.57604,985.0,0.57601,497.0,0.57545,49.0,0.5755,80.0
1753593239341,05:13:59.341,blofin,A/USDT:USDT,0.57604,985.0,0.57601,497.0,0.57545,49.0,0.5755,80.0
1753593240343,05:14:00.343,blofin,A/USDT:USDT,0.57604,985.0,0.57601,497.0,0.57545,49.0,0.5755,80.0
1753593352019,05:15:52.019,blofin,A/USDT:USDT,0.57604,985.0,0.57601,497.0,0.57545,49.0,0.5755,80.0
1753593353020,05:15:53.020,blofin,A/USDT:USDT,0.57604,985.0,0.57601,497.0,0.57545,49.0,0.5755,80.0
1753593354366,05:15:54.366,blofin,A/USDT:USDT,0.57604,985.0,0.57601,497.0,0.57545,49.0,0.5755,80.0
1753593355367,05:15:55.367,blofin,A/USDT:USDT,0.57604,985.0,0.57601,497.0,0.57545,49.0,0.5755,80.0
1753593356369,05:15:56.369,blofin,A/USDT:USDT,0.57604,985.0,0.57601,497.0,0.57545,49.0,0.5755,80.0
1753593357372,05:15:57.372,blofin,A/USDT:USDT,0.57604,985.0,0.57601,497.0,0.57545,49.0,0.5755,80.0
1753593358369,05:15:58.369,blofin,A/USDT:USDT,0.57604,985.0,0.57601,497.0,0.57545,49.0,0.5755,80.0
1753593359553,05:15:59.553,blofin,A/USDT:USDT,0.57604,985.0,0.57601,497.0,0.57545,49.0,0.5755,80.0
1753593360553,05:16:00.553,blofin,A/USDT:USDT,0.57604,985.0,0.57601,497.0,0.57545,49.0,0.5755,80.0
1753593361558,05:16:01.558,blofin,A/USDT:USDT,0.57604,985.0,0.57601,497.0,0.57545,49.0,0.5755,80.0
1753593362556,05:16:02.556,blofin,A/USDT:USDT,0.57604,985.0,0.57601,497.0,0.57545,49.0,0.5755,80.0
1753593363558,05:16:03.558,blofin,A/USDT:USDT,0.57604,985.0,0.57601,497.0,0.57545,49.0,0.5755,80.0
1753593458723,05:17:38.723,blofin,A/USDT:USDT,0.57614,140.0,0.57608,434.0,0.57545,49.0,0.5755,80.0
1753593459726,05:17:39.726,blofin,A/USDT:USDT,0.57614,139.0,0.57612,272.0,0.57545,49.0,0.5755,80.0
1753593460727,05:17:40.727,blofin,A/USDT:USDT,0.57614,201.0,0.57609,267.0,0.57545,49.0,0.5755,80.0
1753593461728,05:17:41.728,blofin,A/USDT:USDT,0.5762,131.0,0.57617,758.0,0.57545,49.0,0.5755,80.0
1753593462946,05:17:42.946,blofin,A/USDT:USDT,0.57641,87.0,0.5764,3.0,0.57545,49.0,0.5755,80.0
1753593463731,05:17:43.731,blofin,A/USDT:USDT,0.57641,144.0,0.57637,14.0,0.57545,49.0,0.5755,80.0
1753593464733,05:17:44.733,blofin,A/USDT:USDT,0.57642,159.0,0.57639,266.0,0.57545,49.0,0.5755,80.0
1753593465735,05:17:45.735,blofin,A/USDT:USDT,0.57642,209.0,0.57639,293.0,0.57545,49.0,0.5755,80.0
1753593467239,05:17:47.239,blofin,A/USDT:USDT,0.57642,209.0,0.57639,209.0,0.57545,49.0,0.5755,80.0
1753593544544,05:19:04.544,blofin,A/USDT:USDT,0.57654,924.0,0.57651,319.0,0.57545,49.0,0.5755,80.0
1753593545549,05:19:05.549,blofin,A/USDT:USDT,0.57654,925.0,0.57651,118.0,0.57545,49.0,0.5755,80.0
1753593546548,05:19:06.548,blofin,A/USDT:USDT,0.57654,924.0,0.57652,72.0,0.57545,49.0,0.5755,80.0
1753593547561,05:19:07.561,blofin,A/USDT:USDT,0.57654,925.0,0.57652,72.0,0.57545,49.0,0.5755,80.0
1753593548549,05:19:08.549,blofin,A/USDT:USDT,0.57654,926.0,0.57649,219.0,0.57545,49.0,0.5755,80.0
1753593549548,05:19:09.548,blofin,A/USDT:USDT,0.57654,926.0,0.57651,107.0,0.57545,49.0,0.5755,80.0
1753593550872,05:19:10.872,blofin,A/USDT:USDT,0.57654,886.0,0.57649,225.0,0.57545,49.0,0.5755,80.0
1753593551872,05:19:11.872,blofin,A/USDT:USDT,0.57654,886.0,0.5765,273.0,0.57545,49.0,0.5755,80.0
1753593552878,05:19:12.878,blofin,A/USDT:USDT,0.57654,883.0,0.57651,128.0,0.57545,49.0,0.5755,80.0
1753593634005,05:20:34.005,blofin,A/USDT:USDT,0.57654,883.0,0.57651,128.0,0.57545,49.0,0.5755,80.0
1753593635007,05:20:35.007,blofin,A/USDT:USDT,0.57654,883.0,0.57651,128.0,0.57545,49.0,0.5755,80.0
1753593636011,05:20:36.011,blofin,A/USDT:USDT,0.57654,883.0,0.57651,128.0,0.57545,49.0,0.5755,80.0
1753593637078,05:20:37.078,blofin,A/USDT:USDT,0.57654,883.0,0.57651,128.0,0.57545,49.0,0.5755,80.0
1753593638513,05:20:38.513,blofin,A/USDT:USDT,0.57654,883.0,0.57651,128.0,0.57545,49.0,0.5755,80.0
1753593639514,05:20:39.514,blofin,A/USDT:USDT,0.57654,883.0,0.57651,128.0,0.57545,49.0,0.5755,80.0
1753593640517,05:20:40.517,blofin,A/USDT:USDT,0.57654,883.0,0.57651,128.0,0.57545,49.0,0.5755,80.0
1753593641520,05:20:41.520,blofin,A/USDT:USDT,0.57654,883.0,0.57651,128.0,0.57545,49.0,0.5755,80.0
1753593642618,05:20:42.618,blofin,A/USDT:USDT,0.57654,883.0,0.57651,128.0,0.57545,49.0,0.5755,80.0
1753593643619,05:20:43.619,blofin,A/USDT:USDT,0.57654,883.0,0.57651,128.0,0.57545,49.0,0.5755,80.0
1753593644621,05:20:44.621,blofin,A/USDT:USDT,0.57654,883.0,0.57651,128.0,0.57545,49.0,0.5755,80.0
1753593736655,05:22:16.655,blofin,A/USDT:USDT,0.57654,883.0,0.57651,128.0,0.57545,49.0,0.5755,80.0
1753593737656,05:22:17.656,blofin,A/USDT:USDT,0.57654,883.0,0.57651,128.0,0.57545,49.0,0.5755,80.0
1753593738657,05:22:18.657,blofin,A/USDT:USDT,0.57654,883.0,0.57651,128.0,0.57545,49.0,0.5755,80.0
1753593739158,05:22:19.158,blofin,A/USDT:USDT,0.57654,883.0,0.57651,128.0,0.57545,49.0,0.5755,80.0
1753593740159,05:22:20.159,blofin,A/USDT:USDT,0.57654,883.0,0.57651,128.0,0.57545,49.0,0.5755,80.0
1753593741160,05:22:21.160,blofin,A/USDT:USDT,0.57654,883.0,0.57651,128.0,0.57545,49.0,0.5755,80.0
1753593742142,05:22:22.142,blofin,A/USDT:USDT,0.57654,883.0,0.57651,128.0,0.57545,49.0,0.5755,80.0
1753593743163,05:22:23.163,blofin,A/USDT:USDT,0.57654,883.0,0.57651,128.0,0.57545,49.0,0.5755,80.0
1753593744167,05:22:24.167,blofin,A/USDT:USDT,0.57654,883.0,0.57651,128.0,0.57545,49.0,0.5755,80.0
1753593816301,05:23:36.301,blofin,A/USDT:USDT,0.57654,883.0,0.57651,128.0,0.57545,49.0,0.5755,80.0
1753593817762,05:23:37.762,blofin,A/USDT:USDT,0.57654,883.0,0.57651,128.0,0.57545,49.0,0.5755,80.0
1753593818804,05:23:38.804,blofin,A/USDT:USDT,0.57654,883.0,0.57651,128.0,0.57545,49.0,0.5755,80.0
1753593821183,05:23:41.183,blofin,A/USDT:USDT,0.57654,87.0,0.57651,128.0,0.57545,49.0,0.5755,80.0
1753593822362,05:23:42.362,blofin,A/USDT:USDT,0.57653,5.0,0.57651,128.0,0.57545,49.0,0.5755,80.0
1753593823808,05:23:43.808,blofin,A/USDT:USDT,0.57651,128.0,0.57645,389.0,0.57545,49.0,0.5755,80.0
1753593824809,05:23:44.809,blofin,A/USDT:USDT,0.57651,128.0,0.57645,389.0,0.57545,49.0,0.5755,80.0
1753593825813,05:23:45.813,blofin,A/USDT:USDT,0.57651,128.0,0.57645,389.0,0.57545,49.0,0.5755,80.0
1753593826814,05:23:46.814,blofin,A/USDT:USDT,0.57651,128.0,0.57645,389.0,0.57545,49.0,0.5755,80.0
1753593919970,05:25:19.970,blofin,A/USDT:USDT,0.57694,416.0,0.57692,269.0,0.57545,49.0,0.5755,80.0
1753593921087,05:25:21.087,blofin,A/USDT:USDT,0.57698,11.0,0.57697,7.0,0.57545,49.0,0.5755,80.0
1753593921975,05:25:21.975,blofin,A/USDT:USDT,0.57699,214.0,0.57697,7.0,0.57545,49.0,0.5755,80.0
1753593922975,05:25:22.975,blofin,A/USDT:USDT,0.57699,219.0,0.57697,452.0,0.57545,49.0,0.5755,80.0
1753593924584,05:25:24.584,blofin,A/USDT:USDT,0.577,403.0,0.57699,4.0,0.57545,49.0,0.5755,80.0
1753593925480,05:25:25.480,blofin,A/USDT:USDT,0.5771,190.0,0.57708,306.0,0.57545,49.0,0.5755,80.0
1753593926981,05:25:26.981,blofin,A/USDT:USDT,0.5771,97.0,0.57704,264.0,0.57545,49.0,0.5755,80.0
1753593927983,05:25:27.983,blofin,A/USDT:USDT,0.5771,97.0,0.57707,238.0,0.57545,49.0,0.5755,80.0
1753594001887,05:26:41.887,blofin,A/USDT:USDT,0.5771,97.0,0.57707,238.0,0.57545,49.0,0.5755,80.0
1753594002886,05:26:42.886,blofin,A/USDT:USDT,0.5771,97.0,0.57707,238.0,0.57545,49.0,0.5755,80.0
1753594003887,05:26:43.887,blofin,A/USDT:USDT,0.5771,97.0,0.57707,238.0,0.57545,49.0,0.5755,80.0
1753594004887,05:26:44.887,blofin,A/USDT:USDT,0.5771,97.0,0.57707,238.0,0.57545,49.0,0.5755,80.0
1753594006107,05:26:46.107,blofin,A/USDT:USDT,0.5771,97.0,0.57707,238.0,0.57545,49.0,0.5755,80.0
1753594007079,05:26:47.079,blofin,A/USDT:USDT,0.57712,130.0,0.5771,97.0,0.57545,49.0,0.5755,80.0
1753594008104,05:26:48.104,blofin,A/USDT:USDT,0.57712,210.0,0.57711,931.0,0.57545,49.0,0.5755,80.0
1753594009105,05:26:49.105,blofin,A/USDT:USDT,0.57712,210.0,0.5771,97.0,0.57545,49.0,0.5755,80.0
1753594010106,05:26:50.106,blofin,A/USDT:USDT,0.57712,212.0,0.5771,97.0,0.57545,49.0,0.5755,80.0
1753594012610,05:26:52.610,blofin,A/USDT:USDT,0.57729,1041.0,0.57725,342.0,0.57545,49.0,0.5755,80.0
1753594115765,05:28:35.765,blofin,A/USDT:USDT,0.57729,1041.0,0.57725,20.0,0.57545,49.0,0.5755,80.0
1753594116767,05:28:36.767,blofin,A/USDT:USDT,0.57729,1041.0,0.57725,22.0,0.57545,49.0,0.5755,80.0
1753594117270,05:28:37.270,blofin,A/USDT:USDT,0.57729,1041.0,0.57725,22.0,0.57545,49.0,0.5755,80.0
1753594118277,05:28:38.277,blofin,A/USDT:USDT,0.57729,1041.0,0.57725,24.0,0.57545,49.0,0.5755,80.0
1753594119274,05:28:39.274,blofin,A/USDT:USDT,0.57729,1041.0,0.57725,24.0,0.57545,49.0,0.5755,80.0
1753594121277,05:28:41.277,blofin,A/USDT:USDT,0.57729,1041.0,0.57725,28.0,0.57545,49.0,0.5755,80.0
1753594122280,05:28:42.280,blofin,A/USDT:USDT,0.57729,1041.0,0.57725,27.0,0.57545,49.0,0.5755,80.0
1753594123280,05:28:43.280,blofin,A/USDT:USDT,0.57729,1041.0,0.57725,26.0,0.57545,49.0,0.5755,80.0
1753594124282,05:28:44.282,blofin,A/USDT:USDT,0.57729,1041.0,0.57714,23.0,0.57545,49.0,0.5755,80.0
1753594125284,05:28:45.284,blofin,A/USDT:USDT,0.57729,1041.0,0.57714,23.0,0.57545,49.0,0.5755,80.0
1753594219450,05:30:19.450,blofin,A/USDT:USDT,0.57729,1041.0,0.57714,23.0,0.57545,49.0,0.5755,80.0
1753594220452,05:30:20.452,blofin,A/USDT:USDT,0.57729,1041.0,0.57714,23.0,0.57545,49.0,0.5755,80.0
1753594221452,05:30:21.452,blofin,A/USDT:USDT,0.57729,1041.0,0.57714,23.0,0.57545,49.0,0.5755,80.0
1753594222452,05:30:22.452,blofin,A/USDT:USDT,0.57729,1041.0,0.57714,23.0,0.57545,49.0,0.5755,80.0
1753594223455,05:30:23.455,blofin,A/USDT:USDT,0.57729,1041.0,0.57714,23.0,0.57545,49.0,0.5755,80.0
1753594224437,05:30:24.437,blofin,A/USDT:USDT,0.57729,1041.0,0.57714,23.0,0.57545,49.0,0.5755,80.0
1753594225576,05:30:25.576,blofin,A/USDT:USDT,0.57729,1041.0,0.57714,23.0,0.57545,49.0,0.5755,80.0
1753594226460,05:30:26.460,blofin,A/USDT:USDT,0.57729,1041.0,0.57714,23.0,0.57545,49.0,0.5755,80.0
1753594227512,05:30:27.512,blofin,A/USDT:USDT,0.57729,1041.0,0.57714,23.0,0.57545,49.0,0.5755,80.0
1753594313210,05:31:53.210,blofin,A/USDT:USDT,0.57747,55.0,0.5774,14.0,0.57545,49.0,0.5755,80.0
1753594314210,05:31:54.210,blofin,A/USDT:USDT,0.57747,123.0,0.57743,1479.0,0.57545,49.0,0.5755,80.0
1753594315213,05:31:55.213,blofin,A/USDT:USDT,0.57747,537.0,0.57745,1529.0,0.57545,49.0,0.5755,80.0
1753594316215,05:31:56.215,blofin,A/USDT:USDT,0.57747,535.0,0.57743,685.0,0.57545,49.0,0.5755,80.0
1753594318213,05:31:58.213,blofin,A/USDT:USDT,0.57747,607.0,0.57741,606.0,0.57545,49.0,0.5755,80.0
1753594319215,05:31:59.215,blofin,A/USDT:USDT,0.57747,1462.0,0.57741,520.0,0.57545,49.0,0.5755,80.0
1753594320215,05:32:00.215,blofin,A/USDT:USDT,0.57747,3620.0,0.57745,455.0,0.57545,49.0,0.5755,80.0
1753594321216,05:32:01.216,blofin,A/USDT:USDT,0.57747,3621.0,0.57744,21.0,0.57545,49.0,0.5755,80.0
1753594400715,05:33:20.715,blofin,A/USDT:USDT,0.57747,3621.0,0.57744,21.0,0.57545,49.0,0.5755,80.0
1753594401716,05:33:21.716,blofin,A/USDT:USDT,0.57747,3621.0,0.57744,21.0,0.57545,49.0,0.5755,80.0
1753594403719,05:33:23.719,blofin,A/USDT:USDT,0.57747,3621.0,0.57744,21.0,0.57545,49.0,0.5755,80.0
1753594404722,05:33:24.722,blofin,A/USDT:USDT,0.57747,3621.0,0.57744,21.0,0.57545,49.0,0.5755,80.0
1753594405724,05:33:25.724,blofin,A/USDT:USDT,0.57747,3621.0,0.57744,21.0,0.57545,49.0,0.5755,80.0
1753594406723,05:33:26.723,blofin,A/USDT:USDT,0.57747,3621.0,0.57744,21.0,0.57545,49.0,0.5755,80.0
1753594407725,05:33:27.725,blofin,A/USDT:USDT,0.57747,3621.0,0.57744,21.0,0.57545,49.0,0.5755,80.0
1753594408725,05:33:28.725,blofin,A/USDT:USDT,0.57747,3621.0,0.57744,21.0,0.57545,49.0,0.5755,80.0
1753594409727,05:33:29.727,blofin,A/USDT:USDT,0.57747,3621.0,0.57744,87.0,0.57545,49.0,0.5755,80.0
1753594493856,05:34:53.856,blofin,A/USDT:USDT,0.57747,3621.0,0.57744,87.0,0.57545,49.0,0.5755,80.0
1753594494856,05:34:54.856,blofin,A/USDT:USDT,0.57747,3621.0,0.57744,87.0,0.57545,49.0,0.5755,80.0
1753594495858,05:34:55.858,blofin,A/USDT:USDT,0.57747,3621.0,0.57744,87.0,0.57545,49.0,0.5755,80.0
1753594496858,05:34:56.858,blofin,A/USDT:USDT,0.57747,3621.0,0.57744,87.0,0.57545,49.0,0.5755,80.0
1753594497862,05:34:57.862,blofin,A/USDT:USDT,0.57747,3621.0,0.57744,87.0,0.57545,49.0,0.5755,80.0
1753594498864,05:34:58.864,blofin,A/USDT:USDT,0.57747,3621.0,0.57744,87.0,0.57545,49.0,0.5755,80.0
1753594499864,05:34:59.864,blofin,A/USDT:USDT,0.57747,3621.0,0.57744,87.0,0.57545,49.0,0.5755,80.0
1753594500700,05:35:00.700,blofin,A/USDT:USDT,0.57747,3621.0,0.57744,87.0,0.57545,49.0,0.5755,80.0
1753594501354,05:35:01.354,blofin,A/USDT:USDT,0.57747,3621.0,0.57744,87.0,0.57545,49.0,0.5755,80.0
1753594502872,05:35:02.872,blofin,A/USDT:USDT,0.57747,3621.0,0.57744,87.0,0.57545,49.0,0.5755,80.0
1753594503872,05:35:03.872,blofin,A/USDT:USDT,0.57747,3621.0,0.57744,87.0,0.57545,49.0,0.5755,80.0
1753594504873,05:35:04.873,blofin,A/USDT:USDT,0.57747,3621.0,0.57744,87.0,0.57545,49.0,0.5755,80.0
1753594615048,05:36:55.048,blofin,A/USDT:USDT,0.57747,3621.0,0.57744,87.0,0.57545,49.0,0.5755,80.0
1753594616047,05:36:56.047,blofin,A/USDT:USDT,0.57747,3621.0,0.57744,87.0,0.57545,49.0,0.5755,80.0
1753594617051,05:36:57.051,blofin,A/USDT:USDT,0.57747,3621.0,0.57744,87.0,0.57545,49.0,0.5755,80.0
1753594618050,05:36:58.050,blofin,A/USDT:USDT,0.57747,3621.0,0.57744,87.0,0.57545,49.0,0.5755,80.0
1753594619052,05:36:59.052,blofin,A/USDT:USDT,0.57747,3621.0,0.57744,87.0,0.57545,49.0,0.5755,80.0
1753594620054,05:37:00.054,blofin,A/USDT:USDT,0.57747,3621.0,0.57744,87.0,0.57545,49.0,0.5755,80.0
1753594620553,05:37:00.553,blofin,A/USDT:USDT,0.57747,3621.0,0.57744,87.0,0.57545,49.0,0.5755,80.0
1753594622055,05:37:02.055,blofin,A/USDT:USDT,0.57747,3621.0,0.57744,87.0,0.57545,49.0,0.5755,80.0
1753594623058,05:37:03.058,blofin,A/USDT:USDT,0.57747,3621.0,0.57744,87.0,0.57545,49.0,0.5755,80.0
1753594624058,05:37:04.058,blofin,A/USDT:USDT,0.57747,3621.0,0.57744,87.0,0.57545,49.0,0.5755,80.0
1753594625059,05:37:05.059,blofin,A/USDT:USDT,0.57747,3621.0,0.57744,87.0,0.57545,49.0,0.5755,80.0
1753594626061,05:37:06.061,blofin,A/USDT:USDT,0.57747,3621.0,0.57744,87.0,0.57545,49.0,0.5755,80.0
1753594627063,05:37:07.063,blofin,A/USDT:USDT,0.57747,3621.0,0.57744,87.0,0.57545,49.0,0.5755,80.0
1753594720727,05:38:40.727,blofin,A/USDT:USDT,0.57755,167.0,0.57752,128.0,0.57545,49.0,0.5755,80.0
1753594721726,05:38:41.726,blofin,A/USDT:USDT,0.57756,248.0,0.57753,229.0,0.57545,49.0,0.5755,80.0
1753594722727,05:38:42.727,blofin,A/USDT:USDT,0.57756,245.0,0.57751,14.0,0.57545,49.0,0.5755,80.0
1753594723730,05:38:43.730,blofin,A/USDT:USDT,0.57756,246.0,0.57752,116.0,0.57545,49.0,0.5755,80.0
1753594724848,05:38:44.848,blofin,A/USDT:USDT,0.57756,267.0,0.57754,74.0,0.57545,49.0,0.5755,80.0
1753594725731,05:38:45.731,blofin,A/USDT:USDT,0.57756,268.0,0.57755,652.0,0.57545,49.0,0.5755,80.0
1753594726733,05:38:46.733,blofin,A/USDT:USDT,0.57756,265.0,0.57752,658.0,0.57545,49.0,0.5755,80.0
1753594727919,05:38:47.919,blofin,A/USDT:USDT,0.57756,220.0,0.57752,817.0,0.57545,49.0,0.5755,80.0
1753594728957,05:38:48.957,blofin,A/USDT:USDT,0.5776,195.0,0.57759,3.0,0.57545,49.0,0.5755,80.0
1753594808585,05:40:08.585,blofin,A/USDT:USDT,0.57779,241.0,0.57777,239.0,0.57545,49.0,0.5755,80.0
1753594809573,05:40:09.573,blofin,A/USDT:USDT,0.57782,193.0,0.57779,4.0,0.57545,49.0,0.5755,80.0
1753594810572,05:40:10.572,blofin,A/USDT:USDT,0.57794,10.0,0.57789,401.0,0.57545,49.0,0.5755,80.0
1753594811572,05:40:11.572,blofin,A/USDT:USDT,0.57794,10.0,0.57788,72.0,0.57545,49.0,0.5755,80.0
1753594812365,05:40:12.365,blofin,A/USDT:USDT,0.57794,10.0,0.57788,72.0,0.57545,49.0,0.5755,80.0
1753594813364,05:40:13.364,blofin,A/USDT:USDT,0.57794,12.0,0.5779,196.0,0.57545,49.0,0.5755,80.0
1753594814367,05:40:14.367,blofin,A/USDT:USDT,0.57794,15.0,0.57791,183.0,0.57545,49.0,0.5755,80.0
1753594815369,05:40:15.369,blofin,A/USDT:USDT,0.57794,13.0,0.57791,615.0,0.57545,49.0,0.5755,80.0
1753594816371,05:40:16.371,blofin,A/USDT:USDT,0.57794,13.0,0.57789,201.0,0.57545,49.0,0.5755,80.0
1753594817372,05:40:17.372,blofin,A/USDT:USDT,0.57785,76.0,0.57781,73.0,0.57545,49.0,0.5755,80.0
1753594905648,05:41:45.648,blofin,A/USDT:USDT,0.57805,962.0,0.578,996.0,0.57545,49.0,0.5755,80.0
1753594906649,05:41:46.649,blofin,A/USDT:USDT,0.57805,1118.0,0.57803,171.0,0.57545,49.0,0.5755,80.0
1753594907651,05:41:47.651,blofin,A/USDT:USDT,0.57805,1118.0,0.57801,8.0,0.57545,49.0,0.5755,80.0
1753594908657,05:41:48.657,blofin,A/USDT:USDT,0.57805,1117.0,0.57801,8.0,0.57545,49.0,0.5755,80.0
1753594909653,05:41:49.653,blofin,A/USDT:USDT,0.57805,1319.0,0.57799,241.0,0.57545,49.0,0.5755,80.0
1753594910655,05:41:50.655,blofin,A/USDT:USDT,0.57805,1318.0,0.57802,277.0,0.57545,49.0,0.5755,80.0
1753594911658,05:41:51.658,blofin,A/USDT:USDT,0.57805,1319.0,0.578,634.0,0.57545,49.0,0.5755,80.0
1753594912655,05:41:52.655,blofin,A/USDT:USDT,0.57805,3.0,0.57804,269.0,0.57545,49.0,0.5755,80.0
1753594913658,05:41:53.658,blofin,A/USDT:USDT,0.57797,208.0,0.57794,253.0,0.57545,49.0,0.5755,80.0
1753594914755,05:41:54.755,blofin,A/USDT:USDT,0.57792,17.0,0.57789,42.0,0.57545,49.0,0.5755,80.0
1753594915660,05:41:55.660,blofin,A/USDT:USDT,0.57774,32.0,0.57772,42.0,0.57545,49.0,0.5755,80.0
1753594916819,05:41:56.819,blofin,A/USDT:USDT,0.57771,117.0,0.57769,26.0,0.57545,49.0,0.5755,80.0
1753595017676,05:43:37.676,blofin,A/USDT:USDT,0.57808,284.0,0.57805,607.0,0.57545,49.0,0.5755,80.0
1753595018678,05:43:38.678,blofin,A/USDT:USDT,0.57809,270.0,0.57808,130.0,0.57545,49.0,0.5755,80.0
1753595019179,05:43:39.179,blofin,A/USDT:USDT,0.57809,284.0,0.57805,620.0,0.57545,49.0,0.5755,80.0
1753595020447,05:43:40.447,blofin,A/USDT:USDT,0.57809,330.0,0.57804,851.0,0.57545,49.0,0.5755,80.0
1753595021282,05:43:41.282,blofin,A/USDT:USDT,0.57811,218.0,0.57809,4.0,0.57545,49.0,0.5755,80.0
1753595022182,05:43:42.182,blofin,A/USDT:USDT,0.57813,34.0,0.57811,4.0,0.57545,49.0,0.5755,80.0
1753595023186,05:43:43.186,blofin,A/USDT:USDT,0.57813,140.0,0.57811,649.0,0.57545,49.0,0.5755,80.0
1753595024363,05:43:44.363,blofin,A/USDT:USDT,0.57813,2.0,0.57811,82.0,0.57545,49.0,0.5755,80.0
1753595025190,05:43:45.190,blofin,A/USDT:USDT,0.57813,2.0,0.57811,151.0,0.57545,49.0,0.5755,80.0
1753595101314,05:45:01.314,blofin,A/USDT:USDT,0.57813,2.0,0.57811,151.0,0.57545,49.0,0.5755,80.0
1753595102317,05:45:02.317,blofin,A/USDT:USDT,0.57813,2.0,0.57811,151.0,0.57545,49.0,0.5755,80.0
1753595103425,05:45:03.425,blofin,A/USDT:USDT,0.57813,2.0,0.57811,151.0,0.57545,49.0,0.5755,80.0
1753595104508,05:45:04.508,blofin,A/USDT:USDT,0.57813,2.0,0.57811,151.0,0.57545,49.0,0.5755,80.0
1753595105790,05:45:05.790,blofin,A/USDT:USDT,0.57813,2.0,0.57811,151.0,0.57545,49.0,0.5755,80.0
1753595107825,05:45:07.825,blofin,A/USDT:USDT,0.57813,2.0,0.57811,151.0,0.57545,49.0,0.5755,80.0
1753595108937,05:45:08.937,blofin,A/USDT:USDT,0.57813,2.0,0.57811,151.0,0.57545,49.0,0.5755,80.0
1753595109793,05:45:09.793,blofin,A/USDT:USDT,0.57813,2.0,0.57811,151.0,0.57545,49.0,0.5755,80.0
1753595110794,05:45:10.794,blofin,A/USDT:USDT,0.57813,2.0,0.57811,151.0,0.57545,49.0,0.5755,80.0
1753595111798,05:45:11.798,blofin,A/USDT:USDT,0.57813,2.0,0.57811,151.0,0.57545,49.0,0.5755,80.0
1753595112797,05:45:12.797,blofin,A/USDT:USDT,0.57813,2.0,0.57811,151.0,0.57545,49.0,0.5755,80.0
1753595227010,05:47:07.010,blofin,A/USDT:USDT,0.57813,2.0,0.57811,151.0,0.57545,49.0,0.5755,80.0
1753595228513,05:47:08.513,blofin,A/USDT:USDT,0.57813,2.0,0.57811,151.0,0.57545,49.0,0.5755,80.0
1753595229513,05:47:09.513,blofin,A/USDT:USDT,0.57813,2.0,0.57811,151.0,0.57545,49.0,0.5755,80.0
1753595230515,05:47:10.515,blofin,A/USDT:USDT,0.57813,2.0,0.57811,151.0,0.57545,49.0,0.5755,80.0
1753595231581,05:47:11.581,blofin,A/USDT:USDT,0.57813,2.0,0.57811,151.0,0.57545,49.0,0.5755,80.0
1753595232517,05:47:12.517,blofin,A/USDT:USDT,0.57813,2.0,0.57811,151.0,0.57545,49.0,0.5755,80.0
1753595233521,05:47:13.521,blofin,A/USDT:USDT,0.57813,2.0,0.57811,151.0,0.57545,49.0,0.5755,80.0
1753595234523,05:47:14.523,blofin,A/USDT:USDT,0.57813,2.0,0.57811,151.0,0.57545,49.0,0.5755,80.0
1753595235524,05:47:15.524,blofin,A/USDT:USDT,0.57813,2.0,0.57811,151.0,0.57545,49.0,0.5755,80.0
1753595328161,05:48:48.161,blofin,A/USDT:USDT,0.57813,2.0,0.57811,151.0,0.57545,49.0,0.5755,80.0
1753595329166,05:48:49.166,blofin,A/USDT:USDT,0.57813,2.0,0.57811,151.0,0.57545,49.0,0.5755,80.0
1753595330166,05:48:50.166,blofin,A/USDT:USDT,0.57813,2.0,0.57811,151.0,0.57545,49.0,0.5755,80.0
1753595331171,05:48:51.171,blofin,A/USDT:USDT,0.57813,2.0,0.57811,151.0,0.57545,49.0,0.5755,80.0
1753595332170,05:48:52.170,blofin,A/USDT:USDT,0.57813,2.0,0.57811,151.0,0.57545,49.0,0.5755,80.0
1753595333171,05:48:53.171,blofin,A/USDT:USDT,0.57813,2.0,0.57811,151.0,0.57545,49.0,0.5755,80.0
1753595334175,05:48:54.175,blofin,A/USDT:USDT,0.57813,2.0,0.57811,151.0,0.57545,49.0,0.5755,80.0
1753595335175,05:48:55.175,blofin,A/USDT:USDT,0.57813,2.0,0.57811,151.0,0.57545,49.0,0.5755,80.0
1753595336175,05:48:56.175,blofin,A/USDT:USDT,0.57813,2.0,0.57811,151.0,0.57545,49.0,0.5755,80.0
1753595337180,05:48:57.180,blofin,A/USDT:USDT,0.57813,2.0,0.57811,151.0,0.57545,49.0,0.5755,80.0
1753595338180,05:48:58.180,blofin,A/USDT:USDT,0.57813,2.0,0.57811,151.0,0.57545,49.0,0.5755,80.0
1753595339183,05:48:59.183,blofin,A/USDT:USDT,0.57813,2.0,0.57811,151.0,0.57545,49.0,0.5755,80.0
1753595454470,05:50:54.470,blofin,A/USDT:USDT,0.57813,2.0,0.57811,151.0,0.57545,49.0,0.5755,80.0
1753595455351,05:50:55.351,blofin,A/USDT:USDT,0.57813,2.0,0.57811,151.0,0.57545,49.0,0.5755,80.0
1753595456358,05:50:56.358,blofin,A/USDT:USDT,0.57813,2.0,0.57811,151.0,0.57545,49.0,0.5755,80.0
1753595457354,05:50:57.354,blofin,A/USDT:USDT,0.57813,2.0,0.57811,151.0,0.57545,49.0,0.5755,80.0
1753595458348,05:50:58.348,blofin,A/USDT:USDT,0.57813,2.0,0.57811,151.0,0.57545,49.0,0.5755,80.0
1753595459357,05:50:59.357,blofin,A/USDT:USDT,0.57813,2.0,0.57811,151.0,0.57545,49.0,0.5755,80.0
1753595460361,05:51:00.361,blofin,A/USDT:USDT,0.57813,2.0,0.57811,151.0,0.57545,49.0,0.5755,80.0
1753595461361,05:51:01.361,blofin,A/USDT:USDT,0.57813,2.0,0.57811,151.0,0.57545,49.0,0.5755,80.0
1753595462367,05:51:02.367,blofin,A/USDT:USDT,0.57813,2.0,0.57811,151.0,0.57545,49.0,0.5755,80.0
1753595548984,05:52:28.984,blofin,A/USDT:USDT,0.57813,2.0,0.57811,151.0,0.57545,49.0,0.5755,80.0
1753595549986,05:52:29.986,blofin,A/USDT:USDT,0.57813,2.0,0.57811,151.0,0.57545,49.0,0.5755,80.0
1753595550992,05:52:30.992,blofin,A/USDT:USDT,0.57813,2.0,0.57811,151.0,0.57545,49.0,0.5755,80.0
1753595551990,05:52:31.990,blofin,A/USDT:USDT,0.57813,2.0,0.57811,151.0,0.57545,49.0,0.5755,80.0
1753595552990,05:52:32.990,blofin,A/USDT:USDT,0.57813,2.0,0.57811,151.0,0.57545,49.0,0.5755,80.0
1753595553994,05:52:33.994,blofin,A/USDT:USDT,0.57813,2.0,0.57811,151.0,0.57545,49.0,0.5755,80.0
1753595554993,05:52:34.993,blofin,A/USDT:USDT,0.57813,2.0,0.57811,151.0,0.57545,49.0,0.5755,80.0
1753595555995,05:52:35.995,blofin,A/USDT:USDT,0.57813,2.0,0.57811,151.0,0.57545,49.0,0.5755,80.0
1753595556976,05:52:36.976,blofin,A/USDT:USDT,0.57813,2.0,0.57811,151.0,0.57545,49.0,0.5755,80.0
1753595557998,05:52:37.998,blofin,A/USDT:USDT,0.57813,2.0,0.57811,151.0,0.57545,49.0,0.5755,80.0
1753595559004,05:52:39.004,blofin,A/USDT:USDT,0.57813,2.0,0.57811,151.0,0.57545,49.0,0.5755,80.0
1753595652206,05:54:12.206,blofin,A/USDT:USDT,0.57813,2.0,0.57811,151.0,0.57545,49.0,0.5755,80.0
1753595653207,05:54:13.207,blofin,A/USDT:USDT,0.57813,2.0,0.57811,151.0,0.57545,49.0,0.5755,80.0
1753595654208,05:54:14.208,blofin,A/USDT:USDT,0.57813,2.0,0.57811,151.0,0.57545,49.0,0.5755,80.0
1753595655210,05:54:15.210,blofin,A/USDT:USDT,0.57813,2.0,0.57811,151.0,0.57545,49.0,0.5755,80.0
1753595656209,05:54:16.209,blofin,A/USDT:USDT,0.57813,2.0,0.57811,151.0,0.57545,49.0,0.5755,80.0
1753595657208,05:54:17.208,blofin,A/USDT:USDT,0.57813,2.0,0.57811,151.0,0.57545,49.0,0.5755,80.0
1753595658208,05:54:18.208,blofin,A/USDT:USDT,0.57813,2.0,0.57811,151.0,0.57545,49.0,0.5755,80.0
1753595659211,05:54:19.211,blofin,A/USDT:USDT,0.57813,2.0,0.57811,151.0,0.57545,49.0,0.5755,80.0
1753595660210,05:54:20.210,blofin,A/USDT:USDT,0.57813,2.0,0.57811,151.0,0.57545,49.0,0.5755,80.0
1753595661211,05:54:21.211,blofin,A/USDT:USDT,0.57813,2.0,0.57811,151.0,0.57545,49.0,0.5755,80.0
